2002 3342
275 248 480 280 CLXXXIV
613 235 676 270 DE
704 236 1010 271 SCRIPTORVM
1037 237 1159 272 VITIS
1186 238 1247 273 ET
1274 239 1479 274 SCRIPTIS

276 348 379 399 quod
408 362 427 386 a
454 348 594 387 Pisone
622 348 810 387 Censorio
844 350 959 387 etiam
994 351 1295 388 commentarios
1324 350 1369 389 de
1398 351 1515 390 rebus
1546 351 1593 390 ad
1618 353 1811 403 mytholo-

276 415 379 464 giam
408 419 446 453 et
472 413 519 451 ad
546 415 798 464 antiquitates
832 414 1123 464 pertinentibus
1156 417 1392 466 compositos
1425 422 1462 454 et
1489 429 1507 454 a
1535 416 1660 455 Plinio
1693 430 1810 456 usur-

274 485 385 530 patos
422 491 508 517 esse
547 480 711 517 censuit.
751 491 839 517 nam
878 492 940 518 res
977 479 1023 518 ab
1063 479 1127 518 illo
1173 480 1389 519 secundum
1427 481 1611 520 Pisonem
1651 489 1807 522 narrata

274 546 419 594 optime
446 545 487 582 in
509 544 689 582 Censorii
716 545 887 594 primum
913 545 1092 583 annalem
1121 546 1292 584 refertur
1319 552 1357 585 et
1382 547 1434 584 ita
1463 559 1551 585 cum
1574 547 1684 585 Liuio
1708 543 1806 602 (uid.

275 609 361 647 adn.
385 609 443 647 ad.
466 610 510 647 fr.
536 605 622 663 11),
649 610 716 660 qui
744 611 782 648 in
810 609 881 648 hac
909 611 1040 661 operis
1067 611 1128 648 5111
1154 616 1263 661 parte
1289 611 1392 650 haud
1414 624 1502 650 raro
1522 611 1627 650 illius
1649 613 1810 652 annales

274 675 458 726 inspexit,
485 676 669 726 concinit,
694 681 736 713 ut
761 676 932 726 utrique,
960 681 997 713 et
1018 675 1129 714 Liuio
1158 681 1196 714 et
1215 675 1353 726 Plinio,
1381 677 1538 715 eosdem
1565 678 1605 715 in
1627 678 1810 717 manibus

273 740 395 779 fuisse
424 745 730 779 consentaneum
758 742 819 779 sit.
865 739 1032 791 denique
1061 742 1096 779 ei
1124 742 1350 792 scriptores,
1378 754 1544 793 quorum
1573 744 1808 782 testimoniis

274 805 476 844 diuersum
503 805 599 844 illud
627 818 725 857 opus
752 807 921 844 maxime
949 807 1021 844 niti
1044 807 1176 844 uisum
1204 812 1274 857 est,
1298 806 1575 858 Tertullianus,
1601 807 1810 859 Arnobins,

274 871 458 922 Seruius,
496 871 734 921 Macrobius,
774 883 955 921 magnam
990 876 1142 921 partem
1178 873 1453 923 antiquitatum
1491 873 1679 911 scientiae
1716 886 1812 912 suae

277 936 440 975 Varroni
469 936 630 987 debent,
662 936 726 974 1116
753 941 884 975 31116111
911 935 1038 975 tribus
1066 936 1160 974 locis
1188 935 1245 989 (6.
1268 934 1305 975 9.
1327 934 1403 990 41)
1438 950 1500 976 res
1528 937 1667 976 similis
1694 950 1811 989 argu-

276 1004 398 1041 menti
431 1014 472 1040 se
500 1015 545 1041 ex
580 1001 786 1040 annalibus
812 1001 968 1040 Pisonis
1001 1002 1180 1040 hausisse
1207 1003 1291 1053 ipse
1320 1002 1529 1053 indicauit,
1561 1008 1604 1041 ut
1631 1004 1808 1042 omittam

273 1069 553 1119 inscriptiones
581 1066 780 1105 annalium
807 1066 871 1105 uel
897 1067 1151 1106 historiarum
1180 1074 1218 1106 et
1245 1070 1547 1106 commentarios
1574 1070 1808 1119 praesertim

272 1139 361 1184 post
392 1133 481 1171 Iulii
509 1132 686 1171 Caesaris
714 1133 1018 1171 commentarios
1051 1132 1163 1171 facile
1191 1134 1295 1171 inter
1321 1145 1362 1171 se
1389 1134 1606 1184 permutari
1632 1135 1808 1184 potuisse

274 1198 387 1252 (131111
415 1198 437 1237 l.
459 1211 494 1249 p.
517 1207 706 1237 CLXXXV
733 1210 769 1236 n.
792 1195 817 1235 2
845 1197 1000 1236 laudato
1026 1210 1062 1249 p.
1083 1195 1171 1236 430
1191 1194 1260 1251 n.).

362 1264 456 1303 Res
484 1269 613 1302 autem
640 1275 757 1314 quem
779 1262 825 1301 ad
852 1262 1011 1301 modum
1034 1264 1100 1314 qui
1122 1268 1210 1302 ante
1233 1275 1321 1301 eum
1343 1264 1552 1314 scripsere,
1581 1265 1697 1302 etiam
1718 1263 1807 1302 Piso

273 1330 320 1369 ab
348 1331 500 1380 origine
527 1329 638 1367 urbis
666 1324 731 1381 (fr.
754 1325 800 1380 3)
827 1340 952 1379 usque
981 1327 1027 1366 ad
1057 1340 1168 1367 suam
1196 1333 1360 1366 aetatem
1390 1328 1567 1379 deduxit,
1600 1330 1806 1367 minimum

271 1408 397 1447 usque
425 1395 472 1434 ad
508 1408 539 1433 a.
564 1392 658 1433 146.
680 1391 765 1433 608
794 1390 860 1446 (fr.
883 1389 971 1448 39).
1017 1393 1107 1432 libri
1139 1406 1235 1432 uero
1269 1393 1467 1432 annalium
1501 1399 1613 1432 erant
1645 1399 1811 1444 septem,

271 1474 362 1500 nam
396 1473 485 1499 cnm
513 1462 680 1511 septimo
707 1459 807 1498 libro
834 1459 892 1497 M)
915 1458 1052 1510 Lepidi
1074 1459 1113 1498 C.
1134 1459 1274 1510 Popilii
1296 1453 1414 1512 (coss.
1437 1471 1467 1496 a.
1493 1456 1587 1497 158.
1609 1455 1715 1512 596)
1743 1471 1808 1497 res

272 1527 520 1577 tractauerit,
554 1527 620 1576 qui
649 1537 770 1563 3111105
798 1526 1023 1575 superiores
1051 1537 1118 1563 sex
1151 1523 1263 1562 libris
1291 1523 1517 1575 complexus
1545 1529 1666 1575 esset,
1696 1525 1732 1562 ei
1759 1523 1806 1562 ad

273 1592 311 1631 id
339 1591 442 1643 quod
470 1591 643 1630 restabat
670 1591 858 1641 temporis
886 1591 1055 1640 spatium
1083 1601 1204 1628 unum
1232 1588 1376 1627 librum
1398 1590 1492 1627 satis
1520 1589 1641 1628 fuisse
1668 1588 1809 1640 proba-

271 1658 350 1696 bile
378 1663 448 1696 est.
482 1662 597 1708 atque
624 1657 777 1707 primus
805 1654 962 1706 quidem
991 1654 1092 1693 liber
1118 1667 1254 1705 regum
1285 1667 1349 1692 res
1376 1653 1601 1693 continebat
1633 1650 1699 1707 (fr.
1720 1652 1807 1692 4——

274 1720 367 1776 17),
401 1722 510 1773 alter,
545 1723 578 1760 si
612 1727 719 1760 recte
746 1720 971 1759 Lachmann
1007 1719 1052 1758 de
1079 1720 1125 1758 fr.
1150 1717 1202 1759 18
1230 1719 1437 1770 iudicauit,
1471 1719 1517 1758 ab
1550 1731 1687 1770 regum
1716 1720 1807 1770 fuga

271 1790 429 1827 initium
463 1788 572 1838 fecit,
605 1788 644 1825 in
677 1787 794 1825 tertio
821 1785 945 1824 Flauii
979 1785 1156 1823 aedilitas
1184 1784 1333 1823 curulis
1360 1798 1391 1823 a.
1413 1781 1510 1823 305.
1532 1781 1618 1823 449
1650 1790 1807 1823 narrata

271 1860 373 1905 erat,
400 1855 440 1892 in
468 1854 634 1903 septimo
661 1864 725 1890 res
752 1852 844 1890 anni
874 1849 968 1890 146.
992 1848 1088 1890 608.
1128 1850 1214 1889 31115
1242 1851 1472 1901 fragmentis
1499 1849 1590 1888 libri
1616 1862 1807 1889 numerus

272 1932 352 1959 non
379 1924 439 1958 est
463 1918 698 1968 adscriptus,
722 1922 766 1955 ut
792 1929 881 1955 cum
909 1917 1125 1967 fragmenta
1152 1917 1234 1955 suis
1255 1927 1433 1967 quaeque
1460 1915 1571 1954 libris
1599 1914 1807 1966 adsignare

271 1985 476 2035 uellemus,
504 1982 703 2022 interdum
731 1994 895 2033 prorsus
922 1983 1065 2020 incerti
1090 1981 1348 2020 haeserimus.

356 2050 513 2089 Genus
553 2053 682 2086 autem
722 2048 807 2086 61115
852 2046 1101 2086 scribendi
1146 2045 1283 2085 Cicero
1323 2059 1367 2085 eo
1406 2046 1517 2084 Bruti
1556 2045 1658 2097 loco,
1702 2044 1806 2084 unde

274 2117 403 2155 exorsi
436 2127 590 2163 sumus,
625 2112 724 2152 exile
753 2113 850 2151 dixit
876 2112 1060 2163 idemque
1094 2111 1283 2150 iudicium
1312 2123 1400 2149 cum
1429 2110 1475 2149 de
1503 2111 1645 2149 ceteris
1672 2122 1807 2148 rerum

273 2179 533 2232 scriptoribus
573 2177 750 2217 eiusdem
784 2179 922 2216 aetatis
954 2183 1038 2216 tum
1072 2176 1118 2216 de
1151 2177 1293 2215 Pisone
1327 2177 1444 2215 etiam
1477 2175 1563 2214 aliis
1602 2174 1699 2214 locis
1737 2171 1806 2224 <de

272 2247 372 2297 legg,
403 2243 444 2296 1,
466 2243 511 2295 2,
532 2242 570 2282 6.
605 2243 652 2282 de
685 2248 780 2282 orat.
815 2241 858 2294 2,
883 2238 1046 2296 12‚51)
1084 2242 1190 2293 tulit,
1230 2247 1346 2292 atque
1383 2252 1620 2292 quamquam
1653 2252 1724 2291 pro
1762 2252 1806 2278 ea

273 2324 389 2363 quam
422 2310 591 2349 habebat
624 2309 670 2348 de
702 2309 867 2347 historia
895 2309 1132 2347 sententiam
1159 2307 1301 2346 studiis
1327 2306 1536 2345 rhetoricis
1564 2310 1811 2356 occupatam,

273 2377 320 2415 de
347 2377 407 2415 his
434 2376 635 2414 historicis
661 2376 701 2413 in
728 2376 960 2413 uniuersum
994 2374 1128 2424 inique
1158 2374 1306 2411 sentire
1332 2371 1503 2422 uidetur,
1536 2383 1624 2410 cum
1651 2370 1806 2408 Pisonis

272 2448 404 2481 tamen
438 2441 635 2479 annalium
670 2439 843 2478 exilitate
871 2440 1020 2477 faciunt
1047 2444 1085 2477 61
1116 2438 1288 2477 hominis
1314 2438 1498 2476 ieiunitas
1527 2441 1565 2475 et
1593 2437 1677 2486 ipsa
1704 2435 1806 2486 frag·

273 2512 403 2546 menta
431 2518 529 2557 quae
557 2505 603 2544 ad
630 2505 797 2544 uerbum
826 2510 982 2543 seruata
1009 2509 1101 2543 sunt
1128 2499 1195 2556 (cs.
1217 2501 1254 2542 8.
1275 2498 1370 2557 27),
1398 2503 1514 2541 etiam
1537 2500 1686 2539 Gellius
1712 2501 1806 2538 sim·

271 2572 486 2624 plicitatem
518 2572 559 2609 in
593 2572 677 2610 eius
704 2571 879 2609 oratione
910 2582 996 2608 esse
1024 2568 1204 2608 concedit
1231 2565 1297 2621 (fr.
1319 2563 1382 2621 8),
1416 2579 1531 2618 quam
1559 2567 1592 2603 si
1619 2565 1693 2603 alio
1720 2565 1805 2604 loco

273 2633 337 2690 (fr.
359 2633 434 2690 27)
461 2641 669 2675 uenustam
697 2648 784 2674 esse
811 2636 983 2686 scripsit,
1008 2635 1075 2672 uix
1102 2646 1201 2685 opus
1228 2634 1304 2671 erit
1328 2632 1508 2683 peruersi
1533 2630 1639 2669 illius
1666 2631 1806 2670 aetatis

270 2702 409 2741 iudicii
434 2702 663 2740 memoriam
691 2712 890 2748 reuocare,
917 2706 961 2738 ut
986 2700 1099 2738 ssocci
1125 2699 1256 2737 facias.
1288 2699 1420 2748 itaque
1442 2696 1598 2735 Catonis
1624 2696 1805 2746 uestigiis

274 2766 463 2806 incedens
491 2767 585 2805 artis
612 2767 805 2804 oratoriae
832 2766 997 2804 artificia
1025 2769 1064 2803 et
1085 2763 1345 2802 delenimenta
1366 2763 1518 2813 spreuit
1538 2766 1576 2800 et
1594 2762 1804 2799 ueritatem

273 2845 346 2872 nec
379 2844 488 2871 suam
521 2832 605 2882 ipse
638 2843 711 2869 nec
744 2843 878 2869 rerum
911 2836 1109 2881 gestarum
1137 2827 1299 2867 consilio
1332 2828 1523 2866 infucauit
1552 2831 1618 2865 3111
1642 2825 1802 2864 116131111.

363 2897 506 2936 Contra
534 2908 686 2935 summa
713 2908 801 2934 cum
830 2908 941 2934 cura
967 2895 1123 2933 nomina
1151 2899 1190 2932 et
1209 2905 1272 2932 res
1294 2905 1339 2931 ex
1367 2891 1540 2931 fontibus
1563 2891 1711 2930 diuersi
1737 2903 1805 2941 ge·
