2002 3342
318 194 441 223 CXCH
652 179 714 213 DE
743 178 1049 213 SCRIPTORVM
1074 178 1197 214 VITIS
1224 179 1284 213 ET
1314 180 1520 215 SCRIPTIS

315 295 617 342 componentem
646 290 799 328 Pisonis
827 290 986 328 annales
1014 289 1061 328 ad
1087 302 1227 329 manus
1253 290 1438 330 habuisse
1449 287 1501 345 ¹),
1535 305 1849 345 consensumque

316 358 402 395 eius
424 356 489 394 lib.
505 353 572 406 39,
590 354 627 406 6,
644 353 665 393 7
691 350 791 408 (uid.
807 355 893 393 adn.
910 355 956 393 ad
978 355 1023 393 fr.
1040 351 1115 409 34)
1139 368 1227 394 cum
1248 355 1388 394 Pisone
1411 357 1468 395 sic
1489 363 1630 408 ortum,
1651 364 1693 396 ut
1715 358 1851 397 Liuius

314 421 561 460 exscriberet
583 426 783 459 auctorem
805 420 986 471 aliquem,
1009 422 1076 471 qui
1097 421 1278 459 Pisonem
1302 427 1461 460 secutus
1483 428 1577 461 erat.
1611 424 1716 474 optio
1739 423 1852 462 datur

316 487 420 525 inter
441 485 647 524 Claudium
675 491 713 523 et
733 485 942 536 Valerium,
970 485 1208 536 quibuscum
1235 487 1352 524 etiam
1378 487 1419 525 in
1447 486 1546 526 libro
1569 487 1669 526 XXV
1690 484 1848 543 (1632)

314 552 403 591 Piso
432 564 451 589 a
479 551 590 589 Liuio
624 552 871 589 consociatus
905 556 981 601 est,
1018 550 1104 588 aliis
1137 557 1268 589 tamen
1301 551 1396 590 locis
1429 553 1546 590 etiam
1581 565 1670 591 cum
1697 553 1849 592 Valerio

313 617 409 667 solo,
429 623 470 655 ut
489 629 561 667 per
581 616 686 655 hunc
707 617 791 654 eius
812 615 1040 655 admiranda
1055 615 1178 655 Plinio
1200 617 1418 655 innotuisse
1441 630 1623 656 censeam
1645 615 1850 667 (Muenzer

320 683 547 728 (mellenlcr.
569 694 603 733 p.
626 679 708 720 ‘211
727 678 844 734 sqq).

405 747 553 785 Similis
586 748 706 797 igitur
739 748 836 785 ratio
870 746 981 786 Liuio
1016 752 1054 784 et
1085 746 1269 798 Dionysio
1303 759 1392 786 cum
1425 746 1566 786 Pisone
1600 749 1848 788 intercedere

312 811 483 851 uidetur.
536 824 624 850 nam
657 811 813 862 uulgari
846 814 931 851 eius
959 813 1191 850 auctoritate
1218 813 1315 850 moti
1341 811 1386 850 ab
1414 813 1526 851 initio
1554 813 1733 852 historici
1760 826 1847 854 esse

312 877 604 916 existumabant
624 889 714 915 eum
736 876 782 914 ad
803 890 941 915 manus
962 876 1119 916 habere.
1149 878 1335 916 ieiunitas
1356 882 1486 916 tamen
1508 879 1592 916 eius
1614 884 1653 917 et
1673 878 1848 918 breuitas

310 943 544 994 primarium
573 942 702 980 locum
733 943 769 980 ei
796 941 997 980 inuidebat
1021 948 1059 980 et
1086 943 1124 980 in
1147 942 1364 981 secundum
1386 942 1586 994 reiciebat,
1613 949 1721 982 uteo
1743 956 1848 982 com-

310 1013 447 1059 parato
476 1007 531 1045 illi
557 1013 754 1045 texturam
781 1019 892 1045 suam
920 1009 1166 1058 corrigerent
1193 1013 1259 1046 aut
1285 1007 1515 1058 supplerent
1535 1014 1600 1047 aut
1622 1008 1846 1059 diligentiae

310 1085 404 1111 suae
438 1072 627 1111 indicium
662 1071 836 1111 ederent.
886 1077 970 1111 tum
1004 1072 1328 1123 relanguescente
1362 1085 1479 1124 opera
1504 1073 1691 1124 paulatim
1718 1076 1847 1113 rarius

310 1150 401 1177 eum
428 1139 468 1176 in
495 1150 610 1176 usum
637 1137 833 1176 uocabant
860 1144 924 1176 aut
953 1151 1018 1177 eos
1047 1144 1227 1177 auctores
1254 1151 1351 1189 quos
1379 1145 1660 1190 sequerentur,
1696 1151 1741 1178 eo
1767 1141 1845 1178 iam

308 1216 403 1242 usos
436 1215 522 1242 esse
556 1204 651 1241 satis
679 1215 766 1241 6556
802 1203 1014 1253 ducebant,
1042 1203 1200 1242 tandem
1234 1203 1391 1242 aliunde
1425 1203 1622 1242 adssuente
1655 1206 1843 1243 materiae

307 1268 489 1307 ubertate
511 1280 601 1307 eum
622 1269 781 1306 omniuo
803 1274 1076 1319 seposuerunt.
1108 1268 1209 1319 apud
1224 1274 1436 1320 utrumque
1454 1275 1560 1308 certe
1576 1271 1661 1308 eius
1676 1271 1845 1320 uestigia

308 1335 349 1372 in
375 1335 501 1385 prima
528 1333 695 1385 pentade
730 1334 1053 1385 frequentissima
1086 1340 1194 1384 sunt,
1230 1333 1321 1372 inde
1354 1334 1596 1385 longioribus
1624 1335 1844 1373 interuallis

308 1398 492 1437 distantia
521 1405 560 1437 et
587 1400 699 1450 quasi
727 1395 941 1452 fortuitass)

397 1464 575 1514 Vltimus,
602 1465 636 1502 si
663 1465 748 1502 eius
774 1463 909 1503 uerbis
937 1464 1055 1503 fidem
1081 1463 1214 1514 babes,
1241 1464 1395 1502 Pisonis
1419 1464 1579 1503 annales
1600 1466 1639 1503 in
1661 1464 1842 1504 manibus

306 1529 443 1568 habuit
471 1528 672 1580 Gellius,
700 1531 768 1581 qui
796 1531 913 1568 etiam
940 1531 1025 1568 eius
1053 1531 1137 1581 ipsa
1164 1529 1285 1568 uerba
1312 1529 1503 1568 librorum
1532 1531 1710 1568 numeris
1733 1525 1778 1583 (1.
1796 1530 1841 1570 II.

305 1591 376 1649 ΙΙΙ)
405 1594 615 1646 adscriptis
643 1596 817 1634 seruauit
847 1591 913 1648 (fr.
936 1593 974 1634 8.
1000 1593 1063 1634 19.
1087 1593 1174 1648 Ξῖ).
1207 1600 1296 1646 post
1322 1607 1411 1633 eum
1439 1608 1648 1646 euanuere,
1675 1608 1765 1634 nam
1792 1609 1841 1634 ne

305 1659 495 1698 Hadriani
528 1660 687 1711 quidem
714 1661 1081 1712 Antoninorumque
1116 1666 1240 1699 aetate
1273 1662 1313 1698 in
1348 1662 1404 1699 eis
1438 1660 1550 1699 libris
1585 1661 1759 1712 fuerant,
1796 1674 1842 1700 ex

304 1725 449 1776 quibus
477 1727 724 1776 grammatici
751 1732 913 1777 propter
938 1732 1139 1765 uetustum
1167 1725 1322 1764 dicendi
1344 1738 1467 1776 genus
1490 1726 1703 1777 singularia
1724 1738 1841 1777 quae-

304 1790 395 1829 dam
422 1797 606 1830 notarent
633 1791 967 1842 inferioribusque
997 1791 1266 1842 exemplorum
1299 1792 1502 1829 materiam
1532 1791 1840 1842 suppeditarent.

304 1856 411 1895 solus
438 1857 719 1895 Priscianus
751 1858 788 1895 in
818 1856 917 1895 libro
947 1856 1097 1895 decimo
1127 1856 1201 1895 duo
1229 1857 1446 1906 fragmenta
1472 1856 1625 1894 Pisonis
1653 1854 1740 1910 (17.
1765 1854 1838 1911 13)

303 1933 350 1960 ex
377 1921 442 1960 lib.
465 1922 479 1960 I
508 1927 546 1960 et
572 1922 605 1960 II
632 1924 848 1973 proposuit.
1206 1920 1213 1927 ⁸

401 2039 433 2081 1)
459 2037 650 2072 Hactenus
680 2036 805 2081 Vnger
837 2036 888 2081 (111
921 2035 1052 2070 Ρ111101.
1081 2035 1203 2081 suppl.
1229 2035 1279 2070 III
1310 2048 1344 2080 p.
1376 2041 1440 2070 158
1457 2037 1549 2080 sqq.)
1576 2047 1721 2070 mecum
1754 2047 1838 2071 con-

302 2090 426 2132 sentit,
454 2090 599 2124 Liuium
625 2092 752 2124 tamen
779 2090 930 2124 crimine
954 2090 1214 2135 neglegentiae
1234 2089 1419 2133 liberauit,
1446 2090 1521 2124 uid.
1543 2090 1627 2125 adn.
1649 2090 1696 2124 ad
1716 2090 1760 2124 fr.
1784 2095 1836 2124 11.

398 2146 432 2187 2)
459 2143 613 2178 Nitzseh
637 2145 867 2183 (Αήνιαῖἰεὲἱῖῑ
892 2155 927 2187 p.
950 2147 1017 2178 333
1033 2155 1112 2187 sqq.
1140 2147 1207 2177 337
1223 2144 1289 2187 sq.)
1317 2143 1465 2177 omnino
1486 2143 1657 2178 Pisonem
1684 2154 1705 2177 a
1732 2143 1838 2178 Liuio

300 2197 382 2241 ipso
410 2197 622 2231 adhibitum
649 2208 727 2231 esse
754 2197 908 2241 negauit
933 2199 1063 2241 atque,
1095 2197 1160 2231 ubi
1187 2197 1441 2239 consentiunt,
1471 2196 1627 2231 Fabium
1654 2197 1838 2231 Pictorem

302 2252 340 2284 et
366 2260 387 2283 a
414 2249 546 2285 Pisone
573 2251 610 2284 et
636 2262 657 2283 a
684 2250 787 2284 Liuio
823 2250 1049 2294 exscriptum
1076 2261 1154 2285 esse
1187 2250 1359 2294 opinatus
1388 2252 1455 2284 est.
1500 2250 1611 2284 latius
1645 2250 1721 2284 eius
1748 2261 1836 2284 usus

302 2303 379 2337 siue
401 2303 516 2347 ipsius
537 2303 615 2338 siue
635 2314 701 2348 per
722 2303 838 2337 alium
860 2304 960 2348 apud
976 2303 1122 2337 Liuium
1137 2303 1301 2338 Soitauio
1323 2305 1450 2348 patere
1470 2303 1629 2346 uidetur,
1650 2303 1715 2347 qui
1734 2305 1837 2347 post-

299 2367 414 2400 quam
440 2357 477 2390 111
497 2357 692 2401 philologo
714 2357 776 2390 LII
797 2369 831 2401 p.
854 2360 920 2390 676
937 2369 1015 2401 sqq.
1043 2357 1106 2390 LV
1126 2369 1160 2401 p.
1183 2361 1250 2391 273
1266 2368 1344 2401 sqq.
1373 2357 1452 2390 LVI
1471 2369 1506 2401 p.
1530 2361 1596 2391 123
1612 2368 1689 2400 sqq.
1727 2356 1772 2390 de
1794 2367 1835 2390 eo

301 2409 526 2454 disputauit,
562 2410 654 2444 haec
680 2411 716 2444 in
743 2410 838 2444 libro
866 2421 930 2445 suo
959 2411 1004 2445 de
1030 2410 1134 2444 Liuio
1164 2410 1301 2454 scripto
1328 2410 1610 2454 comprehendit
1637 2414 1722 2454 (uno
1751 2421 1834 2444 con-

299 2465 430 2507 spectu
445 2475 479 2507 p.
494 2467 561 2498 206
572 2468 650 2508 sq).
679 2466 808 2498 contra
823 2474 906 2498 eum
921 2464 1106 2507 quaedam
1121 2464 1265 2498 monuit
1278 2463 1528 2498 Luterbacher
1542 2464 1580 2497 111
1593 2462 1726 2498 Ρ111101.
1739 2463 1836 2496 LVII

298 2529 335 2561 p.
351 2519 418 2550 510
431 2529 484 2560 sq.
503 2538 543 2542 —
559 2517 711 2551 Frustra
725 2517 883 2551 Triemel
899 2518 935 2551 in
951 2517 1182 2551 Fleckeiseni
1196 2517 1318 2551 annal.
1336 2521 1402 2551 139
1417 2529 1451 2561 p.
1468 2520 1666 2558 345—354‚
1687 2515 1835 2550 Klimke

300 2571 387 2613 (Die
409 2571 572 2605 aeltesten
599 2571 743 2615 (mellan
765 2582 832 2605 azer
855 2571 978 2605 Gesch.
999 2571 1062 2605 der
1078 2571 1260 2605 Gracchen
1290 2570 1560 2615 Koenigsht’itte
1580 2570 1706 2614 Progr.
1730 2571 1836 2613 1886)

298 2623 437 2666 aliique
466 2623 512 2657 ab
539 2635 581 2658 eo
610 2624 854 2658 Diodorum
879 2624 1040 2668 pendere
1068 2635 1249 2668 exponere
1277 2623 1401 2658 conati
1428 2624 1524 2658 sunt.
1563 2622 1835 2668 redarguerunt

298 2687 361 2710 605
395 2676 434 2710 Ε.
462 2677 589 2720 Meyer
621 2680 725 2721 (mus.
753 2677 822 2711 Rh.
851 2680 893 2710 37
926 2689 961 2721 p.
984 2681 1051 2711 610
1067 2679 1178 2721 sqq),
1218 2677 1349 2711 Busolt
1385 2675 1578 2721 (Fleckeis.
1613 2687 1696 2710 ann.
1725 2675 1833 2710 CXLI

297 2742 333 2774 p.
357 2733 422 2764 321
440 2732 544 2775 sqq),
572 2731 695 2765 Bader
721 2732 792 2775 (De
812 2731 972 2766 Diodori
997 2731 1207 2766 (unctoribus
1232 2743 1267 2775 p.
1290 2731 1454 2774 29—32).
1492 2741 1538 2763 ne
1558 2729 1596 2763 in
1616 2730 1660 2763 fr.
1681 2733 1725 2763 23
1752 2729 1831 2772 qui-

298 2784 383 2817 dem
409 2784 498 2828 (uid.
521 2784 618 2828 adn.)
647 2795 846 2818 consensus
873 2784 1026 2818 Diodori
1052 2795 1134 2818 cum
1160 2783 1292 2818 Pisone
1319 2785 1436 2817 certus
1463 2784 1529 2817 est.
1553 2804 1595 2807 —
1617 2782 1670 2816 De
1691 2781 1832 2816 Valerii

298 2836 453 2871 Maximi
478 2849 545 2871 usu
572 2839 724 2882 propter
750 2838 793 2871 fr.
816 2841 856 2871 31
887 2837 973 2881 (uid.
996 2837 1093 2881 adn.)
1121 2847 1228 2871 nemo
1256 2837 1447 2881 cogitauit.
