2002 3342
288 216 342 256 14
925 214 1185 256 RELIQVIAE

288 325 599 377 κελευόμενον,
637 321 766 377 ἀπῄει
800 330 972 377 πρῶτος
1003 324 1064 372 εἰς
1101 324 1181 376 τὴν
1212 323 1354 364 πόλιν.
1398 323 1439 363 οἱ
1473 320 1521 364 δὲ
1551 323 1631 364 τὸν
1658 321 1821 377 Ῥῶμον

288 389 470 442 ἄγοντες
509 388 657 440 ἐπειδὴ
697 387 965 442 κατέστησαν
1004 386 1074 429 ἐπὶ
1112 388 1189 429 τὸν
1228 386 1430 440 βασιλεά,
1475 388 1551 437 τάς
1587 403 1633 429 τε
1670 388 1821 442 ὕβρεις

288 452 470 502 ἁπάσας,
497 453 601 502 ὅσας
626 450 739 506 ἦσαν
759 452 1020 507 ὑβρισμένοι
1041 453 1126 494 ὑπὸ
1153 459 1242 493 τῶν
1268 454 1519 506 μειρακίων,
1546 454 1821 507 κατηγόρουν

287 517 359 559 καὶ
392 519 494 567 τοὺς
526 520 793 572 τραυματίας
826 525 952 571 σφῶν
979 517 1316 570 ἐπεδείκνυσαν,
1343 519 1552 571 τιμωρίας
1578 519 1615 559 εἰ
1641 519 1698 571 μὴ
1724 519 1819 559 τεύ-

286 585 435 633 ξονται
477 585 758 632 καταλείψειν
801 582 1093 637 προλέγοντες
1136 583 1188 623 τὰ
1232 583 1496 636 βουφόρβια.
1540 581 1733 635 Ἀμόλιος
1772 580 1819 624 δὲ

286 656 378 697 τοῖς
411 648 615 702 χωρίταις
646 649 755 689 κατὰ
785 651 959 702 πλῆθος
990 647 1232 701 ἐληλυθόσι
1264 649 1521 702 χαρίζεσθαι
1551 649 1823 701 βουλόμενος

285 714 357 755 καὶ
383 718 442 770 τῷ
469 712 689 768 Νεμέτορι
715 714 888 769 (παρὼν
914 714 997 767 γὰρ
1025 711 1234 767 ἐτύγχανε
1261 720 1608 766 συναγανακτῶν
1632 721 1724 762 τοῖς
1747 727 1821 754 πε-

288 776 458 833 λάταις)
485 779 666 833 εἰρήνην
691 794 736 820 τε
763 778 847 819 ἀνά
873 779 954 832 τὴν
981 779 1128 832 χώραν
1154 778 1360 819 σπεύδων
1392 772 1504 818 εἶναι
1537 777 1608 818 καὶ
1638 778 1724 830 ἅμα
1749 778 1821 819 καὶ

286 845 334 885 τὸ
362 844 559 892 αὔθαδες
584 849 663 884 τοῦ
690 844 934 897 μειρακίου,
961 843 1017 892 ὡς
1044 842 1377 896 ἀκατάπληκτον
1397 839 1453 895 ἧν
1473 841 1522 884 ἐν
1541 849 1633 892 τοῖς
1660 844 1819 896 λόγοις,

286 907 343 950 δι’
375 909 568 958 ὑποψίας
595 909 831 961 λαμβάνων
858 910 1199 962 καταψηφίζεται
1225 909 1306 961 τὴν
1332 909 1477 961 δίκην·
1515 914 1591 961 τῆς
1618 908 1666 950 δὲ
1692 923 1816 963 τιμω-

286 977 383 1029 ριάς
408 975 487 1015 τὸν
512 973 741 1027 Νεμέτορα
767 981 885 1015 ποιεῖ
909 974 1068 1027 κύριον
1094 974 1251 1025 εἰπών,
1286 973 1343 1022 ὡς
1369 977 1429 1029 τῷ
1457 973 1670 1027 δράσαντι
1697 974 1821 1014 δεινὰ

285 1039 334 1079 τὸ
362 1038 628 1080 ἀντιπαθεῖν
654 1038 706 1080 οὐ
733 1040 842 1092 πρὸς
871 1039 1007 1080 ἄλλου
1039 1039 1160 1087 τινὸς
1192 1041 1361 1090 μᾶλλον
1387 1037 1411 1091 η’
1439 1044 1517 1079 τοῦ
1544 1039 1821 1086 πεπονθότος

287 1104 523 1157 ὀφείλεται.
568 1102 616 1145 ἐν
642 1103 729 1160 ὅσῳ
757 1102 798 1144 δ’
830 1103 852 1145 ὁ
875 1102 1034 1158 Ῥῶμος
1059 1103 1146 1145 ὑπὸ
1172 1110 1261 1144 τῶν
1287 1109 1366 1144 τοῦ
1387 1102 1638 1157 Νεμέτορος
1663 1105 1820 1157 βουκό-

287 1172 377 1210 λων
402 1170 530 1222 ἤγετο
559 1168 791 1222 δεδεμένος
816 1184 860 1209 τε
887 1168 1026 1210 ὀπίσω
1052 1169 1111 1209 τὼ
1140 1175 1255 1223 χεῖρε
1280 1168 1353 1209 καὶ
1378 1168 1487 1222 πρὸς
1512 1176 1601 1209 τῶν
1621 1167 1822 1221 ἀγόντων

286 1233 726 1288 ἐπικερτομούμενος,
759 1233 1025 1275 ἀκολουθῶν
1051 1233 1074 1275 ὁ
1102 1233 1310 1286 Νεμέτωρ
1339 1239 1418 1274 τοῦ
1445 1248 1490 1274 τε
1518 1234 1716 1285 σώματος
1741 1233 1822 1286 τὴν

286 1298 553 1353 εὐπρέπειαν
579 1298 906 1353 ἀπεθαύμαζεν,
945 1299 1003 1348 ὡς
1029 1300 1143 1340 πολὺ
1169 1299 1217 1340 τὸ
1245 1298 1475 1352 βασιλικὸν
1500 1295 1606 1353 εἶχε,
1645 1297 1716 1339 καὶ
1742 1304 1821 1339 τοῦ

287 1365 568 1418 φρονήματος
599 1363 681 1417 τὴν
713 1363 940 1416 εὐγένειαν
973 1362 1251 1418 ἐνεθυμεῖτο,
1286 1363 1342 1416 ἣν
1373 1361 1445 1404 καὶ
1476 1364 1594 1417 παρὰ
1619 1364 1671 1404 τὰ
1698 1363 1822 1404 δεινὰ

286 1428 511 1479 διέσωσεν,
539 1429 590 1470 οὐ
617 1429 728 1480 πρὸς
755 1425 905 1470 οἶκτον
931 1428 1036 1470 οὐδὲ
1063 1430 1329 1482 λιπαρήσεις,
1358 1427 1415 1477 ὡς
1441 1429 1629 1477 ἅπαντες
1654 1427 1703 1470 ἐν
1728 1435 1823 1477 ταῖς

285 1495 481 1536 τοιαῖσδε
506 1500 685 1535 ποιοῦσι
713 1496 877 1548 τύχαις,
904 1495 1192 1546 τραπόμενος,
1219 1492 1328 1534 ἀλλὰ
1357 1495 1441 1535 σὺν
1461 1494 1659 1550 εὐκόσμῳ
1680 1499 1821 1548 σιωπῇ

285 1560 394 1613 πρὸς
419 1560 497 1600 τὸν
523 1560 664 1613 μόρον
691 1559 843 1600 ἀπιών.
890 1560 948 1608 ὡς
975 1556 1012 1600 δ’
1046 1560 1107 1607 εἰς
1137 1559 1218 1612 τὴν
1251 1559 1397 1599 οἰκίαν
1423 1557 1659 1612 ἀφίκοντο,
1695 1573 1820 1612 μετα-

287 1631 441 1679 στῆναι
467 1626 571 1673 τοὺς
598 1624 758 1673 ἄλλους
784 1625 993 1673 κελεύσας
1018 1623 1281 1676 μονωθέντα
1305 1625 1384 1665 τὸν
1404 1621 1569 1676 Ῥῶμον
1594 1624 1738 1677 ἤρετο,
1759 1625 1823 1672 τίς

286 1690 351 1743 εἴη
378 1688 449 1730 καὶ
476 1691 629 1741 τίνων,
663 1690 721 1738 ὡς
747 1690 828 1730 οὐκ
854 1688 908 1730 ἂν
935 1689 982 1730 ἐκ
1011 1697 1100 1730 τῶν
1125 1690 1353 1743 τυχόντων
1378 1704 1426 1742 γε
1453 1689 1593 1742 ἄνδρα
1618 1695 1822 1730 τοιοῦτον

287 1756 538 1808 γενόμενον.
589 1756 790 1803 εἰπόντος
829 1754 877 1795 δὲ
915 1760 993 1795 τοῦ
1021 1752 1187 1808 Ῥώμου
1227 1759 1443 1795 τοσοῦτον
1481 1753 1644 1795 εἰδέναι
1682 1755 1822 1808 μόνον

285 1821 393 1861 κατὰ
419 1820 581 1861 πύστιν
606 1826 684 1861 τοῦ
711 1820 971 1874 τρέφοντος,
1009 1820 1075 1861 ὅτι
1108 1821 1192 1860 σὺν
1219 1819 1396 1876 ἀδελφῷ
1424 1820 1594 1875 διδύμῳ
1623 1817 1820 1873 ἐκτεθείη

286 1969 421 2028 γένοιτ’
452 1985 500 2006 αν
534 1970 619 2010 ἴσως
651 1970 802 2012 ’ὕστερον
835 1972 909 2016 [sce
937 1972 1049 2006 laice.
1077 1970 1229 2014 ύστερον
1256 1971 1340 2010 ἰσως
1366 1971 1491 2016 ιιιιῐ].]
1521 1971 1693 2016 ανωφελῆ
1726 1985 1820 2015 γνω-

285 2019 443 2062 ρίσματα
474 2024 550 2058 τοῖς
580 2024 751 2053 τοκεῦσιν
790 2018 893 2062 ἡμῶν
926 2018 1191 2062 ἀπολομένων.
1239 2018 1257 2052 ὁ
1291 2018 1358 2062 μὲν
1391 2022 1459 2053 οὐν
1493 2019 1678 2062 Νομήτωρ
1709 2018 1748 2052 ἔκ
1780 2031 1818 2053 τε

284 2073 358 2101 τῶν
383 2065 501 2111 λόγων
526 2066 665 2101 τούτων
693 2066 756 2100 καὶ
782 2064 875 2110 πρὸς
898 2066 967 2110 τὴν
987 2065 1078 2110 ὄψιν
1099 2065 1254 2107 εικάζων
1274 2064 1339 2100 τὸν
1358 2064 1493 2111 χρόνον
1515 2066 1582 2101 οὐκ
1603 2066 1733 2110 ἔφευγε
1753 2065 1821 2109 τὴν

286 2112 417 2148 ἐλπιδα
444 2112 657 2155 σαίνουσαν,
685 2112 761 2147 ἀλλ’
787 2111 1010 2158 ἐφρόντιζεν,
1038 2113 1136 2153 ὅπως
1161 2127 1204 2159 τῃ
1230 2114 1393 2158 θυγατρὶ
1418 2113 1502 2156 περὶ
1527 2113 1668 2148 τούτων
1693 2113 1820 2157 κρύφα

286 2159 551 2206 συγγενόμενος
577 2161 769 2205 φράσειεν·
798 2162 1015 2205 ἐφρουρεῖτο
1042 2161 1112 2205 γὰρ
1140 2161 1192 2195 ἔτι
1217 2166 1411 2204 καρτερῶς.
1458 2164 1500 2203 (c.
1523 2164 1562 2198 ὃ)
1586 2159 1626 2195 O
1652 2159 1692 2195 δε
1721 2162 1819 2194 Φαυ-

287 2209 412 2248 στύλος
439 2209 601 2248 ἀκούσας
626 2208 694 2252 τήν
719 2222 757 2243 τε
784 2209 964 2253 σύλληψιν
989 2214 1054 2243 τοῦ
1076 2207 1218 2252 Ρώμου
1245 2209 1308 2242 καὶ
1334 2208 1401 2252 τὴν
1420 2208 1644 2267 παράδοσιν,
1668 2205 1733 2243 τὸν
1753 2221 1820 2251 μεν

281 2255 465 2300 Ῥωμύλον
491 2254 597 2300 ἠξίου
624 2257 781 2301 βοηθεῖν
800 2254 881 2290 τότε
903 2261 1029 2300 σαφῶς
1049 2256 1206 2298 διδάξας
1224 2256 1307 2299 περὶ
1328 2261 1392 2301 τῆς
1411 2255 1601 2300 γενέσεως·
1638 2255 1818 2298 πρότερον

286 2303 327 2338 δε
359 2302 576 2349 ὑπῃνίττετο
609 2304 672 2337 καὶ
709 2303 922 2348 παρεδήλου
959 2309 1153 2347 τοσοῦτον,
1194 2301 1280 2338 ὅσον
1314 2303 1563 2362 προσέχοντας
1600 2303 1649 2347 μὴ
1688 2301 1819 2347 μικρὸν

286 2357 451 2395 φρονεῖν.
503 2351 614 2390 αυτὸς
652 2350 693 2385 δε
730 2364 799 2394 την
837 2350 985 2395 σκάφην
1023 2349 1182 2395 κομίζων
1220 2351 1346 2395 ἐχώρει
1384 2349 1475 2395 πρὸς
1511 2349 1575 2385 τὸν
1615 2349 1819 2394 Νομήτορα

286 2401 452 2443 σπουδῆς
483 2399 546 2432 καὶ
580 2397 688 2438 δέους
719 2398 847 2441 μεστὸς
879 2397 930 2432 ὠν
962 2397 1026 2432 διὰ
1057 2397 1122 2433 τὸν
1153 2396 1296 2440 καιρόν
1343 2397 1514 2442 ὑποψίαν
1541 2395 1608 2432 οὖν
1633 2403 1710 2437 τοῖς
1734 2397 1819 2440 περὶ

284 2446 350 2486 τὰς
375 2446 493 2501 πύλας
519 2451 699 2503 φρουροῖς
723 2450 788 2480 τοῦ
816 2444 991 2491 βασιλεως
1014 2445 1189 2491 παρέχων
1214 2446 1278 2479 καὶ
1298 2446 1537 2490 ὑφορώμενος
1555 2444 1820 2502 [ἐρωτώμενος

286 2494 447 2538 Bekker]
473 2491 537 2527 ὑπ’
568 2494 690 2527 αὐτῶν
724 2507 786 2527 και
818 2492 1089 2537 ταραττόμενος
1119 2492 1203 2535 περὶ
1236 2493 1310 2538 [sic
1336 2493 1471 2527 Zonar.
1497 2490 1590 2535 πρὸς
1622 2492 1729 2537 libri]
1753 2505 1820 2531 τας

377 2632 399 2667 2
428 2627 482 2674 εἰς
510 2628 600 2665 Vrb.
645 2626 707 2665 ἐπὶ
739 2631 803 2666 οθΐ.
831 2628 937 2666 codd.
1024 2625 1070 2664 τὰ
1096 2627 1271 2678 βασίλεια
1295 2628 1452 2675 Sauppe
1574 2630 1599 2664 4
1632 2626 1818 2679 τιμωρίας

285 2705 322 2729 τε
349 2689 440 2727 libri
471 2702 507 2725 τε
535 2688 605 2725 del.
625 2687 783 2735 Saumne
889 2688 911 2724 5
935 2686 1133 2738 συφόρβια
1157 2688 1257 2725 Oltis.
1370 2688 1392 2724 6
1421 2683 1618 2738 χωρίταις]
1645 2686 1819 2731 πολίταις

293 2751 337 2787 V,
339 2750 424 2787 ὒὶη.
512 2749 591 2792 τοῖς
628 2760 666 2784 τε
705 2762 735 2797 χ.
771 2746 929 2794 Sauppe
1007 2746 1232 2796 χαρίζεσθαι
1271 2743 1529 2797 βουλόμενος]
1569 2744 1819 2797 χαριζόμενος

293 2810 425 2847 ἶῖνόἱη.
522 2807 572 2843 17
595 2804 659 2843 καὶ
681 2806 813 2843 Vrbin.
841 2817 911 2842 om.
933 2808 995 2843 cet.
1017 2806 1123 2843 codd.
1226 2807 1278 2843 18
1307 2803 1484 2851 διέσωζεν
1506 2807 1599 2843 coni.
1621 2805 1819 2851 Kiesszmy

285 2867 382 2921 πρὸς
405 2866 492 2903 Γνῖ).
520 2863 582 2902 ἐπὶ
608 2868 670 2903 eef.
692 2865 797 2903 codd.
922 2867 974 2902 22
1003 2862 1046 2902 ἐκ
1071 2864 1189 2909 τίνων
1216 2866 1310 2902 coni.
1336 2865 1449 2903 Cobet

1842 925 1874 949 10

1842 1249 1874 1275 15

1841 1574 1875 1599 20
