2002 3342
580 723 630 768 L.
671 719 921 768 CASSIVS
960 717 1256 783 HEMINA1)

246 830 329 875 Qua
356 834 481 868 aetate
508 828 549 866 L.
571 829 730 867 Cassius
751 827 917 866 Hemina
944 828 1073 877 suerit,
1101 838 1147 865 ex
1174 826 1258 865 loco
1286 825 1455 876 quodam
1482 825 1688 864 Censorini

158 892 223 949 (l'r.
244 891 321 949 39)
348 895 547 945 cognitum
574 893 775 943 habemus,
803 894 882 944 qui,
909 905 999 931 cum
1026 892 1094 930 Cn.
1116 891 1298 930 Cornelio
1319 890 1483 929 Lentulo
1505 891 1544 929 L.
1567 891 1690 929 Mum-

157 962 235 999 mio
249 960 416 999 Achaico
432 958 661 998 consulibus
681 960 705 996 i.
722 971 754 996 e.
777 971 810 1000 a.
828 955 923 996 146.
939 954 1025 996 608
1041 958 1170 1008 quarti
1190 955 1273 995 ludi
1294 955 1517 994 saeculares
1538 957 1691 1006 fierent,

158 1033 240 1064 tum
267 1038 356 1064 eum
382 1025 531 1063 uixisse
559 1023 719 1062 addidit.
764 1024 966 1074 proximus
993 1023 1115 1073 igitur
1141 1020 1294 1060 accedit
1326 1026 1450 1060 aetate
1478 1020 1525 1059 ad
1551 1020 1599 1059 M.
1621 1020 1690 1059 Ca-

158 1098 306 1141 tonem,
339 1091 405 1141 qui
436 1089 565 1128 tribus
599 1090 711 1127 annis
745 1094 833 1126 ante
866 1089 906 1126 in
939 1086 1160 1138 originibus
1187 1085 1444 1125 conficiendis
1477 1090 1691 1136 occupatus

157 1161 335 1194 mortuus
368 1161 468 1205 erat,
502 1166 629 1205 neque
662 1159 722 1192 est
754 1166 825 1192 cur
857 1152 954 1192 illud
985 1153 1258 1191 testimonium
1291 1151 1522 1190 auctoritate
1557 1163 1691 1189 carere

157 1221 350 1273 dicamus3
383 1233 473 1259 nam
500 1220 618 1258 etiam
646 1219 808 1269 Plinius,
835 1220 902 1269 qui
930 1219 1127 1256 neminem
1154 1217 1272 1255 alium
1298 1217 1532 1255 historicum
1554 1216 1692 1254 Rorna-

157 1299 262 1337 num,
292 1286 397 1324 hunc
425 1284 576 1323 duobus
603 1284 700 1322 locis
726 1285 1042 1322 uetustissimum
1069 1288 1268 1321 auctorem
1297 1281 1509 1333 appellauit
1537 1277 1601 1334 (fr.
1624 1279 1692 1320 26.

158 1347 251 1404 37);
279 1349 402 1402 quid?
429 1350 532 1401 quod
553 1349 731 1388 Niebuhr
750 1345 959 1402 (Praelect-
981 1348 1071 1387 hist.
1090 1347 1201 1386 Rom.
1222 1347 1238 1386 1
1259 1345 1327 1398 27,
1352 1345 1694 1385 consentientibus

160 1415 408 1466 Schweglero
435 1416 450 1454 l
476 1428 512 1466 p.
534 1413 587 1453 87
617 1427 653 1453 n.
674 1413 702 1453 4
735 1420 774 1453 et
806 1414 1042 1452 Schmittero
1071 1426 1105 1464 ι).
1129 1409 1174 1465 8)
1210 1425 1257 1451 ex
1290 1411 1440 1451 annalis
1474 1413 1603 1463 quarti
1635 1412 1693 1450 in-

159 1482 384 1532 scriptione,
405 1492 503 1531 quae
525 1480 598 1518 fuit
625 1482 768 1519 bellum
789 1481 989 1518 Punicum
1000 1481 1212 1528 posterior
1232 1474 1298 1530 (fr.
1315 1473 1448 1531 31)2)‚
1476 1482 1565 1515 ante
1586 1478 1695 1515 tertii

158 1546 252 1585 belli
286 1547 441 1584 initium
469 1542 577 1598 (ante
605 1558 635 1584 a.
660 1543 755 1583 149.
778 1540 883 1599 605)
912 1550 1096 1595 quartum
1123 1543 1268 1582 librum
1296 1542 1445 1581 editum
1473 1554 1560 1581 esse
1587 1547 1694 1580 recte

159 1611 362 1650 conclusit.
409 1610 545 1649 Catoni
582 1617 712 1649 autem
748 1609 903 1648 laudem
940 1610 1063 1660 patris
1098 1609 1286 1647 historiae
1321 1607 1520 1646 Romanae
1556 1608 1695 1659 cessi13

159 1689 248 1715 nam
273 1678 383 1727 prior
409 1688 499 1727 pars
529 1677 726 1726 originum
754 1676 830 1713 iam
856 1675 1000 1725 uiginti
1033 1675 1145 1712 annis
1172 1679 1261 1712 ante
1289 1685 1377 1712 esse
1405 1671 1508 1711 edita
1535 1671 1695 1711 uidetur

157 1741 346 1792 illumque
371 1741 436 1779 hic
462 1742 638 1779 imitatus
659 1742 699 1778 in
720 1739 940 1790 originibus
961 1739 1119 1778 urbium
1141 1744 1180 1777 et
1201 1737 1289 1776 aliis
1310 1737 1429 1776 rebus
1453 1742 1612 1788 praeter
1631 1749 1697 1775 res

158 1812 288 1857 gestas
314 1805 529 1845 tractandis
552 1802 616 1858 (fr.
637 1803 675 1844 2.
699 1803 736 1843 3.
761 1803 826 1844 18.
848 1801 937 1857 120).
978 1817 1071 1843 casu
1097 1803 1195 1842 illud
1221 1804 1368 1842 factum
1390 1808 1459 1853 est⁷
1486 1808 1529 1841 ut
1550 1802 1698 1853 aliquot

159 1873 271 1910 annis
290 1877 380 1923 post
400 1884 497 1922 opus
519 1884 634 1909 suum
655 1871 905 1910 continuaret
926 1875 966 1908 et
984 1869 1088 1908 ultra
1103 1869 1261 1908 Catonis
1283 1869 1401 1907 finem
1424 1867 1693 1907 descenderet.

160 1949 287 1988 neque
323 1938 428 1976 enim
464 1936 578 1975 aliter
613 1936 709 1974 illud
749 1936 956 1974 Censorini
992 1935 1263 1974 testimonium
1299 1929 1364 1987 (fr.
1393 1930 1468 1986 39)
1506 1932 1695 1984 explicari

158 2008 299 2053 potest.

257 2130 290 2173 1)
315 2129 341 2163 Ι.
368 2128 409 2162 Ε.
437 2127 638 2162 Schmitter
675 2128 794 2162 Cassii
826 2127 1008 2161 Heminae
1038 2126 1235 2160 annalium
1266 2126 1473 2169 fragmenta
1506 2123 1697 2158 emendata

160 2182 338 2226 disposita
364 2182 564 2224 illustrata,
591 2180 736 2215 dissert.
756 2180 848 2225 phil.
870 2180 1029 2214 Monast.
1059 2182 1162 2222 1861,
1188 2177 1308 2223 magis
1335 2177 1559 2223 diligentiae
1585 2186 1697 2220 quam

161 2234 342 2270 acuminis
364 2235 637 2269 documentum.
672 2233 862 2268 Cichorius
888 2233 932 2268 R.
950 2234 998 2267 E.
1018 2232 1068 2266 III
1089 2243 1118 2266 c,
1136 2234 1379 2266 1723—1725.
1403 2252 1445 2255 —
1467 2229 1572 2264 Lucii
1591 2240 1696 2274 prae-

160 2299 294 2322 nomen
320 2288 359 2322 in
381 2287 507 2322 Cassia.
534 2289 644 2332 gente
670 2287 851 2321 usitatum
878 2286 1012 2320 nititur
1031 2284 1225 2319 Prisciano
1252 2284 1295 2318 fr.
1318 2287 1362 2317 25
1390 2285 1426 2317 eb
1450 2282 1563 2317 schol.
1586 2282 1697 2316 Vero-

162 2342 338 2376 nensibus
372 2341 414 2376 fr.
443 2345 474 2375 5.
510 2341 649 2375 iniuria
682 2340 727 2374 de
760 2352 802 2375 eo
838 2339 1029 2374 dubitauit
1059 2338 1254 2372 Weicherb
1285 2338 1343 2372 De
1370 2338 1482 2373 Vario
1514 2341 1545 2371 et
1573 2336 1699 2370 Cassio

162 2407 197 2440 p.
214 2398 292 2429 180.
331 2406 420 2440 gens
449 2393 577 2428 Cassia
609 2396 690 2428 tum
722 2393 795 2428 fuit
825 2393 975 2438 plebeia
1001 2392 1132 2438 (Tacit.
1154 2403 1239 2426 ann.
1261 2392 1384 2435 6‚15>‚
1416 2400 1537 2434 neque
1571 2391 1697 2423 tamen

162 2449 361 2483 Heminam
380 2448 515 2481 humili
541 2447 622 2482 loco
643 2449 772 2482 natum
793 2457 873 2481 esse
893 2458 938 2481 ex
959 2445 1127 2480 Suetonii
1151 2444 1366 2479 testimonio
1388 2443 1447 2488 (de
1467 2455 1623 2488 gramm.
1640 2443 1699 2486 27)

163 2503 320 2536 constat.
361 2501 431 2543 Qui
459 2503 584 2536 autem
610 2500 725 2545 uulgo
752 2500 890 2534 dicitur
915 2499 1075 2534 Hemina
1102 2497 1338 2543 (cognomine
1363 2496 1572 2540 inusitato),
1599 2495 1698 2529 idem

163 2566 184 2589 a
209 2554 401 2589 Prisciano
434 2554 471 2587 in
504 2554 692 2598 plerisque
724 2553 915 2588 codicibus
949 2554 986 2587 eb
1019 2552 1163 2596 aliquot,
1194 2550 1285 2585 locis
1319 2561 1340 2584 a
1370 2549 1493 2584 Nonio
1526 2548 1701 2583 scribitur

163 2608 305 2649 Emina,
333 2608 463 2642 eodem
490 2607 570 2642 iure
596 2618 669 2651 quo
689 2606 729 2640 in
748 2606 900 2641 hemina
921 2608 978 2651 (-—-
998 2606 1114 2650 ’ὴμῐνα
1135 2603 1292 2638 dimidia
1312 2615 1398 2648 pars
1420 2602 1573 2637 sextarii
1594 2600 1698 2635 Paul.

163 2673 198 2705 p.
213 2664 279 2695 100
291 2661 353 2705 M.)
369 2671 478 2705 saepe
493 2660 680 2695 omittitur
695 2660 875 2704 aspiratio
891 2661 946 2704 (ut,
960 2659 1058 2693 Pers.
1073 2663 1103 2701 1,
1118 2660 1194 2692 130.
1223 2658 1380 2701 gromat.
1394 2669 1428 2700 p.
1442 2659 1509 2690 375
1523 2655 1698 2698 Lachm.).

165 2714 276 2748 Hertz
304 2715 350 2748 ad
377 2714 490 2748 Prisc.
514 2719 529 2748 1
558 2727 593 2758 p.
610 2717 689 2748 294.

261 2769 294 2811 2)
323 2767 402 2802 Hoc
426 2778 528 2801 more
555 2767 757 2811 separatim
785 2766 965 2810 quosdam
993 2765 1107 2799 libros
1133 2763 1362 2798 inscribendi
1388 2774 1476 2796 usus
1504 2763 1560 2795 est
1586 2760 1699 2793 etiam

166 2819 304 2855 Ennius
326 2820 485 2865 (Vahlen
509 2821 547 2854 in
568 2820 678 2859 Ennii
698 2820 784 2854 rel.²'
803 2832 836 2863 p.
855 2821 924 2863 73),
950 2820 1029 2852 tum
1057 2817 1184 2851 Liuius
1211 2818 1269 2862 (cf.
1291 2815 1555 2850 Weissenborn
1583 2812 1698 2857 praef.

166 2874 221 2907 ed.
246 2873 426 2907 Teubner.
454 2885 488 2917 p.
504 2875 619 2917 xvnx).
