2002 3342
293 203 377 243 302
927 198 1183 241 RELIQV1AE

295 308 342 350 δὲ
375 308 476 363 παρ’
515 308 735 362 Ἀλβανῶν
773 312 907 349 οῖέτιιι
940 308 1016 348 τὸν
1049 308 1284 362 δικτάτορα
1317 307 1549 359 Ῥωμαίους
1583 306 1824 361 εἰληφέναι,

293 375 477 423 τούτους
502 373 641 427 λέγων
661 374 862 426 πρώτους
881 373 986 425 μετὰ
1006 373 1083 413 τὸν
1103 371 1303 426 Ἀμολίου
1323 372 1394 414 καὶ
1415 371 1665 426 Νεμέτορος
1685 372 1824 413 θάνα-

294 455 384 486 τον,
412 439 675 492 ἐκλιπούσης
700 445 777 492 τῆς
801 440 1029 491 βασιλικῆς
1056 440 1313 490 συγγενείας
1340 436 1590 486 ἐνιαυσίους
1612 438 1826 491 ἄρχοντας

295 504 521 554 ἀποδεῖξαι
553 505 634 557 τὴν
667 503 804 557 αὐτὴν
836 500 1016 557 ἔχοντας
1043 501 1249 552 ἐξουσίαν
1275 508 1366 551 τοῖς
1394 503 1643 555 βασιλεῦσι,
1677 505 1827 543 καλεῖν

197 607 263 635 490
295 571 342 612 δὲ
369 570 529 618 αὐτοὺς
555 569 823 622 δικτάτορας.
1844 584 1859 609 5

198 654 264 696 {553
384 633 459 677 ll.
493 638 657 686 Dionys.
679 637 797 685 0311,
812 636 850 674 2.
890 633 1116 681 Λικίννιος
1143 629 1223 686 μὲν
1251 632 1333 687 γὰρ
1361 630 1432 673 καὶ
1453 632 1499 673 oc
1516 630 1615 684 περὶ
1641 630 1827 673 Γέλλιον

294 697 427 741 οὐδὲν
461 699 709 753 ἐξητακότες
743 699 843 739 οὔτε
874 706 962 739 τῶν
996 699 1177 739 εἰκότων
1210 697 1311 738 οὔτε
1345 704 1433 738 τῶν
1460 697 1663 738 δυνατῶν
1691 697 1827 738 αὐτὸν

294 766 521 818 εἰσάγουσι
549 765 624 805 τὸν
653 762 835 818 βασιλέα
868 762 1117 817 Ταρκύνιον
1142 762 1205 817 [ιη
1225 776 1371 814 puqna
1398 761 1642 816 Regillense]
1669 762 1827 815 ἀγωνι-

295 832 476 884 ζόμενον
503 828 576 882 ἀφ’
607 830 742 870 ἵππου
769 829 840 870 καὶ
866 829 1231 880 τιτρωσκόμενον,
1261 827 1401 881 ἄνδρα
1424 826 1686 881 ἐνενήκοντα
1714 824 1829 868 ἔτεσι

197 925 265 956 492
293 895 584 948 προσάγοντα.
1849 910 1882 933 10

198 984 265 1013 262
386 959 459 1002 12,
493 963 659 1012 Dionys.
677 963 713 1011 7,
731 963 767 1010 1,
782 961 820 1000 3.
860 961 1004 999 Ταῦτα
1033 957 1214 1012 [σπάνιν
1249 958 1436 1011 ἰσχυρὰν
1462 959 1543 1010 τὴν
1563 955 1730 1011 Ῥώμην
1756 973 1829 998 κα-

293 1027 486 1080 τασχεῖν]
515 1026 540 1079 ἡ
566 1025 707 1078 βουλὴ
733 1028 941 1078 μαθοῦσα
967 1022 1173 1076 πρέσβεις
1201 1021 1409 1076 διέπεμπε
1436 1024 1546 1075 πρὸς
1573 1023 1831 1077 Τυρρηνοὺς

293 1089 364 1131 καὶ
392 1091 663 1144 Καμπανοὺς
695 1087 767 1130 καὶ
801 1089 849 1130 τὸ
883 1089 1158 1142 καλούμενον
1194 1090 1486 1140 Πωμεντῖνον
1519 1088 1676 1129 πεδίον
1709 1095 1832 1128 σῖτον

295 1156 402 1197 ὅσον
436 1155 491 1197 ἂν
518 1155 730 1196 δύναιντο
762 1158 971 1195 πλεῖστον
998 1152 1325 1207 ὠνησομένους·
1363 1154 1564 1202 Πόπλιος
1591 1150 1637 1193 δὲ
1666 1151 1830 1193 Οὐαλέ-

295 1238 389 1272 ριος
421 1219 492 1261 καὶ
520 1221 706 1269 Λεύκιος
734 1219 947 1272 Γεγάνιος
982 1222 1043 1267 εἰς
1070 1220 1281 1259 Σικελίαν
1315 1217 1632 1271 ἀπεστάλησαν,
1668 1215 1829 1259 Οὐαλέ-
1854 1235 1884 1260 15

295 1303 389 1339 ριος
414 1283 494 1339 μὲν
522 1286 617 1334 υίὸς
644 1285 707 1326 ὢν
728 1285 998 1337 Ποπλικόλα,
1026 1282 1238 1337 Γεγάνιος
1266 1283 1311 1324 δὲ
1330 1282 1523 1337 θατέρου
1544 1289 1633 1323 τῶν
1654 1281 1831 1323 ὑπάτων

296 1352 497 1405 ἀδελφός.
534 1351 750 1401 τύραννοι
777 1347 825 1391 δὲ
851 1351 948 1391 τότε
973 1348 1081 1390 κατὰ
1106 1349 1255 1397 πόλεις
1281 1348 1361 1401 μὲν
1387 1344 1512 1401 ἦσαν,
1543 1345 1832 1401 ἐπιφανέστα-

295 1434 367 1466 τος
395 1414 442 1458 δὲ
465 1415 615 1458 Γέλων
639 1415 660 1457 ὁ
683 1414 984 1467 Δεινομένους
1005 1414 1160 1455 νεωστὶ
1181 1414 1261 1467 τὴν
1277 1411 1589 1466 Ἱπποκράτους
1611 1418 1688 1453 τοῦ
1709 1411 1832 1453 ἀδελ-

298 1488 386 1536 φοῦ
408 1482 654 1536 τυραννίδα
673 1480 971 1534 παρειληφώς,
999 1478 1096 1534 οὐχὶ
1118 1479 1361 1527 Διονύσιος
1382 1477 1403 1519 ὁ
1426 1478 1748 1532 Συρακούσιος,
1776 1477 1833 1527 ὡς

299 1549 526 1596 Λικίννιος
553 1546 748 1600 γέγραφε
774 1544 846 1587 καὶ
869 1544 1050 1593 Γέλλιος
1075 1542 1147 1585 καὶ
1174 1545 1297 1585 ἄλλοι
1326 1542 1482 1598 συχνοὶ
1508 1551 1596 1584 τῶν
1612 1541 1833 1597 Ῥωμαίων
1854 1560 1887 1584 20

297 1611 615 1666 συγγραφέων,
651 1608 791 1653 οὐθὲν
825 1609 1073 1664 ἐξητακότες
1105 1616 1194 1651 τῶν
1232 1609 1330 1663 περὶ
1362 1610 1467 1658 τοὺς
1498 1610 1686 1663 χρόνους
1715 1607 1833 1662 ἀκρι-

296 1682 403 1732 βῶς,
432 1678 489 1725 ὡς
516 1677 622 1718 αὐτὸ
652 1677 780 1729 δηλοῖ
805 1671 1012 1729 τοῦργον,
1048 1672 1143 1715 ἀλλ’
1175 1675 1269 1728 εἰκῆ
1295 1674 1343 1715 τὸ
1369 1674 1619 1729 προστυχὸν
1646 1673 1834 1728 ἀποφαι-

200 1777 268 1806 444
297 1746 487 1798 νόμενοι.

198 1823 269 1866 {Iso
392 1807 464 1849 13.
498 1810 585 1849 Lz'u.
608 1810 647 1857 4,
666 1809 704 1859 7,
720 1809 787 1847 10.
827 1808 869 1846 Τ.
892 1807 1099 1853 Quinctius
1120 1806 1311 1845 Barbatus
1332 1808 1506 1845 interrex
1527 1805 1708 1844 consules
1728 1811 1833 1844 creat

298 1877 338 1915 L.
366 1876 566 1927 Papirium
596 1874 837 1925 Mugilanum
865 1873 906 1911 L.
935 1873 1213 1923 Sempronium
1240 1873 1475 1910 Atratinum.
1513 1871 1574 1909 his
1608 1870 1834 1910 consulibus
1855 1886 1887 1910 ξε

298 1955 386 1981 cum
413 1939 647 1979 Ardeatibus
683 1938 819 1978 foedus
855 1943 1087 1977 renouatum
1123 1943 1192 1975 est.
1234 1936 1357 1988 idque
1387 1937 1632 1975 monumenti
1659 1942 1719 1975 est
1745 1948 1834 1974 con·

295 2077 405 2119 μέσον
439 2077 553 2121 ὲθηκε
585 2076 651 2121 τὴν
682 2075 874 2111 πολιτείαν
907 2077 1137 2120 δημαγωγῶν
1173 2075 1235 2109 καὶ
1271 2073 1353 2108 κατ’
1386 2073 1558 2109 ἐνιαυτὸν
1590 2072 1836 2109 ἀπεδείκνυεν

296 2123 459 2169 ἄρχοντα
485 2131 562 2165 τοῖς
587 2123 780 2182 Λλβανοῖς,
808 2123 956 2165 ἐδίδαξε
983 2124 1047 2157 καὶ
1073 2123 1161 2162 τοὺς
1187 2122 1227 2157 ἐν
1250 2120 1367 2167 Ῥώμῃ
1389 2122 1575 2161 δυνατους
1594 2120 1837 2167 αβασίλευτον

296 2176 416 2215 ζητεῖν
443 2172 506 2206 καὶ
534 2170 745 2216 αὐτόνομον
770 2169 962 2206 πολιτείαν
989 2169 1219 2215 ἀρχομένους
1246 2171 1285 2205 ἐν
1313 2169 1413 2214 μερει
1439 2169 1503 2203 καὶ
1529 2169 1723 2214 ἄρχοντας

392 2219 455 2254 11.
487 2220 541 2263 Cf.
565 2220 627 2255 Cn.
654 2220 742 2254 Gell.
763 2219 811 2262 fr.
828 2221 874 2253 19
897 2230 922 2252 e.
945 2218 1068 2253 adnot.
1091 2221 1123 2252 et
1149 2229 1233 2262 app.

393 2266 455 2302 12.
486 2267 539 2309 Cf.
563 2268 627 2303 Cn.
653 2267 742 2301 Gell.
762 2267 810 2309 fr
825 2269 875 2301 20
895 2277 923 2301 c
944 2266 1069 2300 adnot.
1091 2269 1122 2300 et
1148 2276 1231 2309 app

394 2314 457 2349 13.
487 2315 658 2349 Eundem
674 2315 864 2349 Licinium
884 2318 967 2348 ante
987 2314 1108 2348 oculos
1127 2312 1255 2347 habuit
1275 2312 1482 2369 Dionysius
1496 2314 1553 2354 11,
1569 2313 1634 2346 62.·
1660 2311 1724 2345 καὶ
1744 2311 1835 2346 ἐκεῖ·

298 2375 357 2396 τοι
383 2362 435 2407 [οἱ
463 2362 728 2408 μεσοβασιλεῖς]
755 2359 997 2404 προειπόντες
1023 2359 1244 2419 ἀρχαιρέσια
1269 2359 1333 2393 καὶ
1352 2362 1402 2406 τῷ
1423 2357 1526 2404 δήμῳ
1545 2358 1612 2403 τὴν
1634 2357 1836 2403 διάγνωσιν

299 2408 554 2452 ἀποδιδόντες,
585 2409 655 2444 εἴτε
681 2409 853 2455 βούλεται
879 2407 1093 2454 χιλιάρχους
1119 2406 1191 2442 εἴτε
1218 2406 1384 2446 ὑπάτους
1404 2405 1613 2448 ἀποδεῖξαι,
1640 2405 1836 2448 κρίναντος

300 2458 415 2492 αὐτοῦ
442 2456 566 2516 μένειν
593 2458 654 2492 ἐπὶ
679 2462 757 2497 τοῖς
783 2456 939 2501 ἐξαρχῆς
964 2457 1151 2499 ἐθισμοῖς,
1185 2453 1374 2488 ἀπέδοσαν
1400 2459 1477 2493 τοῖς
1503 2453 1740 2499 βουλομένοις
1764 2457 1837 2487 τῶν

299 2518 505 2547 πατρικιων
531 2504 696 2550 μετιέιαι
721 2504 789 2548 τὴν
816 2502 959 2538 ύπατον
987 2502 1118 2548 ἀρχήν
1145 2502 1207 2536 καὶ
1235 2500 1402 2546 γίνονται
1422 2499 1535 2535 πάλιν
1555 2501 1594 2535 ἐκ
1614 2505 1688 2535 τῶν
1707 2512 1837 2543 πατρι-

298 2551 391 2586 κίων
411 2551 547 2587 ὕπατοι
563 2552 635 2586 1εύ
630 2565 718 2591 κιος
740 2549 928 2594 Παπίριος
947 2549 1186 2594 ΙὶῙογιλλάνος
1205 2549 1271 2583 καὶ
1288 2548 1445 2587 Λεύκιος
1458 2548 1701 2606 Σεμπρώνιος
1720 2545 1837 2590 Ατρα-

297 2606 417 2642 τίνος,
451 2599 534 2639 ενὸς
567 2605 638 2634 τῶν
672 2598 920 2642 ἀποθεμένων
951 2598 1019 2642 τὴν
1052 2596 1264 2643 χιλιαρχίαν
1298 2594 1468 2640 ἀδελφός.
1508 2608 1619 2630 αυται
1648 2595 1716 2629 δύο
1743 2593 1838 2629 κατὰ

390 2736 412 2772 2
441 2731 636 2786 πρώτους]
664 2733 762 2785 πρὸς
787 2733 879 2780 τοὺς
900 2734 1031 2771 Vrbin.

388 2789 461 2844 13,
486 2795 539 2832 24
567 2795 680 2832 Titus
704 2794 839 2833 Veron.
874 2793 1057 2843 quintius
1078 2792 1212 2831 Veron.
1227 2791 1334 2829 Med.
1424 2791 1476 2828 25
1506 2790 1539 2828 is
1566 2801 1679 2828 conss
1701 2789 1835 2828 Veron.

389 2854 440 2890 „06
469 2854 707 2891 monsmenti
734 2853 868 2890 Veron.
