2002 3342
680 209 721 252 Q.
747 209 917 244 FABIVS
944 209 1117 244 PICTOR
1520 224 1667 254 LXXIII

133 323 344 374 multisque
371 322 488 360 utiles
514 333 642 372 neque
671 333 690 359 a
718 332 914 372 quoquam
942 320 1090 358 Graece
1122 333 1192 372 pro
1222 320 1409 371 dignitate
1440 320 1668 371 descriptas.

134 401 223 427 nam
250 387 532 438 Hieronymum
570 385 651 437 τὴν
682 382 924 437 Ῥωμαϊκὴν
962 383 1275 436 ἀρχαιολογίαν
1308 385 1450 424 leuiter
1483 387 1670 437 attigisse,

135 453 338 492 Timaeum
370 451 422 491 τὰ
455 449 612 503 ἀρχαῖα
637 456 724 490 τῶν
752 449 958 502 ἱστοριῶν
991 451 1030 488 in
1063 450 1339 489 communibus
1372 451 1549 489 historiis
1582 463 1669 489 nar-

136 530 255 568 rasse,
282 517 429 556 bellum
454 516 594 567 Pyrrhi
621 515 783 567 speciali
809 515 921 566 libr0,
955 515 1150 566 simulque
1178 516 1427 566 Antigonum,
1454 515 1671 566 Polybium,

137 582 312 621 Silenum
338 581 725 632 innumerabilesque
753 581 848 619 alios
876 580 1032 619 easdem
1061 593 1125 619 res
1150 593 1355 631 aggressos
1384 594 1453 619 sua
1475 593 1670 631 quemque

137 649 287 687 ratione
314 660 436 699 pauca
463 659 682 698 parumque
710 646 920 696 diligenter
941 645 1138 697 explorata
1168 641 1233 699 (ἐκ
1259 651 1348 685 τῶν
1375 643 1672 697 ἐπιτυχόντων

138 710 426 765 ἀκουσμάτων
453 707 658 765 συνθείς)
688 712 914 762 scripsisse,
950 723 1078 762 neque
1112 710 1203 749 huic
1231 710 1523 761 archaeologiae
1551 711 1673 761 operi,

138 778 250 829 quale
279 777 354 816 sibi
380 779 464 829 ipse
491 778 775 828 proposuisset,
802 776 965 814 Fabium
993 776 1250 827 Cinciumque
1279 776 1373 814 satis
1400 776 1555 826 fecisse,
1583 787 1672 813 cum

137 843 300 882 breuius
329 842 612 881 describerent.

227 909 306 947 Iam
333 920 440 958 uero,
468 908 651 959 quoniam
678 906 789 945 illum
817 919 916 958 quae
944 911 1032 945 ante
1057 906 1254 945 conditam
1282 905 1579 945 condendamue
1606 917 1671 943 ur-

137 974 227 1013 bem
253 979 292 1013 et
317 979 405 1024 post.
431 975 623 1024 originem
651 978 760 1022 gesta
787 977 910 1022 erant,
938 972 1142 1010 rhetorum
1164 970 1404 1010 Graecorum
1425 982 1534 1009 more
1556 971 1672 1009 latius

139 1040 343 1090 fusiusque
364 1043 617 1089 persecutum
640 1050 727 1076 esse
749 1050 795 1076 ex
816 1037 1048 1088 fragmentis
1070 1032 1225 1090 (1—6)
1248 1041 1411 1086 constat,
1439 1037 1479 1074 in
1499 1035 1674 1085 Dionysii

139 1105 438 1144 ratiocinatione
464 1103 581 1142 huius
607 1104 731 1154 partis
754 1104 968 1141 memoriae
989 1104 1232 1141 mentionem
1255 1101 1525 1140 desideramus
1546 1112 1675 1151 neque

140 1176 269 1209 tamen
306 1181 462 1208 causam
499 1169 679 1207 omissae.
725 1180 814 1206 nam
850 1169 958 1206 omni
990 1169 1141 1206 ratione
1174 1166 1468 1217 archaeologiae
1496 1178 1588 1204 suae
1628 1164 1675 1203 ab

139 1237 291 1286 origine
317 1234 428 1273 urbis
456 1233 692 1285 repetendae
720 1245 761 1271 se
789 1234 873 1284 ipse
899 1234 1110 1284 priuasset.
1156 1232 1261 1284 quod
1287 1244 1383 1271 uero
1411 1243 1475 1270 res
1503 1230 1549 1269 ab
1576 1230 1674 1268 urbe

140 1300 295 1340 condita
314 1311 439 1350 usque
461 1298 507 1337 ad
526 1298 635 1337 Fabii
650 1298 854 1349 Cinciique
876 1303 1042 1337 aetatem
1057 1310 1154 1337 uoce
1176 1294 1368 1350 ἀρχαίων
1389 1296 1676 1347 complectitur,

141 1372 179 1405 et
204 1367 289 1417 ipse
317 1377 414 1416 opus
439 1377 553 1403 suum
579 1376 706 1415 usque
733 1363 780 1402 ad
808 1363 846 1403 id
872 1369 1028 1415 tempus
1057 1360 1100 1417 (i.
1122 1375 1154 1402 e.
1174 1375 1301 1414 usque
1330 1362 1377 1400 ad
1403 1363 1560 1400 initium
1584 1360 1678 1399 belli

140 1432 258 1482 primi
285 1430 434 1481 Punici,
463 1429 509 1468 ad
536 1443 567 1468 a.
589 1427 687 1468 266.
709 1426 808 1479 488,
836 1428 941 1467 arch.
966 1427 1002 1480 1,
1030 1426 1068 1480 8,
1089 1425 1136 1482 2)
1162 1432 1420 1479 propagatum
1447 1424 1679 1479 ἀρχαιολο-

140 1495 243 1548 γίαν
263 1497 466 1546 inscripsit
487 1491 545 1548 (1,
565 1493 604 1545 4,
629 1490 670 1548 1)
694 1500 733 1533 et
752 1494 1046 1545 Hieronymum,
1074 1494 1141 1545 qui
1168 1505 1231 1532 res
1253 1492 1299 1532 ab
1320 1491 1531 1531 Alexandri
1551 1496 1678 1529 morte

141 1574 266 1613 usque
303 1560 350 1600 ad
386 1573 474 1599 eum
511 1572 655 1598 annum
693 1559 924 1610 deduxerat,
964 1558 1045 1611 τὴν
1072 1555 1313 1610 Ῥωμαϊκὴν
1350 1554 1677 1609 ἀρχαιολογίαν,

141 1627 363 1677 Timaeum,
403 1627 470 1677 qui
502 1638 625 1676 usque
659 1624 706 1663 ad
739 1637 770 1663 a.
797 1621 895 1663 289.
922 1622 1027 1675 465,
1066 1622 1118 1663 τὰ
1150 1620 1309 1675 ἀρχαῖα
1341 1628 1531 1661 tractasse
1567 1621 1679 1673 dicit3

143 1691 247 1744 quod
280 1697 410 1730 autem
443 1688 494 1729 τὰ
528 1688 634 1740 μετὰ
666 1688 746 1741 τὴν
780 1689 925 1729 κτίσιν
959 1693 1034 1740 τῆς
1067 1688 1234 1735 πόλεως
1268 1687 1484 1740 γενόμενα
1520 1686 1680 1737 addidit,

144 1758 317 1808 origines
336 1755 449 1795 urhis
471 1751 694 1809 exclusitl),
722 1767 830 1806 quas,
858 1756 892 1793 si
914 1753 1153 1793 Graecorum
1180 1754 1342 1800 κτίσεις
1368 1753 1680 1802 meminerimus,

143 1835 268 1873 usque
296 1820 345 1860 ad
371 1833 484 1872 reges
512 1819 696 1871 expulsos
722 1820 902 1871 proferre
926 1821 1155 1871 poterimus,
1183 1824 1290 1858 certe
1311 1831 1436 1870 usque
1457 1817 1505 1856 ad
1524 1816 1681 1856 Romuli

144 1882 365 1939 mortem.²)

234 1952 410 2002 Denique
448 1950 676 2001 Di0nysius,
721 1951 812 2001 quia
850 1949 947 1988 haec
992 1949 1263 2001 archaeologia
1306 1946 1621 2001 κεφαλαιωδῶς
1661 1959 1681 1984 a

145 2017 264 2056 Fabio
286 2016 498 2067 Cincioque
526 2015 701 2054 absoluta
723 2021 838 2065 esset,
865 2027 907 2053 se
933 2014 1079 2054 habere
1100 2016 1304 2066 professus
1326 2019 1397 2065 est,
1425 2026 1495 2052 cur
1516 2011 1680 2051 eandem

147 2082 273 2122 denuo
302 2086 545 2120 retractaret.
583 2078 856 2131 ‘capitulatim'
885 2081 1007 2131 igitur
1032 2080 1089 2118 illi
1116 2093 1180 2119 res
1206 2081 1409 2132 persecuti
1436 2084 1565 2128 erant,
1597 2078 1621 2115 i.
1650 2089 1681 2115 e.

144 2149 209 2198 ita,
234 2153 279 2186 ut
299 2158 472 2185 summas
493 2158 557 2184 res
578 2145 720 2184 litteris
741 2144 973 2184 mandarent
999 2158 1127 2197 neque
1154 2151 1284 2184 tamen
1311 2146 1416 2183 inter
1437 2155 1478 2182 se
1500 2147 1681 2181 conecte-

146 2218 245 2264 rent,
273 2211 393 2250 simili
419 2212 569 2250 ratione
597 2216 712 2262 atque
740 2210 832 2249 Cato
860 2211 900 2249 in
927 2210 1158 2261 originibuS,
1186 2223 1303 2262 quem
1330 2211 1424 2248 item
1453 2213 1491 2247 et
1518 2205 1682 2258 “capitu-

146 2275 267 2317 latim’
298 2289 361 2316 res
387 2281 640 2328 persecutum
668 2288 753 2315 esse
782 2275 912 2327 Nepos
939 2275 1040 2329 (Cat.
1063 2274 1100 2327 3,
1122 2272 1167 2329 3)
1197 2281 1236 2314 et
1267 2276 1467 2314 orationes
1500 2285 1591 2312 suas
1624 2273 1682 2309 in-

245 2447 277 2490 1)
302 2444 518 2479 Remouisse
550 2443 604 2477 ita
635 2443 728 2477 mihi
755 2443 898 2485 uideor,
933 2443 1032 2487 quod
1059 2442 1326 2477 Hullemanum
1356 2442 1410 2476 De
1438 2440 1560 2475 annal.
1588 2451 1682 2474 max.

146 2511 182 2543 p.
205 2502 246 2532 71
283 2500 320 2532 et
351 2497 409 2532 Du
436 2497 530 2531 Rieu
562 2510 597 2542 p.
620 2501 686 2531 156
720 2496 876 2531 offendit
907 2496 945 2530 in
979 2495 1069 2541 μετὰ
1101 2496 1397 2541 praepositione,
1437 2505 1594 2538 quorum
1618 2492 1684 2527 ille

147 2552 319 2596 Dionysii
345 2551 460 2585 uerba
486 2550 651 2585 mutauit
676 2551 714 2584 in
740 2550 786 2584 τά
811 2562 849 2584 τε
875 2549 964 2594 μετὰ
989 2549 1056 2594 τὴν
1084 2548 1212 2593 κτίσιν,
1239 2549 1299 2584 hic
1320 2549 1357 2583 in
1384 2548 1429 2582 τὰ
1450 2546 1544 2582 κατὰ
1563 2546 1631 2590 τὴν
1652 2559 1682 2579 ν..

244 2608 277 2649 2)
307 2603 401 2638 Nam
428 2604 542 2639 etiam
575 2615 619 2638 ea
645 2614 740 2647 quae
773 2603 819 2637 de
851 2603 960 2637 rebus
994 2615 1015 2636 a
1046 2603 1198 2647 regibus
1230 2604 1316 2647 post
1341 2601 1540 2636 Romulum
1569 2599 1684 2643 gestis

148 2669 192 2693 ex
219 2658 334 2692 Fabio
360 2657 502 2691 tradita
532 2658 633 2699 sunt,
666 2656 886 2701 plerumque
918 2656 1108 2700 pertinent
1142 2657 1190 2690 ad
1223 2667 1279 2690 res
1313 2653 1592 2698 chronologicas
1621 2654 1685 2686 aut

149 2722 331 2753 numeros,
359 2713 471 2755 atque
496 2710 681 2755 prolixam
706 2709 811 2744 illam
832 2709 1016 2744 Postumii
1041 2709 1215 2744 ludorum
1236 2708 1526 2753 descriptionem
1552 2707 1609 2749 (fr.
1627 2708 1683 2748 163³

150 2777 172 2798 a
191 2764 318 2807 Fabio,
346 2775 427 2798 cum
456 2774 545 2798 suae
565 2763 701 2798 aetatis
721 2774 778 2797 res
800 2763 1015 2808 explicaret,
1042 2763 1221 2797 insertam
1241 2762 1335 2796 falso
1357 2762 1405 2796 ad
1424 2760 1518 2795 illud
1539 2761 1684 2801 tempus

151 2828 172 2852 a
198 2817 375 2862 Dionysio
401 2817 557 2851 relatam
584 2828 662 2851 esse
690 2828 774 2850 cum
800 2827 937 2862 magna
957 2816 1233 2861 probabilitatis
1254 2815 1376 2860 specie
1398 2813 1607 2857 suspicatus
1630 2812 1686 2845 est

150 2871 339 2916 Kiessling
364 2870 417 2905 De
444 2870 551 2906 Dion.
577 2883 612 2915 p.
637 2874 689 2904 14.
