2002 3342
321 185 465 215 xcvm
647 172 710 206 DE
740 171 1049 206 SCRIPTORVM
1077 171 1200 206 V1T1s
1229 172 1290 206 ET
1319 172 1523 208 soeiPTIS

322 290 363 322 ut
392 295 601 322 numerum
630 283 816 333 expleret,
844 296 889 321 ex
918 282 956 321 C.
978 283 1142 322 Aemilio
1170 284 1300 322 effecit
1327 283 1465 322 Gaium
1493 290 1530 323 et
1556 284 1776 324 Aemilium.
1816 292 1858 326 at

321 361 383 387 res
412 351 516 400 ipsas
545 348 679 386 Latine
708 348 753 386 ab
782 353 939 387 auctore
965 348 1125 387 Diodori
1152 351 1318 400 scriptas
1352 361 1438 388 esse
1471 362 1544 388 nec
1570 349 1729 389 IIarless
1758 347 1799 405 (1.
1823 364 1852 390 s.

320 427 354 465 p.
377 411 512 467 3—6)
550 426 621 451 nec
656 413 793 452 Pluess
830 410 1038 466 (Fleclteis.
1066 426 1153 452 ann.
1180 414 1225 452 IC
1258 427 1294 465 p.
1322 412 1420 453 241.
1460 414 1541 453 Clll
1574 428 1609 466 p.
1637 413 1741 469 290)
1779 429 1854 455 nec

319 480 360 518 E.
382 480 513 530 Meyer
539 479 561 516 l.
591 491 619 517 s.
649 475 988 533 (1011101131Γ3111ῐ.1)
1036 491 1080 517 eo
1108 480 1268 518 maioris
1294 481 1483 518 momenti
1509 479 1605 518 illud
1633 482 1717 519 eius
1744 494 1855 520 men-

321 546 474 584 dacium
496 544 583 582 ideo
612 550 682 594 est,
711 544 813 594 quod
839 545 988 582 ueteris
1014 543 1119 582 illius
1141 545 1346 595 scriptoris
1367 545 1635 583 testimonium
1664 548 1858 597 seruauit,

325 612 388 648 cui
414 611 644 660 priusquam
678 609 836 647 annales
870 610 1029 647 maximi
1064 608 1157 647 editi
1191 614 1341 660 essent,
1374 615 1418 647 ut
1443 609 1647 649 historiam
1674 611 1852 651 scribere

319 680 492 726 possent,
519 676 647 725 ipsum
675 674 865 713 tablinum
893 673 1116 712 adeundum
1144 674 1227 712 suit.

408 738 509 777 Num
538 735 751 791 Strabo‘2)
778 744 936 789 praeter
963 752 1051 777 eum
1080 739 1225 790 locum,
1253 739 1319 778 ubi
1347 739 1476 778 addito
1503 741 1661 779 nomine
1688 741 1850 780 Fabium

319 805 470 855 citauit,
507 816 551 842 eo
579 816 673 842 usus
701 805 752 842 sit
777 800 843 857 (fr.
865 800 959 856 22),
995 817 1065 855 pro
1094 810 1200 842 certo
1228 804 1428 843 adfirmari
1454 817 1532 843 non
1558 810 1699 856 potest.
1752 818 1852 857 quae

321 876 449 908 tamen
484 868 529 907 de
564 870 714 919 origine
747 868 858 907 urbis
886 866 943 921 (5,
965 866 1003 919 3,
1024 867 1050 907 2
1077 881 1112 920 p.
1135 866 1220 907 228
1237 866 1312 923 sq.)
1347 871 1523 921 exponit,
1562 876 1774 921 potuerunt
1807 883 1851 910 ea

318 946 477 973 manare
512 946 557 972 ex
591 933 726 984 Fabio,
766 939 1064 985 repraesentant
1097 939 1202 973 certe
1239 936 1470 973 memoriam
1502 934 1733 986 Romanam,
1772 947 1850 974 non

318 999 521 1050 Graecam,
546 1005 661 1050 atque
689 1012 777 1037 cum
806 999 944 1037 Strabo
972 1000 1167 1038 sermonis
1195 999 1322 1038 Latini
1348 1000 1452 1038 haud
1478 1001 1531 1039 ita
1557 1012 1702 1051 gnarus
1728 1001 1850 1039 fuisse

317 1065 500 1104 uideatur
537 1076 665 1115 neque
705 1065 934 1115 frequenter
973 1066 1188 1115 scriptores
1227 1065 1386 1104 Latinos
1424 1065 1581 1116 legerit,
1622 1065 1667 1104 de
1708 1065 1855 1117 quibus

322 1130 512 1169 iudicium
540 1142 702 1181 prorsus
729 1142 963 1180 peruersum
992 1130 1089 1168 ferat
1115 1126 1173 1183 (3,
1193 1128 1232 1181 4,
1256 1128 1308 1168 19
1336 1143 1371 1181 p.
1396 1128 1511 1181 166),
1546 1130 1655 1169 Fabii
1683 1130 1856 1169 Graecosv

321 1195 480 1234 annales
508 1207 597 1234 eum
624 1195 857 1246 praetulisse
885 1208 962 1233 non
990 1194 1175 1234 abhorret
1200 1208 1219 1234 a
1246 1197 1332 1234 ueri
1359 1196 1628 1234 similitudine.
1639 1192 1672 1249 3)

407 1261 461 1298 Ex
489 1260 737 1299 Plutarchi
763 1262 858 1298 uitis
879 1260 955 1299 huc
975 1262 1177 1311 pertinent
1197 1260 1363 1311 Romuli,
1385 1260 1506 1311 Fabii,
1533 1261 1707 1299 Marcelli
1726 1262 1855 1314 uitae,

316 1338 406 1365 nam
439 1328 479 1364 in
513 1327 656 1364 ceteris
688 1325 897 1364 Plutarcho
934 1326 1093 1364 annales
1126 1325 1316 1365 Fabianos
1352 1327 1557 1364 materiam
1598 1326 1851 1377 suppeditare

316 1404 392 1430 non
414 1392 589 1442 potuisse
611 1403 657 1429 ex
680 1403 816 1429 eorum
836 1390 979 1441 indole,
1001 1404 1117 1441 quam
1139 1403 1255 1442 supra
1277 1391 1610 1441 adumbrauimus,
1638 1388 1851 1445 appareffl)

315 1462 432 1507 atque
460 1458 499 1494 in
525 1456 690 1494 Romulo
718 1455 894 1506 quidem,
928 1457 1040 1494 cuins
1067 1456 1154 1494 fons
1180 1458 1392 1507 primarius
1420 1457 1494 1495 fuit
1519 1457 1656 1507 Varro,
1692 1456 1752 1495 bis
1779 1456 1851 1495 Fa·

314 1521 423 1560 bium
451 1523 544 1560 citat
571 1526 609 1560 et
635 1534 732 1572 quae
762 1521 808 1559 de
836 1521 992 1560 Romuli
1019 1527 1056 1560 et
1083 1521 1194 1560 Remi
1221 1523 1345 1560 initiis
1377 1523 1570 1573 narrauit,
1608 1523 1693 1573 ipse
1727 1534 1768 1560 se
1802 1534 1850 1560 ex

315 1599 359 1625 eo
387 1592 607 1625 mutuatum
636 1599 721 1625 esse
748 1591 933 1637 testatur,
969 1586 1037 1626 sed
1066 1588 1182 1625 etiam
1216 1587 1301 1625 aliis
1328 1586 1423 1625 locis
1451 1588 1535 1625 eius
1562 1588 1729 1637 uestigia
1757 1599 1852 1625 con·

314 1654 554 1703 spiciuntur,
589 1657 633 1690 ut
665 1654 704 1690 in
733 1652 922 1703 Tarpeiae
956 1651 1178 1703 proditione
1212 1648 1276 1706 (cs.
1306 1651 1392 1690 adn.
1420 1652 1467 1690 ad
1494 1653 1539 1690 fr.
1562 1649 1620 1705 8).
1671 1653 1711 1690 in
1738 1651 1851 1690 Fabii

315 1723 431 1768 atque
458 1717 631 1755 Marcelli
657 1719 752 1756 uitis
772 1717 1026 1756 Plutarchum
1052 1719 1188 1768 paucis
1215 1719 1390 1768 exceptis
1416 1717 1584 1769 plurima
1613 1730 1657 1756 ex
1680 1717 1848 1756 Pictoris

314 1782 475 1821 Graecis
508 1782 713 1821 annalibus
747 1782 925 1821 hausisse
959 1794 1104 1834 eosque
1137 1784 1432 1821 accuratissime
1460 1788 1638 1821 sec-utum
1667 1795 1772 1833 esse,
1804 1787 1848 1821 ut

313 1860 428 1898 saepe
450 1849 534 1898 ipsa
555 1847 677 1886 uerba
699 1849 901 1898 retineret,
923 1849 1106 1887 euincere
1128 1853 1289 1887 conatus
1311 1854 1371 1887 est
1387 1847 1434 1886 M.
1450 1847 1646 1886 Buchholz
1669 1843 1851 1901 (Quibus

309 1914 491 1963 fontibus
527 1914 769 1952 Plutarchus
808 1916 848 1952 in
890 1916 984 1952 uitis
1016 1915 1137 1952 Fabii
1169 1914 1344 1952 Maximi
1376 1919 1413 1952 et
1448 1914 1636 1952 Marcelli
1668 1925 1764 1952 usus
1795 1916 1847 1952 sit

312 1978 530 2029 Gryphisw.
560 1974 705 2031 1865).
756 1978 879 2017 multa
906 1990 998 2017 sane
1026 1980 1162 2017 insunt
1188 1978 1365 2017 in‘Fabii
1391 1980 1490 2030 uita,
1524 1991 1623 2029 quae
1657 1991 1726 2030 pro
1761 1979 1846 2017 eius

408 2088 440 2129 1)
468 2086 605 2121 Contra
643 2087 848 2121 Mommsen
888 2086 1019 2122 Graeci
1051 2087 1230 2122 sermonis
1268 2086 1369 2121 iilius
1407 2089 1519 2121 tenax
1558 2088 1629 2129 est,
1667 2088 1711 2122 R.
1741 2088 1784 2122 F.
1814 2088 1846 2121 ΙΙ

312 2152 346 2184 p.
368 2143 435 2174 273
452 2152 503 2183 sq.

406 2196 439 2238 2)
467 2194 553 2229 Misi
578 2194 776 2229 Nicolaum
803 2195 1075 2229 Damascenum
1103 2194 1157 2238 (fr.
1180 2193 1220 2228 5b
1239 2194 1277 2227 in
1298 2193 1409 2239 adn).
1448 2205 1534 2229 nam
1561 2194 1639 2228 siue
1666 2205 1750 2228 cum
1777 2193 1845 2229 Co-

310 2258 400 2291 tayo
427 2249 465 2281 et
490 2247 527 2282 L.
550 2248 740 2282 Dindorfio
767 2248 881 2293 (Iahn.
905 2259 988 2281 ann.
1011 2251 1055 2281 99
1081 2259 1115 2292 p.
1139 2251 1204 2281 111
1222 2258 1299 2291 sqq.
1329 2249 1367 2281 et
1392 2247 1478 2281 hist.
1500 2259 1554 2292 gr.
1574 2248 1662 2281 min.
1683 2247 1699 2281 I
1725 2259 1759 2292 p.
1781 2247 1846 2292 IV>

310 2300 548 2335 librariorum
581 2301 691 2345 culpa
723 2301 817 2335 illud
849 2301 991 2335 factum
1024 2311 1103 2335 esse
1139 2300 1411 2344 existimamus,
1450 2303 1492 2335 ut
1522 2300 1692 2345 Dionysii
1729 2300 1850 2335 uerba

310 2354 408 2388 inter
435 2354 512 2388 eius
540 2357 714 2399 excerpta
740 2355 1030 2396 intruderentur,
1057 2354 1147 2396 siue,
1175 2353 1274 2397 quod
1299 2356 1424 2388 tamen
1450 2354 1543 2388 mihi
1566 2354 1687 2388 minus
1707 2353 1843 2399 placet,

311 2419 395 2441 cum
415 2407 582 2450 Vadesio,
610 2408 788 2442 Muellero
810 2409 878 2452 OEr.
894 2407 937 2441 H.
955 2407 1013 2442 Gr.
1028 2407 1084 2441 -111
1103 2419 1139 2451 p.
1155 2409 1248 2451 410),
1275 2406 1480 2441 Ritschelio
1508 2406 1655 2452 (Opust).
1675 2407 1691 2440 Ι
1712 2419 1744 2452 p.
1761 2409 1844 2451 532)

310 2460 506 2494 Nicolaum
539 2462 609 2495 hoc
640 2461 721 2496 loco
748 2461 979 2505 Dionysiana
1011 2460 1058 2494 ad
1089 2460 1245 2494 uerbum
1277 2460 1315 2494 in
1344 2459 1458 2494 libros
1485 2471 1568 2495 suos
1595 2459 1842 2503 transtulisse,

312 2513 426 2548 Fabio
454 2516 551 2548 certe
577 2527 649 2549 non
677 2516 733 2549 est
757 2526 856 2548 usus.

407 2570 440 2612 3)
469 2568 703 2611 Quamquam
735 2580 809 2603 non
841 2568 971 2613 ignoro
1008 2567 1108 2612 apud
1140 2566 1299 2601 Fabium
1325 2566 1422 2601 filiae
1453 2566 1624 2611 precibus
1652 2571 1841 2601 exoratum

310 2621 499 2655 Amulium
522 2621 677 2655 Siluiam
698 2633 770 2656 non
792 2621 922 2664 occidi,
951 2622 1015 2655 sed
1035 2620 1168 2655 uinciri
1188 2620 1350 2663 iussisse,
1372 2621 1471 2664 apud
1492 2619 1711 2655 Strabonem
1730 2632 1841 2665 prop-

309 2677 366 2708 ter
404 2675 557 2709 fratrem
589 2674 779 2708 Amulium
817 2674 1068 2720 (χαριζόμενος
1105 2675 1266 2720 ἀδελφῷ)
1306 2673 1444 2708 Siluiae
1482 2673 1583 2708 uitae
1620 2674 1839 2718 pepercisse.

309 2727 379 2762 hoc
404 2730 531 2762 tamen
559 2728 750 2762 Strabonis
778 2728 892 2762 errori
918 2729 1033 2762 tribui
1059 2729 1191 2772 potest.

405 2782 439 2824 4>
466 2780 518 2815 Cf.
544 2781 689 2826 Quellen
710 2782 769 2816 des
789 2782 889 2815 Plut.
912 2783 952 2816 m
978 2782 1047 2817 den
1066 2781 1318 2826 Bioyraphien
1343 2781 1406 2816 der
1427 2781 1558 2816 Romen·
1583 2792 1618 2824 p.
1642 2784 1841 2815 146—162.

311 2838 388 2869 171.
415 2839 566 2870 51—57.
597 2838 745 2869 74-80.
