2002 3342
311 626 394 674 III.
423 627 550 681 QVA
570 627 718 674 FIDE
746 628 879 675 HAE
906 628 1257 684 RELIQVIAE
1285 629 1668 678 DIGNANDAE
1698 632 1844 680 SINT

401 739 670 791 Reliquiarum
698 754 794 792 quas
827 741 899 780 hoc
925 741 1125 780 uolumine
1159 742 1440 793 comprehendi
1469 743 1543 782 duo
1570 756 1714 795 genera
1741 751 1845 784 suut.

312 817 435 843 unum
463 806 566 843 enim
592 806 769 856 ipsorum
789 806 1003 845 uerborum
1024 807 1088 845 uel
1109 819 1242 846 rerum
1263 809 1607 858 grammaticarum
1629 809 1757 848 studio
1780 810 1846 850 de-

312 869 444 920 betur,
481 883 557 921 quo
600 882 644 908 ex
688 871 949 922 scriptoribus
994 871 1115 910 uerba
1160 872 1350 923 quaedam
1391 886 1479 912 cum
1519 876 1628 913 tenui
1667 887 1846 926 quaeque

313 936 507 973 enuntiati
547 935 711 974 frustulo
751 936 1027 987 enotabantur,
1067 937 1233 976 alterum
1272 938 1459 978 historiae
1500 939 1564 977 uel
1600 941 1847 991 antiquitatis

312 1001 549 1050 tractationi,
576 1013 651 1051 qua
677 1006 780 1040 totae
809 1004 1026 1041 sententiae
1054 1002 1118 1041 uel
1145 1015 1191 1041 ex
1216 1003 1443 1043 auctoribus
1465 1010 1671 1056 excerptae
1693 1006 1733 1044 in
1755 1017 1847 1044 con-

313 1072 461 1105 textum
490 1067 830 1106 transferebantur
861 1067 925 1106 uel
958 1079 1003 1106 ex
1038 1069 1226 1106 memoria
1260 1069 1551 1120 repetebantur.
1595 1071 1726 1121 itaque
1762 1070 1848 1121 plu·

314 1133 433 1170 rimas
456 1133 602 1183 prioris
623 1134 780 1183 generis
801 1132 991 1171 habemus
1016 1132 1117 1183 apud
1138 1132 1320 1184 Nonium,
1347 1134 1587 1185 Diomedem,
1614 1135 1849 1186 Charisium,

313 1197 571 1248 priscianum,
605 1197 768 1235 alterius
795 1197 897 1248 apud
925 1197 1167 1248 Ciceronem,
1194 1198 1363 1250 Liuium,
1392 1199 1633 1251 Dionysium,
1666 1199 1850 1252 Plinium,

313 1262 577 1313 Plutarchum,
606 1262 880 1313 Censorinum,
914 1262 1103 1313 Solinum,
1130 1263 1357 1314 Arnobium,
1390 1266 1599 1315 utriusque
1626 1265 1728 1316 apud
1756 1265 1848 1304 Var-

315 1338 463 1378 ronem,
485 1327 656 1377 Festum,
672 1326 851 1378 Gellium,
874 1327 1069 1378 Seruium,
1091 1328 1344 1380 Macrobium,
1366 1330 1433 1380 qui
1454 1329 1612 1380 quidem
1634 1331 1851 1381 scriptores

314 1398 482 1444 utroque
516 1392 645 1431 studio
679 1392 726 1431 ad
759 1395 940 1444 antiquos
973 1395 1188 1444 scriptores
1221 1394 1513 1445 peruoluendos
1549 1400 1588 1433 et
1615 1394 1851 1435 lectitandos

316 1457 422 1496 ducti
449 1463 551 1496 sunt.
604 1457 672 1496 sed
700 1470 745 1496 ex
773 1458 844 1496 hac
871 1458 1090 1497 studiorum
1120 1459 1349 1498 diuersitate
1379 1459 1461 1498 illic
1493 1461 1577 1511 ipsa
1611 1461 1850 1511 scriptorum

314 1522 453 1574 uerba,
479 1529 524 1562 ut
550 1523 595 1561 de
624 1524 680 1562 eis
708 1523 893 1574 sponderi
920 1536 1035 1574 posse
1062 1523 1262 1575 uideatur,
1288 1524 1352 1562 hic
1379 1537 1442 1563 res
1469 1530 1621 1564 tantum
1647 1525 1781 1577 modo,
1807 1531 1853 1564 ut

315 1588 361 1626 ab
390 1590 446 1627 eis
474 1590 672 1639 expositae
700 1593 824 1639 erant,
851 1594 1028 1628 seruatas
1054 1601 1141 1628 esse
1169 1589 1391 1628 concludas.
1430 1603 1571 1629 uerum
1592 1596 1723 1629 tamen
1747 1590 1852 1642 quod

316 1653 529 1692 discrimen
555 1655 661 1692 inter
686 1653 750 1692 illa
779 1653 853 1692 duo
881 1666 1026 1705 genera
1052 1654 1274 1705 intercedit,
1302 1667 1343 1693 re
1370 1667 1465 1694 uera
1493 1667 1569 1693 non
1599 1660 1659 1694 est
1685 1660 1848 1706 tantum,

316 1725 505 1770 quantum
532 1719 660 1757 obiter
685 1720 755 1758 has
782 1732 846 1758 res
873 1719 1231 1770 contemplantibus
1259 1719 1374 1758 nobis
1400 1720 1529 1758 uideri
1556 1721 1691 1771 possit.
1736 1722 1852 1759 nimi·

316 1797 422 1835 rum,
461 1786 646 1835 quoniam
681 1784 822 1823 horum
856 1790 1035 1823 textuum
1071 1797 1278 1836 compages
1317 1798 1395 1823 non
1428 1791 1472 1824 ut
1509 1798 1699 1824 uersuum
1733 1786 1854 1825 certis

316 1851 493 1889 numeris
526 1850 889 1901 adstringebantur,
917 1855 955 1888 et
982 1851 1049 1901 qui
1077 1849 1351 1889 describebant
1378 1852 1461 1902 ipsa
1488 1850 1627 1902 uerba,
1663 1863 1742 1889 non
1767 1856 1854 1889 ute-

315 1915 460 1954 bantur
486 1928 530 1954 ea
552 1928 627 1966 qua
654 1928 725 1954 nos
752 1928 857 1954 nunc
884 1915 1073 1966 religione
1096 1928 1139 1953 ac
1162 1915 1375 1967 diligentia,
1403 1921 1441 1954 et
1462 1917 1528 1967 qui
1549 1928 1613 1954 res
1634 1915 1853 1954 secundum

319 1981 489 2032 aliquem
516 1986 717 2019 auctorem
739 1982 834 2019 artis
861 1993 955 2019 suae
982 1982 1205 2032 praeceptis
1228 1972 1411 2020 ‘obsecuti
1436 1980 1707 2032 pertexebant,
1733 1993 1779 2019 ex
1807 1993 1853 2019 eo

317 2059 434 2098 quem
460 2046 600 2085 horum
628 2047 804 2084 omnium
832 2052 915 2084 tum
943 2047 1064 2085 fuisse
1092 2051 1246 2084 constat
1270 2058 1379 2085 more
1406 2058 1456 2085 ne
1482 2045 1605 2085 uerba
1626 2045 1785 2096 quidem
1811 2046 1853 2083 in

316 2111 437 2150 libros
459 2124 550 2150 suos
571 2112 787 2150 transferre
808 2113 928 2150 ueriti
949 2117 1052 2161 sunt,
1073 2112 1151 2149 nisi
1172 2123 1216 2149 ea
1232 2123 1372 2149 ornare
1392 2123 1508 2162 posse
1524 2110 1599 2149 sibi
1616 2109 1854 2149 uidebantur

317 2189 552 2227 erroresque
573 2176 855 2228 mendaciaque
878 2176 1087 2216 emendare
1110 2173 1349 2229 (Walzrheit
1369 2188 1407 2214 u.
1423 2177 1557 2215 Kunst
1576 2188 1612 2226 p.
1634 2173 1719 2214 429
1736 2172 1854 2229 sqq),

317 2247 384 2281 aut
410 2247 569 2281 auctore
598 2254 667 2280 suo
695 2243 867 2293 seposito
894 2243 1083 2280 memoria
1111 2254 1180 2280 sua
1214 2237 1517 2294 conlidebant.¹)
1569 2253 1667 2292 quae
1694 2240 1853 2291 quidem

318 2320 382 2346 res
409 2320 497 2346 eum
525 2307 707 2358 plurimis
734 2307 841 2358 locis,
868 2307 937 2346 ubi
963 2312 1065 2345 totos
1092 2306 1213 2345 libros
1235 2312 1414 2345 seruatos
1434 2307 1539 2345 inter
1563 2318 1604 2344 se
1626 2317 1853 2356 comparare

317 2372 421 2424 licet,
447 2372 557 2411 uelut
577 2372 720 2410 Valerii
747 2372 903 2411 Maximi
931 2378 969 2411 et
996 2372 1099 2410 Liuii
1126 2371 1419 2422 Ciceronisque,
1447 2371 1572 2409 Taciti
1597 2370 1853 2409 historiarum

319 2444 357 2476 et
382 2437 583 2476 Plutarchi
608 2438 677 2475 uit.
706 2437 848 2476 Galbae
876 2442 913 2476 et
940 2436 1116 2488 Othonis,
1144 2436 1285 2488 Orosii,
1318 2436 1510 2487 Eutropii,
1542 2435 1648 2474 Flori
1674 2440 1712 2473 et
1738 2434 1853 2486 Liuii,

318 2504 513 2542 Ammiani
538 2502 756 2541 Marcellini
789 2509 827 2541 et
855 2502 996 2553 Solini,
1035 2502 1201 2540 aliorum
1235 2502 1507 2552 confirmetur,
1546 2506 1629 2539 tum
1663 2502 1780 2538 etiam
1812 2501 1853 2538 in

416 2630 449 2673 1)
477 2628 612 2663 Contra
645 2628 824 2673 eclogarii
856 2628 1092 2663 Constantini
1126 2629 1163 2662 et
1196 2638 1292 2671 quae
1325 2638 1368 2662 ex
1393 2626 1584 2662 ueteribus
1611 2625 1854 2670 scriptoribus

320 2684 597 2726 excerpserant,
637 2692 708 2726 quo
741 2682 890 2716 facilius
928 2681 1254 2726 intellegerentur,
1294 2680 1370 2715 suis
1404 2679 1672 2714 addita-mentis
1704 2678 1854 2723 supple-

318 2737 454 2770 uerunt
480 2737 517 2769 et
543 2747 609 2779 pro
634 2735 791 2769 uocibus
817 2734 1004 2769 inusitatis
1032 2734 1126 2768 alias
1149 2734 1423 2768 substituerunt
1443 2735 1479 2767 et
1499 2732 1619 2766 multa
1639 2731 1853 2767 omiserunt.

320 2789 374 2824 Cf.
399 2789 534 2823 Nissen
562 2789 881 2833 Untersuchunyen
906 2800 942 2832 p.
958 2791 1025 2822 318
1041 2799 1119 2831 sqq.
1152 2786 1490 2822 Buettner-Wobst
1516 2786 1554 2820 in
1574 2786 1690 2831 praef.
1719 2785 1767 2820 ad
1794 2796 1854 2820 ex-

321 2844 447 2887 cerpta
475 2841 596 2876 Const.
617 2841 649 2875 Π
675 2853 710 2886 p.
732 2854 819 2875 xxix
834 2853 912 2885 sqq.

1993 2821 2002 2974 -.-<‡;c.4-
1995 2768 1998 2787 -ᾼ
1993 2710 1998 2736 ν-
