2002 3342
309 217 461 249 cccxx
645 205 707 239 DE
735 204 1042 240 scaiPToavM
1068 205 1191 239 vrris
1217 205 1278 239 ET
1306 205 1514 241 SCRIPTis

310 316 496 355 audacter
523 322 832 366 contempserat,
866 315 934 354 sed
961 316 1149 367 singulari
1171 329 1289 367 opere
1319 316 1364 355 de
1391 318 1600 368 Agathocle
1628 320 1841 369 composito

312 382 532 420 facultatem
562 393 672 419 suam
700 382 784 419 eius
809 382 904 419 artis
926 388 1239 434 exprompserat,
1266 381 1507 432 Phylarchus
1527 383 1841 422 misericordiam

307 459 376 497 pro
404 446 659 484 admiratione
694 452 733 484 et
757 452 964 484 uenustate
992 446 1221 497 induxerat,
1249 459 1338 485 cum
1365 447 1412 485 ab
1439 447 1661 486 Aristotelia
1689 455 1839 499 tragoe-

306 511 392 549 diae
433 511 659 550 definitione
699 511 898 561 profectus
932 512 1175 562 confusaque
1212 513 1322 562 poesi
1355 518 1392 550 et
1427 512 1589 551 historia
1623 513 1683 560 εἰς
1715 509 1840 553 ἔλεον

305 573 570 615 ἐκκαλεῖσθα
606 575 708 622 τοὺς
747 573 1132 626 ἀναγινώσκοντας
1167 573 1237 615 καὶ
1279 579 1529 627 συμπαθεῖς
1567 583 1712 617 ποιεῖν
1749 583 1842 625 τοῖς

305 637 556 693 λεγομένοις
587 640 708 679 uellet
735 636 884 693 (Polyb.
908 638 1028 691 2:35,
1047 639 1109 694 7):
1137 641 1315 680 Valerius
1340 643 1474 681 Antias
1506 649 1717 694 utrumque
1749 656 1840 681 con-

304 708 469 757 iungere
505 705 713 744 consilium
747 707 862 756 cepit.
902 707 1033 756 itaque
1062 712 1099 745 et
1130 719 1263 745 rerum
1290 709 1519 746 memoriam
1546 709 1693 758 tragice
1721 709 1838 759 auxit,

304 784 421 822 quem
449 772 495 809 ad
521 770 680 810 modum
703 770 819 809 Duris
848 771 894 809 de
922 772 1085 809 saeuitia
1107 772 1407 811 Atheniensium
1429 772 1542 811 Samo
1568 775 1693 824 patria
1715 780 1837 824 capta,

304 838 417 875 cuius
433 849 506 875 nec
520 836 770 887 Thucydides
791 848 864 874 nec
879 835 1060 886 Ephorus
1081 849 1153 875 nec
1168 837 1397 876 Aristoteles
1417 839 1657 877 mentionem
1680 838 1837 890 fecerat,

304 897 696 955 “ἑπετραγςόδησεν’
724 906 839 951 atque
873 902 1033 939 omnino
1066 903 1106 940 in
1140 902 1334 940 narrando
1363 915 1382 940 a
1409 904 1576 941 ueritate
1603 903 1745 942 leuiter
1773 903 1837 942 de-

302 968 466 1006 flexerat
487 964 604 1020 (Plut.
620 966 706 1005 Per.
726 964 790 1004 18.
811 965 903 1004 Dur.
920 966 966 1004 fr.
979 963 1067 1019 60),
1095 967 1164 1006 sed
1178 967 1281 1006 idem
1299 969 1414 1006 etiam
1429 970 1633 1007 materiam
1654 968 1836 1007 traditam

302 1035 359 1072 sic
387 1033 666 1082 conformauit,
698 1038 741 1070 ut
774 1032 856 1069 uim
889 1037 928 1070 et
961 1032 1144 1072 effectum
1177 1032 1401 1083 tragoediae
1434 1030 1532 1086 (uid.
1565 1034 1772 1073 Wahrhez't
1798 1047 1835 1073 u.

303 1100 436 1137 szst
456 1111 491 1149 p.
510 1093 686 1150 214sq.)
721 1109 766 1135 ex
793 1097 972 1135 ueritatis
1006 1097 1232 1137 carceribus
1258 1099 1298 1136 in
1323 1098 1528 1137 historiam
1554 1098 1677 1137 libere
1704 1100 1836 1137 inmit-

301 1170 403 1202 teret
435 1169 473 1201 et
506 1175 639 1201 rerum
674 1162 837 1200 scientia
865 1168 996 1212 spreta
1023 1165 1174 1202 animos
1201 1164 1471 1202 misericordia
1498 1161 1729 1218 impleretl)
1767 1177 1834 1203 ue-

302 1241 388 1268 rum
410 1234 540 1267 tamen
562 1239 775 1278 numquam
797 1239 860 1264 ars
875 1228 953 1264 nisi
968 1228 1179 1278 singularis
1199 1229 1347 1279 ingenii
1363 1230 1474 1279 quasi
1490 1229 1623 1268 diuino
1645 1231 1833 1268 instinctu

300 1295 486 1332 concitati
518 1295 648 1344 ipsum
674 1290 820 1337 πάθος
845 1292 1049 1331 hominum
1075 1295 1293 1332 imitatione
1321 1306 1389 1332 sua
1417 1295 1688 1345 consequitur,
1711 1294 1832 1333 multo

300 1361 432 1398 minus
461 1358 629 1397 eruditio
657 1364 695 1396 et
723 1356 899 1395 doctrina
926 1359 1129 1396 materiam
1151 1358 1321 1409 aliquam
1343 1360 1575 1397 commentis
1603 1365 1641 1398 et
1666 1360 1832 1398 fictioni-

300 1424 372 1463 hus
399 1430 564 1463 auctam.
603 1423 649 1461 ad
676 1422 775 1460 hanc
804 1423 909 1460 enim
937 1425 1131 1462 sententia
1157 1425 1252 1475 eius,
1280 1425 1348 1475 qui
1373 1421 1472 1477 περὶ
1500 1421 1642 1471 ὕψους
1663 1425 1833 1476 scripsit,

299 1491 489 1541 pertinet:
517 1486 760 1527 ἐνθουσιᾶν
781 1483 954 1533 ἑαυτοῖς
975 1487 1209 1536 δοκοῦντες
1229 1487 1280 1528 οὐ
1297 1487 1592 1541 βακχεύουσιν
1613 1487 1721 1528 ἀλλὰ
1735 1490 1832 1528 παί-

299 1555 449 1603 ζουσιν
477 1550 608 1607 (3,2).
647 1553 827 1591 luserunt
861 1553 982 1602 igitur
1014 1560 1051 1592 et
1082 1553 1322 1605 Phylarchus
1350 1559 1389 1593 et
1414 1555 1567 1604 Antias,
1597 1554 1661 1593 ille
1689 1560 1831 1605 autem,

299 1622 332 1658 si
353 1626 500 1658 mortes
521 1618 656 1669 Agidis
678 1624 716 1657 et
737 1616 959 1656 Cleomenis
981 1631 1001 1656 a
1022 1619 1230 1658 Plutarcho
1258 1619 1474 1658 secundum
1503 1621 1587 1658 eius
1609 1619 1830 1670 exemplum

298 1685 474 1736 depictas
496 1684 869 1736 comparauerimus,
890 1685 1011 1724 multo
1034 1686 1163 1736 aptius
1179 1697 1294 1736 quam
1309 1684 1384 1734 hic,
1403 1697 1520 1735 quem
1535 1686 1739 1723 materiam
1754 1691 1829 1723 tra-

298 1752 383 1801 gice
399 1756 616 1789 mutantem
631 1751 785 1788 sincera
802 1752 1006 1791 admiratio
1022 1752 1165 1789 summi
1179 1750 1284 1788 illius
1299 1751 1377 1788 uiri
1392 1749 1586 1800 ardorque
1602 1751 1750 1800 ingenii
1766 1749 1828 1788 de-

297 1816 402 1854 fecit.
435 1817 475 1854 in
497 1815 578 1854 sola
598 1828 718 1866 opera
740 1819 963 1867 speciosum
984 1816 1093 1854 illum
1110 1815 1212 1854 diem
1232 1815 1434 1866 triumphi,
1456 1828 1530 1865 quo
1551 1814 1741 1854 inuidiam
1762 1814 1827 1853 ad-

296 1882 565 1920 uersariorum
589 1881 747 1932 deuicit,
768 1889 806 1920 et
830 1894 1031 1921 secessum
1054 1881 1301 1920 Literninum
1322 1879 1577 1918 continuandi
1599 1881 1744 1930 tragica
1766 1881 1827 1918 uis

296 1958 373 1985 non
395 1952 454 1984 est
475 1945 649 1984 absoluta
671 1952 709 1985 et
730 1947 893 1998 expleta,
914 1958 1042 1997 neque
1063 1947 1184 1996 igitur
1203 1945 1403 1984 Romanus
1424 1945 1604 1996 politiore
1628 1945 1826 1984 doctrinae

295 2011 590 2062 elegantiaeque
618 2012 865 2051 institutione
893 2024 1031 2050 carens
1059 2010 1236 2062 exempla
1262 2023 1331 2048 sua
1358 2009 1605 2049 hellenistica
1631 2012 1825 2061 aequauit.

296 2078 413 2115 etiam
446 2082 558 2115 aucta
592 2082 652 2115 est
684 2078 768 2116 eius
797 2077 1007 2116 difficultas
1033 2077 1221 2115 materiae
1249 2075 1450 2127 qualitate3
1483 2087 1573 2113 nam
1599 2077 1640 2113 in
1666 2075 1824 2126 Phylar-

295 2141 411 2180 chum
433 2141 615 2192 Polybius
643 2141 783 2181 acerbe
810 2144 1003 2192 inuectus,
1033 2140 1136 2192 quod
1167 2140 1379 2179 discrimen
1406 2140 1605 2191 historiae,
1633 2142 1695 2179 cui
1720 2141 1823 2179 ueri-

294 2212 372 2245 tate
405 2212 493 2245 ante
526 2208 660 2245 oculos
695 2209 895 2258 proposita
930 2207 1108 2245 homines
1145 2205 1310 2244 docendi
1345 2218 1555 2256 moresque
1591 2205 1824 2244 emendandi

294 2277 438 2322 esseut,
466 2277 504 2310 et
523 2272 758 2322 tragoediae,
787 2273 849 2311 cui
871 2273 992 2311 animi
1012 2273 1153 2322 quouis
1175 2276 1404 2320 argumento
1430 2270 1679 2321 percutiendi
1698 2276 1735 2309 et
1758 2270 1822 2309 de-

294 2336 462 2375 lectandi
501 2342 651 2387 essent,
690 2339 833 2375 artium
865 2338 1024 2375 omnino
1060 2336 1324 2385 diuersarum,
1363 2335 1650 2374 oblitterauerit
1681 2332 1822 2389 (256,

297 2399 351 2440 10
363 2398 481 2454 sqq),
502 2414 658 2440 causam
680 2415 700 2440 a
721 2403 842 2440 nimio
864 2403 947 2441 eius
969 2403 1089 2440 animi
1109 2401 1238 2440 studio
1260 2401 1428 2451 repetiit,
1449 2413 1524 2451 quo
1546 2413 1683 2451 regum
1704 2400 1822 2439 Lace-

294 2467 589 2505 daemoniorum
622 2468 776 2505 tristem
810 2472 956 2505 sortem
989 2465 1261 2505 miserabatur.
1301 2471 1435 2505 contra
1456 2465 1631 2504 Valerius
1658 2478 1722 2504 res
1747 2465 1821 2504 Ro-

293 2544 428 2570 manas
461 2530 507 2569 ab
541 2532 692 2582 origiue
724 2531 835 2570 urbis
866 2544 992 2582 usque
1025 2531 1072 2570 ad
1099 2543 1209 2569 suam
1235 2536 1402 2569 aetatem
1433 2536 1666 2582 persecutus
1693 2543 1820 2582 neque

292 2602 461 2634 tractum
487 2595 551 2634 uel
579 2595 706 2634 lenem
729 2596 794 2635 uel
814 2596 1008 2635 tumidum
1035 2597 1223 2635 orationis
1249 2608 1378 2646 neque
1398 2597 1556 2646 imperii
1576 2597 1820 2634 constitutio-

389 2707 421 2748 1)
449 2703 631 2745 Quoniam
651 2704 880 2748 Phylarchus
905 2704 943 2738 in
969 2704 1039 2738 tali
1064 2703 1211 2738 luxuria.
1230 2704 1490 2748 descriptionis
1511 2715 1635 2738 secum
1654 2704 1732 2747 ipse
1751 2715 1820 2748 pu—

290 2758 421 2803 gnavit
439 2757 647 2801 (Its'ahrheit
666 2769 702 2792 u.
724 2758 851 2792 Kunst
875 2769 911 2802 p.
926 2761 994 2791 218
1009 2759 1070 2801 n.)‚
1096 2768 1170 2791 non
1195 2757 1413 2791 mirabimur
1433 2757 1533 2801 quod
1559 2757 1670 2791 etiam
1690 2756 1818 2791 Liuius

289 2811 351 2845 uel
371 2810 542 2844 Valerius
574 2810 613 2844 in
645 2811 803 2844 eundem
835 2822 994 2845 errorem
1026 2810 1160 2844 incidit
1191 2821 1258 2845 nee
1289 2820 1530 2854 personarum
1555 2821 1675 2844 mores
1702 2812 1738 2844 et
1762 2810 1820 2844 in-

288 2864 401 2909 genia
427 2864 638 2898 constanter
662 2863 780 2898 tuitus
807 2866 872 2898 est.
