2002 3342
381 179 426 218 ΙΙ.
452 178 515 212 DE
544 176 859 211 LITTERARVM
885 173 1210 209 MONVMENTIS
1237 174 1459 209 PRIVATIS
1558 188 1687 219 XLVH

156 290 245 329 hius
272 289 484 328 Ambustus
513 287 694 326 tribunus
722 285 902 336 militum,
930 297 1042 323 socer
1069 284 1253 335 Stolonis,
1287 285 1416 335 legum
1446 285 1685 325 Liciniarum

156 355 376 394 Sextiarum
409 365 486 391 non
520 352 645 391 solum
679 363 817 389 suasor
850 349 918 388 sed
955 351 1070 388 etiam
1107 355 1244 388 auctor
1280 356 1338 388 est
1373 346 1430 401 (6,
1452 347 1520 401 34,
1541 348 1686 406 5sqq.;

155 418 222 471 36,
252 417 273 458 7
291 416 413 472 sqq),
448 431 478 457 a.
501 414 597 455 335.
618 414 704 455 419
732 416 778 454 M.
801 415 944 453 Fabius
977 411 1173 465 ecaptiuus
1206 413 1420 453 Romanus'
1450 415 1495 454 de
1529 416 1686 457 Calibus

153 485 384 536 expugnatis
405 483 504 522 bene
526 488 703 521 meretur
717 477 775 535 (8,
794 478 858 530 16,
875 476 934 534 9),
957 479 1002 517 de
1024 491 1099 530 qua
1120 479 1233 518 laude
1255 479 1351 517 nihil
1373 479 1529 519 aliunde
1550 488 1685 521 notum

152 556 228 602 est3
268 550 383 588 etiam
417 548 567 586 Dorsuo
601 546 684 597 ille,
724 547 790 597 qui
825 558 855 583 a.
884 543 981 583 390.
1009 542 1096 583 364
1130 544 1175 583 de
1210 544 1399 595 Capitolio
1433 558 1504 596 per
1535 547 1685 585 medios

152 614 280 653 Gallos
309 613 512 653 descendit
540 618 577 651 et
604 611 718 662 redit,
745 624 763 649 a
792 611 904 649 Liuio
932 611 1097 661 eiusque
1124 609 1286 648 asseclis
1306 609 1416 648 Fabii
1443 613 1600 650 nomine
1629 614 1685 651 in-

151 681 321 731 signitur
354 684 392 718 et
430 678 477 717 ad
516 684 659 716 statum
693 677 800 727 genti
833 675 974 714 Fabiae
1014 676 1053 713 in
1087 674 1184 713 colle
1218 673 1412 719 Quirinali
1448 677 1686 716 sacrificium

152 744 375 783 faciendum
403 745 460 782 ire
488 756 606 782 ausus
634 748 694 781 est
720 738 777 794 (ἴ),
798 739 868 791 46,
888 736 993 794 52).1)

239 809 316 848 Sed
349 810 465 847 etiam
501 809 598 847 ratio
632 812 670 846 et
702 806 911 845 consilium
951 805 1328 844 obtrectationis
1367 806 1407 843 in
1445 806 1562 844 rebus
1595 820 1686 846 con-

150 873 364 913 formandis
392 886 437 912 ex
465 873 568 912 Liuii
594 873 820 911 narratione
846 870 1038 922 perlucet,
1065 869 1301 921 simulatque
1329 870 1446 909 Fabia
1473 883 1568 921 gens
1596 884 1686 911 cum

149 939 390 978 Corneliis
425 944 491 977 aut
517 951 606 977 cum
634 938 768 989 Appiis
795 935 968 975 Claudiis
1002 936 1216 974 concurrit.
1267 948 1356 974 nam
1385 941 1593 987 postquam
1621 950 1684 976 res

149 1006 305 1055 egregie
333 1010 469 1042 contra
497 1003 694 1042 Samnites
722 1015 752 1041 a.
775 999 873 1041 322.
895 999 982 1040 432
1010 1013 1029 1039 a
1058 1000 1247 1039 dictatore
1275 1001 1315 1039 Α.
1338 1001 1518 1039 Cornelio
1540 1003 1686 1041 Aruina

147 1075 277 1120 gestas
305 1070 505 1108 enarrauit
533 1065 590 1121 (8,
612 1065 667 1106 38
685 1064 773 1119 sq.),
804 1066 891 1105 aliis
917 1066 1029 1104 libris
1057 1067 1292 1117 comparatis
1320 1066 1359 1104 id
1384 1066 1531 1105 bellum
1553 1080 1573 1105 a
1594 1080 1684 1106 con-

148 1134 311 1185 sulibus,
339 1134 379 1172 L.
402 1134 540 1173 Fuluio
569 1140 605 1172 et
632 1133 675 1179 Q.
696 1132 815 1172 Fabio
837 1131 1017 1182 Maximo,
1044 1137 1198 1182 gestum
1226 1143 1313 1170 esse
1341 1144 1486 1183 eosque
1509 1131 1554 1170 de
1577 1133 1685 1172 Sam-

148 1199 297 1239 nitibus
329 1199 611 1250 triumphasse,
646 1197 872 1237 Cornelium
905 1201 1035 1236 autem
1067 1196 1249 1235 ludorum
1276 1196 1541 1236 Romanorum
1569 1211 1685 1237 causa

149 1265 379 1303 dictatorem
403 1270 577 1303 creatum
599 1276 685 1303 esse
707 1259 869 1316 addit2),
894 1274 969 1313 qua
991 1261 1255 1313 discrepantia
1276 1263 1468 1301 excitatus
1489 1264 1685 1314 querellas

147 1342 238 1369 suas
264 1331 305 1368 in
331 1330 427 1368 haec
453 1329 577 1368 uerba
603 1331 679 1368 iam
708 1340 826 1379 supra
859 1332 1163 1366 commemorata
1197 1326 1243 1365 de
1276 1328 1413 1366 uitiata
1447 1328 1684 1368 familiarum

146 1395 362 1434 mendaciis
395 1396 585 1433 memoria
619 1394 757 1433 effudit
788 1390 847 1446 (8,
874 1390 944 1443 40,
970 1388 1036 1446 4):
1079 1393 1270 1431 Vite'atam
1302 1396 1535 1432 memoriam
1564 1395 1683 1444 fune-

146 1462 286 1500 bribus
311 1462 501 1500 laudibus
527 1472 623 1499 reor
651 1460 849 1509 falsisque
881 1460 1104 1506 imaqz'num
1136 1460 1279 1506 titulis,
1319 1459 1412 1496 dum
1439 1458 1603 1508 familia
1631 1462 1688 1499 ad

144 1538 188 1565 se
214 1538 397 1576 quaeque
418 1525 572 1575 famam
598 1537 737 1564 rerum
761 1528 970 1573 qestarum
990 1524 1267 1572 honorumque
1289 1523 1453 1573 fallenti
1471 1526 1684 1565 mendacio

147 1593 324 1629 trahunt.
376 1592 471 1629 inde
506 1596 615 1629 certe
651 1596 688 1629 et
722 1591 975 1638 sinyulorum
1009 1593 1125 1637 qesta
1161 1593 1199 1627 et
1224 1590 1397 1638 publica
1428 1596 1684 1630 monumenta

145 1668 283 1695 rerum
316 1656 498 1705 confusa.
551 1667 628 1694 nec
659 1658 871 1704 quisquam
905 1655 1087 1702 aequalis
1119 1655 1366 1703 temporibus
1398 1656 1476 1693 ille‘s
1506 1658 1686 1705 scriptor

147 1726 291 1771 exstat,
319 1732 396 1770 quo
421 1724 522 1760 satis
548 1726 658 1760 certo
687 1725 855 1759 auctore
880 1724 1018 1757 stetur.
1062 1731 1179 1769 quam
1205 1718 1516 1769 indignationem
1542 1719 1684 1760 Fabiae

147 1787 278 1836 gentis
305 1785 550 1837 adrogantia,
584 1787 697 1824 cuius
724 1784 959 1824 laudationis
987 1788 1101 1822 antea
1127 1785 1380 1835 meminerat,
1413 1790 1557 1823 motam
1585 1798 1685 1837 esse,

145 1853 331 1902 quoniam
353 1851 399 1890 de
421 1850 559 1889 Fuluia
580 1850 678 1889 nihil
699 1855 945 1901 compertum
972 1848 1174 1900 habemus,
1203 1855 1309 1888 certe
1330 1851 1418 1888 ueri
1439 1849 1683 1890 simillimum

146 1921 215 1955 est.
261 1916 367 1956 aliud
388 1915 610 1967 exemplum
637 1915 739 1955 bella
758 1915 988 1954 Volscorum
1015 1910 1263 1967 praebent-⁹²)
1308 1927 1397 1953 nam
1425 1928 1455 1954 a.
1477 1913 1575 1954 459.
1597 1914 1683 1956 295

146 1981 283 2021 Liuius
310 1981 353 2027 Q.
374 1981 538 2020 Fabium
560 1981 794 2020 Vibulanum
822 1979 1024 2019 consulem
1052 1981 1231 2031 egregias
1257 1981 1445 2019 uictorias
1467 1980 1513 2019 de
1535 1981 1684 2021 Volscis

241 2091 273 2133 1)
302 2088 514 2134 Cognomen
546 2089 748 2124 Dorsuonis
781 2088 838 2123 bis
872 2099 954 2123 cum
988 2088 1132 2122 duobus
1166 2088 1250 2122 aliis
1277 2088 1404 2123 Fabiis
1434 2089 1683 2134 coniungitur.

144 2142 268 2176 Etiam
295 2142 502 2177 Mommsen
529 2142 697 2177 fabulam
726 2153 768 2176 ex
797 2141 913 2176 Fabio
934 2141 1081 2175 Pictore
1107 2141 1260 2186 repetiit
1280 2142 1340 2185 (R.
1356 2142 1450 2176 RH
1471 2154 1506 2186 p.
1523 2145 1590 2176 319
1603 2154 1681 2186 sqq.

144 2195 318 2230 Muenzer
342 2195 366 2230 1.
388 2207 415 2230 s,
437 2198 600 2241 01768).
622 2217 666 2221 ——
690 2195 882 2237 Quaedam
909 2195 1107 2229 Fabiorum
1133 2205 1191 2229 res
1218 2206 1263 2229 ne
1290 2194 1396 2229 Liuio
1423 2195 1575 2240 quidem
1600 2207 1684 2240 pro·

143 2249 291 2283 bandae
317 2248 421 2284 uisae
449 2251 551 2290 sunt,
585 2251 627 2284 ut
653 2261 684 2284 a.
706 2252 785 2283 396.
809 2252 876 2283 358
905 2248 941 2283 C.
963 2248 1100 2282 Fabius
1134 2247 1263 2283 consul
1292 2248 1456 2282 ‘incaute
1484 2250 1596 2292 atque
1628 2249 1683 2283 in-

145 2302 312 2337 consulte
351 2303 529 2337 aduersus
565 2302 855 2347 Tarquinienses
893 2301 1095 2346 pugnauit'
1129 2303 1177 2346 (7,
1201 2305 1256 2344 15,
1278 2304 1328 2346 9),
1368 2302 1517 2346 saepius
1556 2304 1683 2336 tamen

144 2355 268 2390 clades
290 2357 464 2400 acceptas
485 2355 656 2391 insecuta
675 2355 836 2390 uictoria
858 2356 1075 2400 compensat
1101 2357 1146 2399 (a.
1170 2358 1249 2389 398.
1272 2358 1350 2397 356,
1378 2354 1457 2389 Liu.
1481 2358 1511 2397 7,
1535 2358 1590 2400 17)
1618 2358 1683 2389 aut

145 2408 253 2453 culpa
280 2409 416 2443 liberat
443 2411 490 2453 (a.
513 2413 592 2444 302.
614 2413 700 2443 452:
731 2412 784 2451 10,
808 2412 839 2451 3,
860 2412 891 2442 4.
921 2418 952 2443 a.
975 2412 1054 2443 449.
1077 2412 1162 2442 305:
1191 2412 1223 2451 3,
1244 2412 1300 2451 41,
1321 2411 1341 2442 8
1357 2410 1462 2453 sqq),
1489 2419 1563 2452 qua
1585 2409 1624 2442 in
1642 2420 1682 2443 re

143 2461 204 2496 hic
230 2461 308 2496 illic
335 2462 442 2496 Liuio
470 2462 672 2507 Dionysius
699 2461 937 2506 suffragatur.
983 2461 1158 2496 Muenzer
1182 2461 1206 2495 1.
1229 2473 1255 2496 s.
1283 2472 1312 2496 c.
1336 2464 1424 2495 1881
1442 2473 1520 2506 sqq.

240 2517 272 2559 2)
300 2514 425 2548 Etiam
451 2514 490 2548 in
516 2515 610 2549 actis
635 2517 792 2558 uterque
820 2515 949 2549 consul
976 2514 1021 2549 de
1042 2514 1272 2549 Samnitibus
1296 2514 1517 2559 triumphat,
1544 2514 1683 2549 Fabius

145 2567 258 2602 etiam
279 2567 324 2601 de
345 2567 477 2612 Apulis
499 2567 559 2612 (cf.
575 2568 655 2602 Liu.
677 2579 705 2603 c.
725 2571 781 2612 40,
804 2573 839 2602 1:
868 2569 1018 2612 quidam
1038 2573 1201 2603 auctores
1220 2572 1305 2603 sunt
1326 2589 1369 2592 —
1391 2568 1550 2602 Fabium
1573 2570 1678 2603 etiam

144 2622 184 2655 in
217 2622 395 2665 Apuliam
424 2622 637 2665 processisse
675 2626 782 2666 atque
807 2622 892 2656 inde
920 2633 1076 2667 maynas
1103 2623 1266 2667 praedas
1297 2622 1428 2667 egisse).
1475 2623 1604 2655 auctor
1636 2622 1682 2655 de

144 2674 212 2708 uir.
239 2673 292 2709 ill.
320 2678 376 2717 32,
405 2678 422 2708 1
458 2674 577 2709 solum
616 2675 723 2710 Fabii
756 2676 987 2720 triumphum
1021 2675 1340 2717 commemorauit,
1380 2673 1522 2708 Plinius
1554 2678 1584 2717 7,
1614 2678 1680 2709 136

145 2726 263 2761 solum
290 2727 424 2762 Fuluii.

241 2782 274 2824 3)
302 2780 512 2826 Schwegler
531 2780 564 2815 ΙΙ
583 2793 618 2826 p.
642 2784 707 2816 720
720 2793 798 2826 sqq.
826 2780 1012 2816 Luebbert
1031 2783 1088 2817 De
1107 2783 1269 2827 gentium
1289 2781 1394 2816 Rom.
1416 2781 1682 2816 commentariis

145 2833 346 2868 domesticis
370 2845 404 2878 p.
427 2838 553 2868 9—15.
