2002 3342
287 195 375 226 CCX
625 182 688 216 DE
717 181 1024 216 SCRIPTORVM
1050 180 1172 216 VITIS
1200 181 1261 215 ΕΤ
1288 181 1494 216 SCRIPTIS

286 293 353 332 Cn.
377 293 562 342 Gellium,
589 298 632 331 ut
659 292 955 331 Censorinus
983 288 1047 345 (fr.
1070 288 1164 345 28),
1195 297 1261 330 aut
1287 291 1521 343 simpliciter
1548 292 1714 331 Gellium
1741 293 1821 331 lau-

288 358 498 408 dauerunt,
536 363 580 396 ut
607 357 836 408 Vopiscus
869 353 1059 410 (11.1)1),
1099 356 1298 396 Seruius
1335 352 1399 410 (fr.
1425 355 1488 396 10.
1510 354 1605 410 33),
1644 357 1821 397 Macro-

285 423 390 462 bius
421 421 505 475 (24.
528 420 595 461 25.
618 419 713 476 27),
753 422 947 461 Solinus
975 419 1032 473 (7.
1054 419 1118 475 9),
1158 421 1333 460 Marius
1361 422 1640 461 Victorinus
1675 418 1740 476 (fr.
1763 420 1822 477 3),

285 489 563 527 Priscianus
586 484 734 540 (adnot.
750 487 796 526 ad
820 488 862 526 fr.
879 484 967 541 26),
994 489 1060 525 uix
1082 488 1212 537 ipsum
1235 492 1533 538 excerpserunt,
1559 500 1687 539 neque
1709 488 1823 526 aliter

284 553 546 592 iudicauerim
563 553 608 591 de
625 552 714 591 Cha
726 554 861 603 risio,
876 552 979 604 apud
992 565 1109 603 quem
1125 557 1275 603 septem
1289 551 1456 591 frustula
1468 549 1820 604 Gelliana(12.13.

289 616 353 657 14.
369 616 437 656 22.
455 616 521 657 23.
539 616 606 657 26.
621 616 677 656 29
704 631 740 669 p.
756 615 814 656 54
828 614 890 669 Κ)
919 630 997 656 uno
1025 617 1109 656 loco
1137 618 1344 656 coniuncta
1372 622 1463 656 sunt
1489 623 1651 668 propter
1677 617 1822 656 formas

285 685 326 722 in
361 683 490 722 datiuo
525 688 563 722 et
595 683 764 722 ablatiuo
797 683 896 734 plur.
930 684 1081 734 primae
1117 682 1388 721 declinationis
1424 684 1464 720 in
1498 684 1598 721 abus
1633 688 1822 721 exeuntes

286 748 411 799 allata,
439 754 641 799 praeterea
670 754 821 787 tantum
849 748 962 786 modo
987 747 1061 786 duo
1084 744 1149 800 (fr.
1165 745 1233 787 31.
1250 745 1336 800 32).
1371 747 1425 785 Ex
1446 747 1520 785 hoc
1541 753 1672 786 tamen
1692 747 1821 786 indice

287 825 382 852 caue
410 826 458 852 ne
487 813 713 852 diuturnam
735 813 802 852 Cn.
819 813 934 852 Gellii
961 814 1191 852 memoriam
1219 818 1257 851 et
1283 814 1558 851 auctoritatem
1586 813 1706 851 fuisse
1732 825 1821 851 con-

287 878 439 930 cludas3
473 879 590 917 Plinii
618 880 723 917 enim
757 884 1057 930 ceterorumque
1091 879 1355 929 cognitionem
1382 879 1466 917 eius
1500 890 1520 916 a
1548 878 1717 916 Varrone
1745 879 1822 916 ori-

287 945 418 994 ginem
441 943 599 983 duxisse
621 944 807 983 Muenzer
832 944 1093 990 szellenlcre‘t.
1115 955 1150 993 p.
1167 940 1251 981 376
1276 942 1417 981 docuit.
1458 940 1582 994 quid?
1608 942 1711 994 quod
1731 955 1780 981 ne
1802 955 1821 981 a

286 1009 471 1060 Dionysio
500 1009 658 1060 quidem
685 1008 868 1047 omnibus
900 1009 996 1047 locis
1030 1021 1119 1047 eum
1149 1009 1279 1059 ipsum
1306 1010 1528 1059 inspectum
1557 1020 1643 1046 esse
1671 1014 1820 1046 certum

288 1080 358 1125 est,
386 1087 475 1112 cum
497 1075 542 1113 fr.
562 1072 626 1112 18.
647 1071 711 1113 19.
727 1071 784 1112 20
806 1086 894 1112 cum
916 1074 1066 1112 Licinio
1089 1069 1257 1126 (Macro)
1286 1075 1338 1112 ita
1361 1075 1596 1112 coniunctus
1623 1075 1685 1124 sit,
1712 1075 1823 1124 quasi

286 1139 379 1178 huic
406 1141 557 1178 auctori
585 1141 772 1178 cessisset
798 1136 896 1192 (uid.
917 1140 1018 1177 infra
1045 1151 1126 1189 cap.
1150 1138 1196 1177 de
1218 1134 1399 1191 Licinio).

380 1204 552 1244 Eandem
581 1206 702 1255 igitur
728 1204 796 1243 Cn.
820 1204 968 1243 Gellius
996 1210 1140 1243 sortem
1173 1216 1312 1254 passus
1340 1209 1399 1242 est
1425 1216 1540 1255 quam
1567 1203 1822 1254 Sempronius

289 1270 521 1320 Tuditanus,
547 1271 612 1309 uir
638 1271 732 1308 item
760 1270 1004 1321 antiquitatis
1026 1268 1225 1308 studiosus
1253 1265 1351 1322 (uid.
1373 1281 1490 1320 supra
1518 1282 1553 1319 p.
1576 1264 1716 1322 00111),
1745 1269 1822 1307 nisi

289 1335 392 1387 quod
414 1335 519 1374 illius
541 1335 733 1386 quaedam
755 1334 921 1374 frustula
943 1334 989 1373 ad
1010 1334 1177 1373 uerbum
1205 1347 1225 1373 a
1246 1334 1418 1373 Varrone
1447 1339 1629 1385 excerpta
1655 1334 1822 1384 posteri-

289 1401 358 1438 tati
387 1406 542 1438 seruata
569 1405 671 1438 sunt.

386 1527 418 1569 1)
444 1526 528 1560 Vid.
557 1536 669 1570 supra
695 1538 729 1570 p.
752 1538 870 1560 ccvm.
