2002 3342
632 202 657 237 Ι.
687 202 750 236 DE
779 201 1056 236 ANNALIBVS
1082 202 1283 236 MAXIMIS
1659 219 1722 248 XV

189 315 437 353 continuatos
464 318 503 352 et
529 325 618 351 cum
645 313 828 363 antiquis,
856 325 953 363 quos
979 312 1044 351 ille
1071 312 1260 363 ediderat,
1288 315 1517 352 coniunctos
1548 327 1634 354 esse
1664 317 1721 353 in-

189 379 293 417 felici
320 379 635 417 testimoniorum
662 378 988 428 interpretatione
1016 377 1198 416 elicuisse
1227 377 1302 416 sibi
1322 380 1433 417 uisus
1454 385 1514 417 est
1541 375 1608 433 (cf.
1631 380 1720 418 Nie-

187 455 321 495 meyer
347 443 368 482 l.
391 456 419 482 s.
440 456 476 494 p.
491 439 611 497 426),
639 442 771 481 Soltau
795 439 850 495 (p.
867 439 951 480 265
968 438 1071 496 sqq.)
1100 448 1260 481 senatus
1284 443 1472 495 consulta,
1499 445 1632 495 populi
1655 445 1719 483 de-

188 514 306 558 creta,
321 508 530 547 relationes
545 507 738 558 aliamque
753 508 956 545 materiam
974 512 1182 558 receptam,
1199 508 1284 545 l‘ais
1297 504 1360 562 (ΙΙ.
1374 508 1443 547 [tl
1462 508 1481 548 1
1500 522 1535 560 p.
1548 508 1601 548 27
1614 507 1718 564 sqq.)

188 573 432 612 documentis
453 572 688 623 subditiciis,
709 572 851 623 quibus
872 573 1102 623 pontificum
1123 574 1312 611 memoria
1334 573 1589 625 stabiliretur,
1615 575 1720 613 illam

186 639 329 677 molem
358 644 630 689 exaggeratam
658 649 756 688 esse,
783 637 901 688 idque
930 650 1007 675 non
1034 639 1206 688 primum
1234 650 1254 676 a
1278 638 1405 677 Mucio
1427 639 1496 678 sed
1524 640 1599 678 iam
1622 642 1720 678 anti-

186 705 323 754 quiore
345 708 482 753 aetate,
504 703 669 741 fortasse
691 715 710 741 a
727 702 908 741 Cornelio
930 702 1073 754 aliquo,
1089 704 1156 753 qui
1171 704 1287 741 etiam
1303 703 1420 742 Ennii
1442 710 1524 743 arte
1546 705 1719 755 fingendi

184 774 376 819 uteretur,
409 768 670 818 similiterque
703 767 883 806 Enmann
917 763 987 821 (m.
1008 768 1078 807 Rh.
1106 765 1489 823 57‚517—-533)¹)
1524 771 1639 808 etiam
1673 770 1719 809 ad

185 833 242 872 Ti.
264 833 554 872 Coruncanium
583 828 680 886 (cos.
703 830 801 871 280.
828 829 948 887 474),
975 834 1042 884 qui
1068 834 1220 884 primus
1242 846 1289 872 ex
1309 833 1423 884 plebe
1444 836 1619 886 pontifex
1639 848 1719 874 ma-

184 900 314 937 ximus
342 904 499 937 creatus
527 904 587 937 est
613 895 717 951 (Liu.
740 911 821 949 per.
846 894 933 952 18),
959 899 1190 937 memoriam
1217 898 1443 951 Romanam,
1470 900 1624 951 qualem
1652 914 1718 951 po-

184 969 266 1002 stea
286 963 470 1014 Naeuius,
497 963 660 1014 Ennius,
687 963 780 1002 Cato
803 965 1004 1014 ceterique
1025 965 1239 1014 scriptores
1259 964 1535 1016 uulgauerunt,
1558 965 1718 1004 rettulit.

184 1041 283 1080 quae
324 1041 460 1067 omnes
506 1029 753 1080 suspiciones
799 1041 887 1067 cum
928 1028 1195 1067 fundamentis
1233 1035 1392 1069 careant
1432 1026 1500 1084 (cf.
1530 1030 1720 1069 Wuelker

182 1106 217 1145 p.
234 1092 288 1133 (32
303 1091 392 1148 sq),
420 1094 536 1132 etiam
563 1099 740 1145 pugnant
765 1106 855 1132 cum
883 1095 940 1133 eis
967 1095 1205 1133 testimoniis
1232 1107 1331 1145 quae
1360 1095 1406 1133 de
1432 1095 1573 1134 horum
1600 1108 1717 1135 anna-

182 1158 277 1198 lium
304 1158 435 1197 indole
462 1164 569 1197 certa
597 1160 833 1210 accepimus.
872 1171 962 1197 nam
990 1160 1063 1198 etsi
1090 1160 1296 1210 pontifices
1320 1172 1340 1198 a
1360 1160 1582 1199 tabularum
1608 1166 1717 1200 textu

181 1237 320 1263 manus
346 1236 425 1262 non
447 1223 682 1263 abstinuisse
705 1224 868 1263 edentes
889 1224 1063 1263 concedo
1091 1220 1190 1278 (uid.
1211 1225 1251 1263 P.
1272 1224 1451 1277 Krueger
1481 1227 1718 1266 Gesclze'chte

181 1291 250 1329 des
276 1291 527 1329 roemischen
549 1290 700 1329 Rechts
726 1303 761 1341 p.
780 1287 833 1328 10
849 1286 940 1344 sq),
968 1289 1014 1329 de
1041 1303 1116 1341 qua
1143 1302 1185 1329 re
1211 1291 1314 1329 infra
1339 1290 1520 1342 pluribus
1544 1304 1717 1342 agemus,

181 1354 418 1405 eosdemque
440 1367 573 1393 rerum
600 1367 671 1406 per
698 1355 873 1406 singulos
902 1355 985 1394 dies
1013 1355 1280 1407 dispersarum
1308 1368 1453 1407 genera
1481 1353 1608 1410 (uelut
1628 1370 1716 1408 pro-

181 1416 395 1474 digiorum)
423 1432 495 1471 per
522 1432 643 1459 annos
666 1423 913 1471 congessisse
924 1417 970 1475 2),
997 1426 1250 1460 monumenta
1275 1426 1407 1460 tamen
1435 1434 1570 1460 eorum
1598 1435 1715 1461 anna-

179 1485 235 1524 les
256 1486 340 1524 sine
361 1484 453 1524 ullis
474 1487 717 1524 ornamentis
739 1491 974 1537 temporum,
1002 1486 1216 1537 hominum,
1236 1486 1413 1526 locorum
1434 1492 1714 1539 gestarumque

180 1562 313 1589 rerum
334 1550 455 1588 fuisse
472 1549 609 1589 Cicero
630 1551 652 1589 l.
669 1563 698 1590 s.
714 1564 743 1589 s.
765 1556 933 1590 testatur
954 1551 1137 1602 idemque
1151 1552 1322 1591 Atticum
1345 1552 1391 1591 de
1413 1552 1565 1604 legibus
1583 1552 1619 1604 1,
1634 1551 1672 1604 2,
1688 1551 1714 1592 6

180 1615 374 1655 dicentem
411 1616 518 1654 facit:
558 1617 651 1655 Post
690 1619 854 1656 annalis
882 1619 1124 1666 pontificum
1155 1620 1443 1666 maximorum,
1479 1620 1624 1666 quibus
1658 1621 1718 1658 m'l

168 1687 303 1731 potest
329 1693 414 1720 esse
440 1677 672 1735 fanumst),
698 1684 735 1720 st
761 1687 832 1721 aut
859 1684 915 1721 ad
933 1683 1104 1721 Fabium
1131 1688 1201 1721 aut
1222 1685 1278 1721 ad
1303 1695 1403 1731 eum,
1430 1686 1501 1732 qul
1524 1685 1598 1722 tibi
1614 1696 1714 1723 sem-

274 1797 306 1839 1>
333 1796 410 1829 Iam
430 1795 584 1839 Closset,
611 1795 675 1840 qui
702 1796 816 1830 etiam
842 1795 936 1830 alias
963 1807 1020 1830 res
1048 1795 1190 1831 alienas
1218 1808 1301 1831 cum
1327 1796 1547 1841 pontificum
1570 1798 1714 1832 annali-

175 1849 244 1884 bus
269 1848 437 1892 miscuit,
464 1860 508 1883 ex
533 1849 615 1884 loco
641 1849 747 1883 Bruti
775 1853 829 1891 14,
845 1853 906 1893 55,
935 1860 1008 1894 quo
1035 1850 1082 1885 de
1108 1849 1163 1884 Ti.
1185 1849 1414 1885 Coruncanio
1442 1850 1568 1896 agitur
1602 1852 1715 1896 (quod

176 1915 220 1939 ex
245 1903 461 1948 pontificum
492 1903 760 1938 commentariis
790 1904 893 1949 Zonye
919 1905 1125 1947 plurimum
1151 1905 1298 1949 inqenio
1323 1905 1486 1939 ualuisse
1510 1905 1713 1948 uideatur),

174 1956 235 1990 uel
262 1967 346 1990 cum
373 1955 588 2000 eloquentia
614 1957 777 2000 quadam
798 1968 820 1990 a
839 1956 1080 2001 pontificibus
1102 1957 1255 1991 annales
1280 1957 1436 2002 scriptos
1457 1968 1537 1992 esse
1558 1958 1713 1993 deduxit

176 2012 222 2054 (p.
243 2010 337 2054 428).
377 2008 543 2054 neglexit
567 2011 694 2044 tamen
722 2011 759 2044 et
779 2009 991 2045 Ciceronem
1018 2021 1092 2044 non
1119 2011 1166 2044 ad
1193 2010 1346 2045 annales
1371 2021 1546 2045 reuocare
1572 2012 1637 2045 sed
1664 2013 1712 2046 ad

175 2062 460 2097 commentarios
485 2063 701 2107 pontificum
727 2062 816 2108 (uid.
837 2075 863 2098 s.
885 2076 920 2108 p.
936 2065 972 2108 v)
999 2065 1036 2097 et
1062 2064 1108 2098 ab
1137 2074 1178 2098 eo
1205 2075 1280 2099 non
1305 2064 1376 2099 hoc
1408 2064 1501 2107 dici,
1536 2064 1712 2109 eloquen-

174 2116 267 2150 tiam
287 2115 509 2150 Coruncanii
535 2127 579 2150 ex
603 2116 709 2150 libris
735 2116 810 2150 illis
837 2117 993 2161 elucere,
1021 2117 1085 2151 sed
1112 2129 1198 2152 cum
1223 2128 1267 2151 ex
1293 2118 1346 2152 eis
1371 2117 1481 2162 longe
1508 2117 1711 2162 plurimum

173 2168 325 2214 ingenio
351 2169 515 2203 ualuisse
540 2169 742 2213 uideretur,
768 2170 856 2204 inde
883 2182 966 2205 eum
995 2171 1175 2205 disertum
1201 2171 1315 2205 fuisse
1341 2182 1450 2215 posse
1477 2171 1608 2206 conici.

270 2224 303 2266 2)
315 2222 470 2257 Restare
481 2224 606 2256 tamen
618 2223 752 2257 ueteris
764 2223 966 2257 secundum
984 2224 1062 2258 dies
1074 2224 1370 2259 denuntiationis
1382 2224 1522 2258 indicia.
1530 2224 1711 2259 Wuelker

173 2288 208 2320 p.
223 2279 267 2309 55
295 2276 564 2311 animaduertit
595 2278 695 2321 (nam
722 2277 851 2311 eodem
882 2288 977 2311 anno
1006 2288 1027 2311 a
1058 2277 1165 2312 Liuio
1192 2281 1249 2320 43,
1266 2281 1357 2321 13‚4
1384 2279 1421 2312 et
1447 2281 1503 2320 44,
1532 2282 1622 2321 18‚6
1655 2278 1710 2312 la-

172 2328 343 2373 pidatum
371 2340 450 2364 esse
475 2329 664 2373 tradidit),
691 2329 730 2364 id
756 2330 856 2373 quod
881 2341 956 2365 non
983 2331 1131 2375 saepius
1158 2331 1299 2365 factum
1326 2342 1404 2366 esse
1430 2331 1518 2365 inde
1545 2331 1709 2376 explica-

172 2383 244 2425 tur,
259 2383 359 2426 quod
377 2393 436 2417 res
455 2383 612 2427 ferebat,
631 2385 675 2417 ut
693 2383 867 2429 prodigia
887 2384 999 2418 simul
1021 2386 1057 2419 et
1076 2386 1364 2429 procurarentur
1378 2386 1416 2419 et
1435 2384 1706 2419 nuntiarentur.

268 2436 302 2479 3)
336 2435 440 2470 Libri
474 2447 588 2470 manu
624 2437 752 2481 scripti
786 2437 928 2472 habent
959 2438 1171 2473 iucundius.
1210 2439 1373 2473 ieiunius
1404 2442 1461 2472 est
1493 2438 1708 2473 coniectura

171 2488 314 2532 Vrsini,
341 2500 437 2532 quae
463 2501 561 2524 nunc
588 2490 635 2523 ab
664 2490 834 2525 omnibus
861 2501 997 2535 paene,
1025 2491 1138 2525 etiam
1166 2503 1187 2525 a
1214 2491 1383 2527 Vahleno
1410 2492 1498 2537 (uid.
1526 2492 1604 2526 eius
1631 2492 1708 2526 edi-

171 2542 310 2576 tionem
338 2541 495 2576 alteram
520 2555 555 2587 p.
572 2545 605 2587 8)
637 2544 819 2588 probatur
839 2546 876 2578 et
896 2544 1042 2578 Dauisii
1066 2546 1261 2581 incomtius
1280 2545 1498 2589 praefertur.
1540 2545 1610 2579 etsi
1637 2545 1707 2578 Ba.-

170 2595 232 2630 kio
260 2595 311 2640 (in
331 2596 420 2631 edit.
442 2596 489 2630 ad
510 2597 546 2631 h.
566 2596 603 2641 l.)
631 2599 668 2631 et
688 2597 911 2632 Hullemano
933 2599 981 2642 (p,
999 2599 1055 2641 63)
1081 2597 1236 2643 placuit.
1271 2598 1370 2633 solus
1391 2598 1567 2632 Huebner
1586 2611 1620 2643 p.
1637 2602 1705 2632 412

172 2649 340 2683 codicum
362 2649 585 2693 scripturam
605 2652 741 2685 tuetur.
782 2653 820 2684 at
846 2651 945 2694 quod
967 2651 1152 2686 defendit:
1182 2652 1334 2686 Warum
1353 2652 1453 2687 sollte
1469 2652 1570 2687 nicht
1585 2653 1706 2687 Cicero

171 2714 222 2737 an
239 2702 345 2746 jener
369 2703 576 2738 kunstlosen
601 2705 747 2739 exilitas
773 2705 835 2738 der
861 2705 959 2739 alten
979 2705 1301 2740 Priesteraofmalen
1320 2717 1358 2740 so
1378 2709 1443 2750 yut
1461 2706 1520 2739 ein
1545 2706 1706 2750 yewisses

178 2755 391 2800 Veryittherz
417 2757 638 2800 empfzmden
662 2758 788 2799 haben,
814 2759 880 2792 wie
903 2759 972 2793 wir
991 2770 1041 2793 an
1059 2759 1236 2793 munchen
1255 2760 1354 2793 alten
1375 2757 1603 2794 Chronilcen?
1635 2758 1704 2792 hoc

172 2809 208 2842 et
234 2819 256 2842 a
282 2807 468 2843 Ciceronis
495 2809 646 2854 ingenio
673 2809 850 2844 abhorret
876 2812 913 2845 et
939 2822 961 2845 a
987 2813 1066 2846 toto
1099 2811 1210 2846 huius
1244 2811 1317 2846 loci
1349 2813 1487 2846 tenore.
1522 2803 1576 2845 eff
1589 2811 1702 2845 etiam

171 2860 217 2894 de
243 2863 334 2895 orat.
356 2861 379 2896 1.
401 2874 426 2896 s.
450 2874 475 2896 s.
