2002 3342
288 199 482 228 CCCXLVI
627 185 688 218 nn
716 184 1021 218 scair'roitvn
1050 184 1170 218 viris
1200 184 1259 218 nr
1287 184 1491 219 SCRIPTIS

287 309 394 334 mum
410 301 480 334 est.
513 308 601 333 nam
624 300 661 333 et
682 296 779 345 eius,
801 296 867 345 qui
883 295 1127 345 quorundam
1149 295 1339 333 librorum
1354 297 1588 346 scriptorem
1604 294 1818 347 ‘'l‘ullium’,

288 361 452 399 aliorum
475 360 720 411 quorundam
743 357 1006 397 ‘Ciceronem’
1029 360 1248 398 inscribere
1273 360 1410 398 solitus
1433 365 1548 410 esset,
1575 360 1819 411 neglegentia

289 432 327 464 ct
354 425 531 463 socordia
560 430 661 463 tanta
691 426 774 475 suit,
800 430 844 463 ut
870 426 1050 475 quemuis
1079 425 1350 463 incredibilem
1379 438 1554 463 errorem
1577 427 1819 464 commisisse

290 490 482 541 uideatur,
509 490 649 528 leuitas
677 496 715 528 et
736 491 887 528 incuria
909 495 1026 540 tanta,
1053 495 1096 528 ut
1117 503 1232 540 quam
1253 491 1458 529 minimum
1481 502 1622 541 operae
1644 496 1682 529 et
1702 490 1822 529 studii

289 555 336 592 ab
364 556 448 606 ipso
476 557 515 593 in
544 555 773 605 colligendis
802 560 839 593 et
866 554 1111 593 excutiendis
1139 554 1307 594 diuersis
1334 555 1446 593 libris
1467 556 1638 606 antiquis
1660 555 1822 594 colloca-

290 626 371 658 tum
399 633 485 659 esse
514 626 820 659 consentaneum
848 621 910 658 sit.
949 632 1064 670 quam
1093 619 1140 658 ob
1168 632 1251 658 rem
1278 620 1474 659 Lucianus
1500 620 1664 659 Mueller
1690 622 1729 658 in
1758 620 1822 658 ad-

289 686 477 723 uersariis
498 684 686 723 Nonianis
707 698 742 735 p.
759 681 978 739 249sqq.1)
1019 698 1107 723 eum
1136 685 1216 723 sola
1244 698 1380 724 eorum
1403 685 1578 724 doctrina
1600 698 1714 724 usum
1736 697 1822 724 esse

290 751 436 800 statuit,
464 751 530 801 qui
557 750 712 789 saeculo
740 750 861 788 altero
891 749 983 788 inde
1012 750 1058 788 ab
1085 749 1281 788 Hadriano
1308 750 1547 801 floruissent,
1575 750 1643 789 sed
1669 763 1740 801 per
1767 750 1823 788 di-

290 827 405 853 uersa
432 816 556 866 capita
586 815 754 854 diuersis
779 814 964 865 operibus
987 814 1222 865 diuersoque
1250 817 1378 866 ipsum
1401 815 1530 854 studio
1552 821 1589 854 et
1611 815 1824 866 diligentia,

291 880 578 919 studiosissime
606 882 646 919 in
674 880 785 919 libris
806 880 820 918 I
843 886 880 918 et
900 880 944 930 II,
972 881 1147 918 omnium
1170 886 1299 919 autem
1321 882 1570 931 scriptorum,
1598 893 1706 931 quos,
1735 892 1824 919 cum

291 944 355 984 illa
388 951 512 984 aetate
546 947 785 984 uetustiores
818 950 967 995 essent,
1001 944 1150 984 Nonius
1178 946 1330 996 citauit,
1364 947 1400 984 ei
1430 947 1469 984 in
1495 946 1676 984 manibus
1703 946 1824 984 fuisse

291 1010 377 1049 uult
397 1012 689 1062 commentaria,
711 1013 827 1050 etiam
843 1010 1044 1061 Sisennae,
1073 1010 1257 1062 Sallustii,
1278 1011 1475 1062 Varronis,
1496 1011 1710 1050 Ciceronis.
1736 1023 1824 1061 pro-

292 1075 417 1114 fectus
452 1082 581 1115 autem
616 1082 674 1115 est
706 1077 875 1114 maxime
909 1088 928 1113 a
959 1075 1115 1113 Martini
1136 1075 1283 1115 Hertzii
1311 1076 1536 1115 doctissima
1564 1076 1825 1127 disputatione

292 1137 307 1189 ζ
318 1143 466 1180 Gellius
497 1154 531 1179 ιι.
559 1143 713 1180 Nonius
740 1142 962 1180 Marcellus
995 1154 1100 1180 nunc
1131 1143 1172 1179 in
1206 1141 1392 1180 Gellianis
1418 1155 1454 1192 p.
1477 1137 1718 1194 85—146)‚
1751 1153 1826 1191 qua

293 1206 477 1257 Gellium,
510 1218 632 1244 unum
666 1205 774 1244 illum
809 1207 1107 1256 grammaticum
1141 1219 1294 1257 eorum,
1331 1208 1398 1257 qui
1425 1205 1531 1245 ‘inde
1559 1206 1604 1244 ab
1631 1206 1826 1244 Hadriano

293 1267 545 1321 ssoruerunt’,
573 1273 690 1309 etiam
718 1283 822 1309 nunc
850 1277 1063 1322 seruatum,
1091 1284 1178 1310 cum
1201 1271 1326 1310 Nonio
1353 1273 1595 1323 comparauit
1617 1271 1825 1322 docuitque

292 1336 395 1387 apud
415 1337 520 1375 hunc
547 1336 724 1387 exempla
750 1337 935 1387 primaria
958 1332 1307 1389 CStammcitate')
1335 1336 1472 1375 eodem
1497 1336 1634 1375 ordine
1660 1338 1764 1375 inter
1785 1348 1825 1374 se

293 1403 486 1452 excipere,
502 1415 578 1452 quo
595 1401 696 1452 apud
714 1403 820 1452 ipsos
837 1407 1028 1440 auctores.
1057 1402 1122 1440 alii
1139 1408 1269 1441 autem
1291 1415 1310 1440 a
1326 1401 1450 1440 Nonio
1473 1401 1688 1440 eorundem
1703 1402 1826 1452 scrip-

294 1472 421 1505 torum
448 1466 512 1505 uel
544 1466 735 1505 librorum
763 1466 939 1517 exempla
967 1467 1236 1517 compluribus
1268 1466 1365 1505 locis
1396 1466 1532 1505 eodem
1561 1466 1697 1505 ordine
1724 1468 1829 1504 inter

293 1544 334 1569 se
356 1533 564 1570 coniuncta
585 1545 670 1570 esse
693 1544 780 1570 cum
803 1528 1232 1585 animaduertissentff),
1253 1537 1377 1570 totum
1398 1533 1483 1570 eius
1500 1544 1598 1583 opus
1618 1533 1723 1570 inter
1743 1533 1827 1570 eius

293 1602 485 1647 auctores,
513 1598 581 1648 qui
601 1599 803 1635 materiam
826 1596 1029 1643 collectam
1052 1598 1088 1635 ei
1109 1597 1396 1648 praebuissent,
1417 1599 1556 1648 partiri
1578 1598 1705 1636 conati
1726 1602 1827 1647 sunt,

293 1674 461 1712 quorum
489 1661 774 1713 disputationes
801 1661 859 1700 W.
881 1662 928 1700 M.
951 1658 1162 1716 Lindsay3)
1192 1668 1350 1701 secutus
1378 1664 1430 1701 ita
1457 1662 1667 1713 suppleuit,
1700 1668 1743 1700 ut
1769 1663 1827 1700 in-

294 1726 421 1765 dicem
454 1729 572 1765 unius
605 1733 643 1766 et
675 1726 931 1778 quadraginta
964 1726 1155 1766 librorum
1183 1732 1454 1778 componeret,
1488 1740 1533 1766 ex
1561 1727 1704 1778 quibus
1730 1739 1827 1778 opus

294 1804 409 1830 suum
442 1792 694 1843 compilasset
725 1792 861 1830 eodem
895 1804 961 1830 eos
995 1804 1152 1843 semper
1182 1792 1319 1831 ordine
1354 1792 1400 1830 ad
1432 1798 1564 1843 partes
1592 1805 1746 1831 uocans.
1786 1793 1827 1830 in

294 1870 339 1896 eo
365 1862 496 1896 tamen
523 1858 630 1896 iuxta
651 1859 825 1908 quinque
859 1857 1046 1907 glossaria
1077 1863 1115 1896 et
1139 1857 1354 1896 uerborum
1382 1857 1740 1908 aduerbiorumque
1769 1870 1827 1896 se-

295 1924 373 1961 ries
406 1922 594 1973 quasdam
627 1922 892 1973 alphabeticas
925 1924 1041 1961 etiam
1080 1911 1343 1973 ipsos‘lihros
1377 1929 1557 1961 ueterum
1590 1924 1829 1974 scriptorum

295 1989 552 2038 enumerauit,
574 1987 691 2039 idque
712 1989 776 2038 ita,
796 1993 840 2026 ut
861 1987 987 2026 eidem
1003 1990 1217 2039 scriptores
1237 1994 1398 2039 propter
1413 2000 1505 2027 suos
1520 1989 1686 2039 quisque
1707 1987 1828 2026 libros

295 2053 451 2092 diuersa
483 2053 566 2091 loca
599 2058 856 2103 occuparent,
890 2065 937 2091 ex
972 2053 1174 2092 historicis
1207 2053 1279 2092 soli
1307 2053 1514 2092 Sallustius
1548 2059 1586 2091 et
1614 2049 1828 2106 Sisenna.4)

295 2124 410 2169 atque
438 2119 510 2157 hoc
537 2118 696 2169 quidem
723 2124 829 2157 recte
857 2118 1086 2157 obseruauit
1110 2119 1228 2157 huius
1254 2118 1375 2157 libros
1403 2120 1442 2156 in
1470 2119 1608 2169 primis
1635 2118 1828 2169 capitibus

295 2186 334 2222 in
356 2184 472 2222 Nonii
503 2195 642 2222 manus
676 2185 780 2222 inter
804 2184 963 2222 ultimos
995 2185 1228 2234 peruenisse
1256 2181 1440 2236 (numero
1468 2181 1523 2222 36
1551 2183 1637 2221 illos
1665 2184 1828 2234 insigni-

294 2246 390 2303 uit);
427 2261 516 2287 nam
543 2254 748 2300 postquam
776 2250 833 2287 eis
860 2262 895 2300 p.
915 2246 1051 2299 10,23
1080 2254 1117 2287 et
1136 2246 1205 2299 40,
1224 2246 1277 2288 10
1304 2248 1350 2286 ad
1378 2247 1671 2299 interpretanda
1697 2253 1828 2299 poeta-

394 2359 427 2401 1)
452 2357 530 2390 Iam
557 2358 668 2391 antea
694 2358 751 2392 De
776 2369 813 2392 re
839 2358 988 2392 metrica
1014 2369 1048 2401 p.
1066 2361 1109 2391 ‘26
1123 2368 1201 2400 sqq.

392 2412 425 2453 2)
452 2409 596 2443 Primus
624 2409 884 2444 Schneidewin
913 2410 1093 2455 Goettinnfj.
1115 2411 1178 2455 yel.
1201 2411 1387 2455 Anzeiyen
1404 2413 1493 2443 1843
1514 2421 1550 2453 p.
1566 2413 1632 2443 697
1646 2421 1717 2452 sq.,
1750 2411 1829 2443 tum

296 2463 404 2497 Riese
436 2463 473 2496 in
498 2463 678 2497 Ritschel.
706 2463 876 2507 symbola
901 2475 939 2507 p.
960 2467 1027 2497 483
1044 2475 1135 2506 sqq,
1169 2463 1339 2507 pluribus
1372 2463 1413 2496 A.
1431 2462 1719 2497 Schottmneller
1737 2462 1827 2497 ibid.

296 2529 331 2560 p.
349 2519 548 2558 823—832,
575 2516 613 2550 P.
630 2515 799 2550 Schmidt
819 2517 877 2551 De
896 2518 1017 2551 Nonii
1038 2517 1209 2551 Marcelli
1229 2517 1438 2551 auctoribus
1456 2516 1705 2561 ,qrammaticis
1727 2519 1827 2550 1868.

393 2573 425 2613 3)
454 2570 601 2604 Nonius
617 2570 818 2604 Marcellus
841 2569 980 2604 Oxford
996 2574 1097 2604 1901.
1125 2570 1171 2604 cf.
1187 2581 1278 2604 mus.
1297 2569 1361 2603 ah.
1379 2573 1422 2603 57
1444 2571 1565 2614 (1902)
1584 2581 1619 2612 p.
1632 2572 1827 2603 196—204.

393 2626 426 2665 4)
449 2622 739 2656 Commentarios
756 2622 933 2657 Sisennae
953 2622 1201 2665 historiarum,
1221 2624 1263 2656 ut
1274 2622 1442 2667 Vergilii,
1458 2622 1582 2656 Plauti
1598 2622 1827 2666 aliorumque

296 2678 503 2720 poetarum,
531 2686 552 2708 a
578 2686 766 2719 quoquam
794 2677 1017 2720 compositos
1046 2687 1124 2710 esse
1151 2675 1213 2709 uix
1235 2674 1463 2709 crediderim.
1504 2675 1631 2719 itaque
1651 2686 1734 2709 cum
1754 2674 1826 2709 No-

297 2728 380 2763 nius
412 2728 542 2773 paucis
574 2728 664 2762 locis
693 2728 912 2763 Sisenniana
940 2729 1024 2763 aliis
1051 2728 1230 2772 exemplis
1256 2727 1519 2770 illustrauerit‚
1548 2739 1590 2762 ex
1616 2727 1734 2762 lexico
1762 2727 1828 2762 ali-

298 2793 370 2826 quo
397 2782 579 2827 originem
606 2783 739 2816 ducere
765 2782 857 2816 mihi
884 2783 1059 2816 uidentur
1082 2781 1342 2824 dubitatioque
1371 2792 1412 2815 eo
1439 2781 1576 2823 redire,
1610 2782 1734 2815 utrum
1754 2780 1829 2815 No-

298 2836 380 2869 nius
407 2836 444 2869 in
470 2835 554 2870 libr.
576 2836 590 2868 1
611 2835 698 2868 etii
725 2835 793 2869 hoo
821 2846 868 2870 an
894 2836 985 2880 ipsis
1012 2834 1178 2870 historiis
1206 2846 1292 2868 usus
1320 2834 1379 2868 sit.
