2002 3342
299 254 500 285 CCLXXVI
634 240 698 274 DE
726 240 1032 275 SCRIPTORVM
1058 239 1180 274 VITIS
1206 239 1266 274 ET
1294 239 1500 274 SCRIPTIS

300 351 598 401 demonstraret,
631 363 747 401 quam
782 350 959 401 diligenti
992 363 1084 389 cura
1118 350 1157 388 di
1189 362 1231 389 se
1265 362 1421 401 semper
1452 351 1651 401 prosecuti
1684 356 1826 402 essent,

300 429 445 467 eosque
472 428 549 454 non
577 415 703 454 solum
730 416 901 454 suturam
929 415 1241 466 magnitudinem
1268 414 1516 466 portendisse
1543 427 1663 466 seque
1698 416 1828 467 ipsum

300 481 347 519 ad
374 493 510 520 omnes
537 493 612 531 res,
639 493 738 531 quae
764 486 899 532 postea
927 481 984 519 eis
1011 479 1237 531 auspicibus
1269 492 1457 531 prospere
1492 481 1730 531 euenissent,
1764 480 1829 519 ad-

301 547 475 585 hortatos
503 558 589 585 esse
617 545 685 584 sed
713 547 830 584 etiam
858 545 1023 584 aliorum
1050 545 1251 583 hominum
1279 546 1428 583 animos
1455 546 1495 583 in
1522 557 1564 583 se
1585 546 1829 584 conuertisse

301 611 542 662 gloriamque
570 608 774 664 auxisse.¹)

389 677 445 715 Ita
472 689 492 715 a
518 676 717 715 Postumio
743 676 952 727 haruspice
974 680 1126 713 oratum
1148 674 1427 713 florentissima
1449 675 1682 714 Samnitium
1704 680 1831 714 castra

302 754 343 780 se
371 743 524 792 cepisse
551 743 729 780 narrauit
755 736 821 794 (fr.
845 738 901 793 9),
929 739 1142 779 Chaldaeos
1170 739 1257 790 sibi,
1285 752 1374 778 cum
1401 741 1557 778 iuuenis
1584 739 1743 779 obscuri
1762 752 1830 778 no-

303 808 421 846 minis
449 812 564 857 esset,
592 806 800 845 caelestem
826 807 950 844 uitam
977 811 1015 844 et
1040 805 1271 843 memoriam
1292 817 1377 843 esse
1405 805 1576 843 futuram
1597 806 1831 844 uaticinatos

302 884 388 911 esse
422 868 487 923 (fr.
510 870 563 910 21
594 884 624 910 c.
647 868 765 923 adn),
800 871 992 909 Graecum
1025 869 1221 921 quendam
1255 869 1358 908 haud
1394 869 1605 920 ignobilem
1643 870 1832 909 diuinitus

304 939 494 975 monitum
517 936 603 988 sihi,
626 949 713 975 cum
736 938 776 974 in
792 935 954 974 Graecia
975 940 1090 985 esset⁷
1110 936 1318 973 uictoriam
1336 934 1648 986 Orchomeniam,
1668 935 1834 974 militem

302 1001 440 1040 eodem
477 1007 653 1053 tempore
690 1013 789 1052 quae
826 1002 865 1039 in
901 1000 1010 1039 Italia
1046 1000 1175 1038 futura
1212 1005 1343 1038 essent
1378 999 1620 1051 praedixisse
1658 995 1722 1053 (fr.
1748 997 1832 1053 16),

302 1067 549 1118 plurimaque
571 1068 700 1105 omnia
721 1065 893 1105 secunda
919 1065 995 1104 sibi
1021 1066 1244 1115 contigisse,
1271 1077 1359 1103 cum
1382 1077 1402 1103 e
1424 1064 1587 1103 Graecia
1613 1066 1653 1103 in
1680 1065 1830 1104 Italiam

304 1134 542 1171 traiecturus
579 1137 685 1170 esset
721 1128 784 1184 (fr.
816 1128 900 1184 18).
952 1136 1066 1181 atque
1103 1130 1198 1168 haec
1237 1129 1395 1180 quidem
1435 1130 1506 1169 sub
1540 1132 1665 1181 ipsius
1705 1130 1833 1169 Sullae

304 1198 462 1236 nomine
490 1199 703 1236 memoriae
731 1196 884 1247 prodita
913 1202 1014 1245 sunt,
1048 1195 1117 1233 sed
1143 1201 1347 1246 praeterea
1375 1197 1490 1234 etiam
1517 1196 1613 1234 haec
1640 1197 1769 1234 omina
1796 1201 1835 1234 et

304 1264 454 1300 somnia
481 1262 610 1301 Sullae
638 1263 818 1313 propitia,
844 1261 1023 1299 hostibus
1050 1260 1191 1298 infesta
1223 1260 1431 1298 Plutarcho
1459 1260 1654 1299 Sullanam
1683 1262 1834 1312 copiam

304 1327 576 1378 suppeditasse
603 1339 727 1378 paene
754 1339 825 1377 pro
853 1331 960 1364 certo
987 1325 1298 1364 adfirmauerunt

393 1405 424 1431 c.
447 1391 484 1430 ἶ).
512 1388 766 1443 Ἶστορεῖται
793 1388 844 1430 δέ
869 1404 935 1437 τις
962 1388 1071 1442 ἀνὴρ
1100 1394 1188 1428 τῶν
1214 1388 1324 1439 μετὰ
1341 1386 1572 1441 Ὀροβάζου
1598 1390 1835 1442 καταβεβη-

303 1457 446 1496 κότων
467 1456 687 1503 Χαλδαῖος
713 1455 773 1503 εἰς
799 1454 846 1495 τὸ
868 1460 945 1494 τοῦ
967 1454 1120 1494 Σύλλα
1141 1454 1377 1506 πρόσωπον
1397 1452 1569 1493 ἀπιδὼν
1588 1478 1646 1481 -
1666 1453 1834 1505 θαυμά-

305 1523 393 1572 ζεῖν
419 1545 475 1549 —
501 1527 592 1568 πῶς
619 1518 816 1574 ἀνέχεται
844 1519 900 1573 μὴ
928 1525 1097 1572 πρῶτος
1124 1518 1187 1558 ὧν
1214 1517 1438 1561 ἁπάντωνς
1473 1519 1578 1571 quod
1603 1521 1835 1559 uaticinium

305 1601 351 1626 ex
388 1589 472 1639 ipso
510 1587 613 1626 Sulla
652 1587 812 1625 fluxisse
849 1587 967 1624 etiam
1003 1584 1159 1623 aliunde
1199 1585 1470 1631 confirmatur,
1515 1584 1593 1624 uid.
1631 1585 1759 1624 adnot.
1789 1585 1836 1624 ad

306 1654 351 1692 fr.
373 1651 441 1691 21.
476 1652 628 1691 accedit
647 1651 751 1703 quod
777 1653 818 1690 in
846 1663 877 1690 c.
897 1649 926 1689 4
947 1656 986 1689 et
1006 1649 1032 1688 ἵ)
1059 1650 1120 1688 bis
1146 1652 1231 1701 ipse
1259 1651 1401 1688 citatus
1429 1656 1499 1701 est,
1525 1651 1565 1688 in
1593 1663 1624 1688 c.
1647 1649 1672 1688 6
1700 1656 1838 1701 quater

305 1730 432 1769 usque
459 1717 505 1756 ad
532 1717 653 1756 uerba
688 1717 832 1756 Ταῦτα
859 1714 939 1767 μὲν
966 1710 1047 1755 οὖν
1073 1711 1172 1768 περὶ
1198 1719 1273 1767 τῆς
1298 1714 1537 1766 θειότητος.

398 1796 429 1822 c.
454 1781 490 1821 7.
518 1781 576 1829 ὡς
601 1778 673 1821 καὶ
700 1780 748 1821 τὸ
777 1780 1010 1831 δαιμόνιον
1037 1777 1186 1827 αὐτοῖς
1212 1780 1498 1832 προεσήμηνε.
1536 1784 1624 1832 πῦρ
1651 1778 1730 1832 μὲν
1753 1779 1835 1831 γὰρ

308 1845 557 1899 αὐτόματον
584 1844 630 1886 ἐκ
657 1852 744 1886 τῶν
770 1845 822 1886 τὰ
849 1850 1004 1898 σημεῖα
1031 1843 1231 1896 δοράτων
1262 1842 1582 1897 ὑποφερόντων
1615 1842 1837 1897 ἀνέλαμψε

404 1991 435 2033 1)
461 1990 607 2024 Adduci
632 2001 705 2024 non
731 2001 900 2034 possum,
932 1991 974 2022 ut
1000 1989 1039 2022 id
1070 1999 1109 2022 re
1134 1999 1223 2023 uera
1250 1989 1407 2023 sensisse
1436 1989 1585 2023 credam
1613 1988 1764 2032 Sullam,
1792 1990 1837 2024 de

307 2055 378 2087 quo
406 2043 570 2087 grauiter
594 2043 740 2077 monuit
766 2044 803 2078 L.
826 2042 1018 2076 Lucullum
1051 2042 1167 2086 μηδὲν
1193 2041 1308 2081 οὕτως
1335 2040 1549 2083 ἀξιόπιστον
1574 2042 1750 2086 ἡγεῖσθαι
1776 2043 1838 2076 καὶ

307 2096 472 2142 βέβαιον,
498 2097 546 2136 ὡς
569 2095 624 2130 ὅτι
645 2094 693 2130 ἂν
712 2096 965 2142 ἀποσημανθῇ
987 2095 1050 2130 διὰ
1080 2101 1150 2130 τῶν
1177 2093 1362 2130 ἐνυπνίων
1389 2094 1445 2135 (fr.
1468 2098 1487 2128 8
1509 2107 1537 2129 c.
1561 2095 1712 2139 adnot.)‚
1739 2107 1839 2129 eum-

308 2159 379 2194 que
404 2149 592 2183 hominem
618 2151 696 2183 tam
723 2148 1020 2193 superstitiosum
1048 2148 1172 2192 fuisse,
1206 2147 1355 2192 qualem
1383 2159 1420 2181 se
1447 2148 1578 2182 haberi
1605 2148 1696 2183 uult.
1734 2158 1839 2182 nam-

308 2202 378 2236 etsi
405 2202 669 2246 superstitione
690 2213 763 2236 non
784 2201 879 2235 liber
899 2204 989 2244 erat,
1015 2213 1163 2245 prorsus
1191 2201 1405 2245 discrepant
1431 2213 1513 2235 cum
1540 2202 1610 2236 hac
1636 2203 1770 2236 natura
1797 2213 1840 2236 ea

309 2267 403 2299 quae
431 2255 533 2289 Sulla
559 2255 660 2297 fecit,
688 2255 826 2299 templa
852 2254 1019 2299 Delphis,
1046 2254 1239 2299 Epidauri,
1268 2254 1462 2298 Olympiae
1490 2255 1569 2289 sine
1595 2254 1671 2289 ullo
1698 2255 1839 2299 pudore

309 2308 488 2353 diripiens
522 2310 632 2352 atque
666 2308 821 2352 Delphis
853 2310 889 2342 et
921 2307 1029 2341 deum
1057 2309 1094 2342 et
1120 2308 1349 2342 sacerdotem
1377 2307 1546 2352 superbis
1572 2307 1718 2342 facetiis
1745 2308 1840 2342 inlu-

309 2362 400 2395 dens
427 2361 535 2405 (Plut.
559 2361 647 2396 Sull.
671 2363 738 2406 12).
767 2361 881 2396 etiam
907 2360 1128 2395 Plutarchus
1156 2361 1355 2400 dubitauit,
1382 2373 1469 2394 num
1496 2372 1584 2395 uera
1604 2363 1727 2396 essent
1746 2372 1840 2405 quae

311 2415 413 2449 Sulla
429 2415 474 2449 de
489 2414 685 2449 daemonio
707 2426 772 2449 suo
791 2415 1026 2460 gloriaretur,
1053 2414 1097 2448 cf,
1120 2413 1209 2448 Snll.
1233 2418 1269 2448 ὃς
1298 2414 1443 2454 Σύλλας
1463 2415 1503 2449 δὲ
1525 2415 1567 2449 οὐ
1589 2412 1704 2458 μόνον
1728 2413 1841 2458 ἡδέως

310 2468 550 2512 προσιέμενος
581 2468 645 2502 τὸν
677 2473 846 2502 τοιοῦτον
879 2467 1166 2512 εὐδαιμονισμὸν
1198 2468 1262 2501 καὶ
1296 2469 1402 2511 ζῆλον
1436 2467 1526 2501 ἀλλὰ
1557 2468 1621 2501 καὶ
1649 2467 1841 2509 συναύξων

311 2522 373 2555 καὶ
401 2520 694 2562 συνεπιθειάζων
720 2520 765 2555 τὰ
791 2519 1025 2565 πραττόμενα
1051 2525 1116 2564 τῆς
1134 2521 1247 2566 τύχης
1267 2520 1430 2564 ἐξῆπτεν,
1458 2520 1527 2555 εἴτε
1554 2519 1708 2566 κόμπῳ
1733 2521 1841 2566 χρώ-

311 2587 443 2618 μενος
469 2573 544 2608 εἴθ’
576 2573 691 2615 οὕτως
718 2574 810 2619 ἔχων
836 2579 877 2619 τῇ
901 2573 989 2620 δόξῃ
1010 2572 1102 2617 πρὸς
1119 2573 1160 2608 τὸ
1181 2577 1300 2608 θεῖον.
1327 2573 1496 2607 imitatus
1517 2575 1642 2608 autem
1663 2576 1718 2608 est
1738 2573 1841 2607 Sulla

311 2628 380 2661 hac
405 2627 444 2661 in
469 2639 507 2661 re
535 2627 745 2671 Scipionem
773 2627 988 2661 Africanum
1015 2627 1204 2668 maiorem,
1233 2626 1296 2670 qui
1317 2626 1417 2669 item,
1444 2630 1486 2660 ut
1505 2626 1664 2670 populus
1684 2626 1842 2671 imperia

312 2680 541 2724 consiliaque
568 2691 634 2714 sua
660 2681 764 2714 uelut
791 2682 887 2715 sorte
914 2680 1055 2715 oraculi
1080 2679 1194 2714 missa
1215 2680 1293 2714 sine
1314 2679 1550 2714 cunctatione
1570 2681 1841 2724 exsequeretur,

314 2734 409 2768 ‘arte
437 2744 583 2777 quoque
603 2735 767 2778 quadam
795 2734 841 2768 ab
868 2734 1023 2768 iuuenta
1045 2733 1083 2767 in
1104 2733 1392 2767 ostentationem
1411 2733 1595 2767 uirtutum
1616 2733 1841 2777 compositus

312 2787 489 2831 pleraque
526 2787 626 2830 apud
660 2787 941 2821 multitudinem
978 2788 1040 2820 aut
1073 2790 1116 2819 ut
1150 2797 1216 2830 per
1250 2788 1450 2819 nocturnas
1486 2786 1567 2820 uisa
1603 2786 1743 2830 species
1777 2787 1842 2820 aut

312 2840 417 2874 uelut
443 2839 624 2874 diuinitus
650 2840 807 2874 monita'
830 2840 918 2885 egit,
945 2841 984 2873 ut
1011 2839 1064 2873 ait
1090 2839 1217 2872 Liuius
1239 2842 1294 2881 26,
1318 2842 1372 2881 19,
1394 2842 1424 2881 3,
1452 2839 1516 2882 qui
1541 2839 1631 2873 haec
1652 2838 1844 2882 exscripsit

314 2903 357 2927 ex
383 2893 539 2937 Polybio
569 2897 623 2935 10,
650 2897 669 2926 2
697 2893 857 2938 Lycurgi
884 2904 967 2927 eum
993 2893 1032 2926 id
1059 2891 1226 2936 exemplo
1254 2891 1385 2926 fecisse
1411 2894 1627 2936 exponente.
