2002 3342
666 200 702 234 P.
726 199 946 234 RVTILIVS
974 198 1129 233 RVFVS
1516 212 1568 242 CC
1575 213 1670 242 LVII

225 312 414 358 Quoniam
437 312 557 349 uitam
582 310 719 349 Rutilii
745 310 940 361 publicam
968 315 1130 361 propter
1156 310 1262 348 exilii
1290 311 1473 348 iniuriam
1501 310 1667 349 multum

135 379 172 416 in
202 377 345 415 scholis
372 381 576 415 tractatam
605 375 938 425 adumbrauimus,
966 377 1167 426 pergimus
1202 375 1248 413 ad
1283 377 1487 426 priuatam,
1520 376 1559 413 in
1593 387 1667 425 qua

134 456 211 481 non
240 442 364 481 solum
394 441 541 479 eisdem
569 440 784 479 uirtutibus
816 440 1030 479 excellebat
1057 440 1199 491 quibus
1234 442 1273 478 in
1307 440 1482 491 publica,
1516 452 1667 479 summa

133 510 343 547 seueritate
382 513 419 545 et
456 508 493 544 iu
532 519 573 544 se
610 512 647 544 et
684 507 722 544 in
760 518 851 544 suos
888 503 1037 558 (Front.
1070 512 1137 544 str.
1166 504 1205 555 4,
1240 504 1275 556 1,
1309 503 1394 558 12),
1431 506 1667 556 parsimonia

133 570 288 626 (Athen.
317 572 354 623 6,
385 569 466 611 108
507 584 541 622 p.
571 569 656 609 274
672 568 728 624 c),
769 572 978 620 grauitate,
1007 571 1248 621 innocentia,
1287 572 1565 621 temperantia,
1599 569 1668 609 sed

132 640 248 677 etiam
277 637 429 676 ardenti
457 642 493 674 et
521 635 684 674 adsiduo
713 635 913 674 doctrinae
942 635 1083 687 studio,
1111 648 1226 686 quam
1255 641 1361 674 tanto
1383 649 1514 674 amore
1536 636 1668 685 coluit,

131 710 174 742 ut
200 704 316 741 etiam
344 702 415 741 sub
444 702 539 752 ipsis
561 700 793 739 Numantiae
815 701 1022 740 moenibus
1050 714 1138 740 cum
1162 701 1346 752 Scipione
1369 701 1415 739 de
1438 702 1554 740 rebus
1582 714 1668 740 cae-

132 768 295 807 lestibus
330 768 528 818 disputare
563 766 707 805 soleret
740 762 838 818 (Cic.
863 765 908 804 de
943 779 1024 817 rep.
1049 765 1084 817 1,
1111 765 1174 817 11,
1199 763 1272 819 17)
1307 772 1421 818 atque
1456 772 1577 805 artam
1613 767 1667 805 ibi

131 835 341 872 amicitiam
376 845 465 871 cum
500 832 538 870 C.
568 831 717 870 Lucilio
750 837 862 882 poeta
896 828 1133 883 iungeretst)
1182 838 1343 870 auxerat
1374 844 1469 870 uero
1510 833 1667 870 insitam

130 899 280 948 ingenii
313 897 537 936 facultatem
571 898 687 935 etiam
720 896 840 934 multa
874 909 992 947 opera
1030 902 1068 935 et
1103 896 1297 936 industria
1335 894 1434 950 (Cic.
1463 897 1569 935 Brut.
1598 895 1667 948 30,

133 959 248 1016 113).
282 976 370 1001 nam
398 961 717 1000 adulescentulus
745 974 786 999 se
809 961 854 999 ad
882 962 920 1000 P.
943 961 1114 1001 Mucium
1137 962 1376 1013 Scaeuolam,
1397 968 1480 1001 tum
1502 962 1549 1000 ad
1570 962 1667 1001 Bru-

130 1035 212 1067 tum
240 1034 278 1066 et
304 1027 519 1077 Manilium,
547 1025 630 1077 ‘qui
659 1026 925 1065 fundauerunt
952 1028 1013 1065 ius
1041 1025 1186 1077 ciuile',
1214 1028 1445 1077 contulerat,
1471 1033 1515 1066 ut
1542 1027 1587 1065 ab
1609 1028 1666 1065 eis

130 1095 228 1132 iuris
269 1094 473 1132 scientiam
515 1092 705 1142 disceret,
745 1097 783 1130 et
827 1098 962 1142 postea
1002 1092 1286 1131 celeberrimus
1325 1094 1424 1131 iuris
1465 1092 1666 1131 consultus

128 1159 326 1198 Romanus
363 1159 437 1197 fuit
477 1169 741 1208 magnumque
777 1170 921 1195 munus
959 1157 1004 1196 de
1041 1159 1126 1196 iure
1170 1157 1435 1209 respondendi
1478 1159 1667 1197 sustinuit

129 1221 333 1278 (Pompon.
362 1223 408 1262 de
436 1225 530 1274 orig.
558 1224 632 1261 iur.
664 1222 699 1273 1,
726 1220 764 1272 2,
785 1219 842 1261 40
869 1235 905 1273 p.
927 1223 954 1261 4
975 1223 1021 1261 Μ.
1045 1223 1122 1262 Cic.
1146 1223 1193 1262 de
1219 1224 1282 1262 off.
1305 1222 1343 1274 2,
1368 1222 1433 1274 13,
1453 1222 1522 1262 47.
1558 1223 1664 1262 Brut.

129 1289 151 1327 l.
167 1286 261 1342 s.²)).
293 1288 474 1327 Aurelius
493 1293 622 1326 autem
638 1287 803 1338 Opilius,
824 1288 1093 1340 philosophus,
1114 1289 1257 1338 rhetor,
1274 1291 1564 1340 grammaticus,
1580 1291 1665 1328 eius

128 1354 413 1393 consuetudine
441 1355 493 1391 ita
521 1366 597 1392 non
625 1365 761 1391 carere
788 1355 925 1404 potuit,
958 1360 1001 1392 ut
1027 1367 1116 1393 eum
1145 1356 1261 1393 etiam
1288 1357 1328 1394 in
1357 1355 1515 1393 exilium
1544 1356 1664 1393 comi-

128 1426 231 1458 tatus
259 1421 319 1470 sit,
348 1417 676 1470 quemadmodum
704 1419 840 1468 paucis
861 1420 974 1457 annis
996 1425 1084 1458 ante
1106 1420 1239 1459 Aelius
1261 1420 1358 1458 Stilo
1386 1420 1428 1465 Q.
1451 1420 1664 1458 Caecilium

128 1484 337 1534 Metellum,
360 1490 397 1522 et
421 1496 509 1522 cum
532 1495 576 1521 eo
599 1483 787 1533 Smyrnae
809 1486 1064 1523 consenuerit
1090 1482 1216 1538 (Suet.
1242 1485 1287 1523 de
1309 1497 1429 1535 gram.
1446 1482 1484 1523 6.
1500 1482 1558 1537 2).
1587 1485 1664 1523 fre-

128 1551 387 1601 quentissime
422 1554 552 1587 tamen
585 1548 837 1586 Paenaetium
871 1550 1039 1588 stoicum
1073 1550 1225 1589 audiuit
1257 1552 1503 1601 maximeque
1542 1551 1663 1589 admi-

128 1621 236 1653 ratus
264 1621 324 1653 est
349 1612 448 1667 (Cic.
470 1614 577 1651 Brut.
600 1612 622 1650 l.
645 1625 673 1651 s.
697 1612 742 1651 de
770 1614 832 1651 oss'.
855 1611 893 1662 3,
915 1613 953 1665 2,
977 1611 1050 1668 10)
1079 1621 1193 1666 atque
1220 1621 1345 1654 totum
1372 1628 1412 1654 se
1441 1617 1576 1654 stoicis
1597 1615 1663 1654 ad-

128 1680 242 1730 dixit,
276 1692 442 1731 quorum
477 1678 683 1729 disciplina
717 1679 886 1716 maxime
919 1681 1005 1718 eius
1043 1680 1166 1719 indoli
1206 1681 1497 1720 accommodata
1532 1693 1663 1719 mores

127 1747 245 1784 etiam
285 1747 508 1783 seueriores
549 1749 587 1782 et
621 1742 829 1793 rigidiores
863 1743 1034 1784 reddidit
1067 1751 1264 1797 totamque
1306 1752 1483 1785 naturam
1523 1746 1662 1785 inbuit.

127 1823 364 1862 quamquam
397 1810 470 1848 hoc
503 1811 651 1860 ipsum,
686 1809 719 1846 si
753 1807 935 1847 Ciceroni
968 1810 1166 1850 credimus
1200 1811 1328 1853 (Brut.
1349 1809 1417 1863 29,
1442 1810 1525 1850 110
1547 1809 1663 1864 sqq),

125 1876 345 1928 impediuit,
384 1876 607 1927 quominus,
647 1886 736 1912 cum
775 1878 908 1912 orator
947 1876 993 1914 ad
1033 1877 1161 1915 forum
1201 1876 1418 1928 accederet,
1459 1877 1661 1928 popularis

126 1948 230 1981 esset
257 1936 511 1995 (abhorrebat
538 1941 642 1979 enirn
670 1950 794 1989 genus
821 1941 1011 1979 orationis
1039 1943 1225 1993 stoicum,
1259 1948 1416 1981 acutum
1450 1942 1545 1981 illud
1576 1944 1662 1994 qui-

127 2007 215 2046 dem
242 2012 281 2045 et
313 2008 407 2045 artis
434 2006 594 2057 plenum
622 2003 692 2043 sed
719 2003 837 2054 exile,
864 2005 1060 2058 ieiunum,
1088 2007 1318 2058 obscurum,
1346 2007 1392 2046 ab
1420 2007 1529 2059 uulgi
1556 2010 1660 2047 auri-

125 2071 231 2124 bus),
264 2071 333 2110 sed
366 2077 495 2110 tamen
523 2083 612 2110 cum
639 2075 682 2108 ut
715 2069 862 2107 stoicus
890 2071 986 2110 nihil
1020 2085 1154 2111 auram
1181 2072 1409 2123 popularem
1438 2079 1594 2112 curaret
1621 2075 1661 2112 in

124 2141 259 2180 multis
286 2139 414 2176 causis
441 2142 622 2175 uersatus
650 2139 710 2173 est
743 2139 781 2172 et
812 2138 958 2187 aliquot
992 2139 1189 2176 orationes
1223 2139 1341 2176 etiam
1374 2137 1518 2177 litteris
1551 2151 1659 2177 man-

127 2200 243 2239 dauit.
276 2201 385 2240 uelut
417 2214 533 2253 quam
566 2202 702 2242 habuit
736 2203 783 2243 de
810 2202 925 2242 modo
953 2202 1234 2253 aedificiorum,
1268 2203 1480 2254 Augustus,
1512 2209 1557 2242 ut
1583 2205 1660 2242 iam

125 2267 296 2317 antiquis
330 2266 430 2305 hanc
467 2279 550 2305 rem
587 2281 704 2307 curae
741 2269 862 2307 fuisse
897 2267 1197 2318 demonstraret,
1232 2270 1272 2306 in
1306 2274 1444 2307 senatu
1478 2270 1660 2307 recitauit

124 2328 250 2385 (Suet.
265 2332 359 2383 Aug.
376 2345 407 2370 c.
424 2329 511 2386 89).
545 2345 673 2384 neque
695 2346 790 2373 uero
812 2336 896 2385 ipsa
922 2335 1144 2372 orationum
1167 2333 1289 2372 uerba
1310 2333 1388 2372 ulla
1410 2333 1457 2372 ad
1478 2346 1549 2373 nos
1569 2347 1658 2385 per-

123 2393 373 2450 uenerunt.⁸)
407 2397 603 2449 pendebat
630 2400 735 2437 enim
763 2399 879 2438 lectio
913 2411 933 2437 e
961 2411 1104 2449 genere
1139 2397 1313 2449 dicendi,
1348 2399 1467 2450 quod,
1502 2412 1590 2438 cum
1618 2401 1658 2438 in

220 2489 252 2531 1)
280 2487 363 2521 Vid.
385 2487 576 2523 Cichorius
611 2489 931 2535 Untersuchunyen
956 2501 985 2524 Z.
1007 2489 1125 2524 Lucil.
1147 2501 1182 2534 p.
1205 2492 1260 2523 62.

219 2543 252 2584 2)
280 2540 387 2581 Quod
419 2540 544 2576 Cicero
576 2542 611 2576 h.
639 2542 661 2576 l.
690 2543 854 2587 scripsit:
893 2547 980 2578 sunt
1011 2544 1087 2577 eius
1119 2543 1300 2578 orationes
1339 2543 1504 2586 ieiunam,-
1542 2544 1658 2579 'multa

119 2594 313 2637 praeclara
348 2595 390 2628 de
416 2595 506 2637 iure,
539 2595 631 2629 haec
663 2596 744 2630 laus
771 2596 819 2630 ad
851 2597 1037 2630 orationes
1076 2595 1263 2640 pertinere
1297 2595 1457 2639 uidetur,
1495 2608 1569 2631 non
1609 2597 1657 2631 ad

123 2645 236 2680 libros
269 2647 472 2691 separatim
506 2648 551 2682 de
583 2649 662 2683 iure
690 2650 827 2692 editos,
864 2649 910 2684 ef.
937 2649 1087 2683 Bremer
1118 2650 1274 2693 Iwrispr.
1302 2650 1420 2684 arnteh.
1444 2662 1474 2694 q.
1494 2662 1522 2684 s.
1543 2662 1577 2694 p.
1599 2655 1655 2684 45.

122 2699 248 2743 itaque
273 2700 317 2734 fr.
339 2705 356 2734 1
384 2700 482 2735 inter
506 2701 590 2736 hist.
613 2702 656 2738 fr.
677 2702 798 2737 locum
825 2714 932 2737 suum
958 2703 1126 2737 obtinere
1151 2702 1273 2745 uolui,
1299 2702 1375 2738 uid.
1397 2703 1480 2737 adn.
1502 2703 1549 2737 ad
1576 2704 1610 2737 h.
1632 2703 1655 2738 1.

219 2754 253 2796 3)
279 2753 403 2788 Etiam
434 2754 473 2788 id
502 2754 765 2800 fragmentum,
799 2757 898 2800 quod
925 2755 1038 2800 uulgo
1071 2755 1138 2790 sub
1166 2755 1244 2790 eius
1277 2756 1425 2791 nomine
1454 2756 1656 2800 ferebatur,

123 2817 206 2840 eum
238 2806 395 2841 Iordano
428 2807 523 2843 Prol.
552 2809 599 2843 ad
632 2809 712 2844 Cat.
738 2821 773 2854 p.
799 2809 879 2844 XCI
910 2809 1070 2843 eiectum
1103 2809 1151 2843 ad
1184 2809 1363 2844 Catonem
1394 2809 1654 2855 relegauimus.

121 2859 215 2893 haec
236 2859 334 2893 enim
354 2861 454 2904 apud
475 2861 692 2896 Diomedem
717 2874 749 2906 p.
774 2866 841 2896 376
856 2862 899 2897 K.
926 2862 1040 2907 uulgo
1061 2862 1252 2906 leguntur:
1283 2863 1460 2898 Ostendor
1484 2868 1655 2906 ostentus,

194 2925 273 2950 Eiet.
287 2926 371 2950 Rom.
392 2925 444 2951 rel.
458 2927 482 2959 Ι,
501 2927 547 2953 ed.
560 2928 678 2953 Peter.
703 2928 758 2953 Ed.
773 2928 823 2953 alt.
1269 2921 1370 2956 XVII
