2002 3342
293 211 468 241 CvanI
631 198 695 233 DE
723 198 1029 235 SCRIPTORVM
1055 199 1179 234 VITIS
1205 200 1267 235 ET
1294 199 1501 236 SCRIPTIS

292 309 462 361 uidetur,
489 315 660 360 secutus,
694 322 811 361 quem
839 311 956 348 etiam
983 311 1023 348 in
1049 310 1185 350 uerbis
1211 310 1445 362 quibusdam
1471 313 1647 351 imitatus
1674 319 1733 351 est
1760 309 1829 366 (cf.

293 376 338 413 fr.
366 374 421 413 29
456 380 496 413 et
526 374 659 413 Caton.
687 375 732 413 fr.
761 371 868 425 571),
900 375 945 414 fr.
975 373 1026 413 17
1063 381 1102 414 et
1134 375 1214 415 Cat.
1241 388 1295 414 or.
1324 377 1364 415 in
1391 376 1595 415 Veturium
1625 375 1678 416 10
1711 391 1748 429 p.
1768 376 1827 416 49

292 436 424 493 lord.).
462 445 596 478 utrum
624 440 741 478 etiam
768 440 809 478 in
836 440 923 478 aliis
950 440 1069 479 rebus
1097 440 1238 479 ducem
1258 453 1348 479 eum
1376 440 1541 492 elegerit
1560 454 1608 480 an
1630 442 1677 481 ad
1698 443 1827 482 fontes

291 506 501 555 primarios
535 504 717 554 redierit,
755 517 834 543 non
874 505 1149 544 discernimus.
1195 506 1334 556 utique
1373 506 1478 545 aliud
1514 512 1628 557 atque
1662 507 1753 546 Cato
1786 509 1828 546 in

291 569 501 608 scribendo
530 569 741 608 consilium
768 569 914 609 habuit.

379 635 600 685 Antequam
626 647 723 674 uero
752 636 819 686 qui
846 637 1062 687 scriptores
1088 636 1162 674 hoc
1188 641 1348 674 auctore
1369 638 1432 675 usi
1452 638 1542 688 sint,
1570 636 1830 688 disputemus,

289 704 333 738 ut
359 712 515 739 omnem
543 699 590 739 de
615 701 848 751 fragmentis
870 714 890 739 a
910 700 1024 739 nobis
1045 702 1215 752 receptis
1238 700 1520 740 dubitationem
1542 714 1831 752 remoueamus,

290 766 426 816 paucis
452 764 571 804 alios
599 766 790 804 Cassios
818 767 886 817 qui
912 767 951 804 in
978 766 1143 804 historia
1163 765 1374 805 scribenda
1394 768 1541 805 uersati
1562 772 1663 817 sunt,
1690 778 1829 805 recen-

290 842 377 869 sere
399 830 538 881 placet,
559 843 670 881 quos,
692 843 781 869 cum
803 843 919 881 quam
940 830 1123 882 plurimis
1144 831 1359 882 praeclaris
1380 831 1642 882 scriptoribus
1662 833 1829 883 patriam

290 895 471 934 floruisse
506 896 644 946 uellet,
681 897 843 934 miscuit
877 902 916 935 et
950 896 1200 947 perturbauit
1235 897 1404 936 maxime
1436 896 1566 935 Maffei
1591 897 1832 935 Veronensis

290 957 477 1014 (Verona
498 964 642 1000 illust-r.
664 961 697 999 11
724 974 760 1012 p.
782 958 838 1000 25
854 958 971 1015 sqq).
1017 974 1063 1000 ex
1084 962 1157 1000 hac
1176 967 1308 1000 tamen
1330 961 1555 1000 Cassiorum
1575 961 1830 1000 multitudine

288 1025 432 1065 multos
466 1039 535 1065 suo
569 1026 653 1065 loco
687 1028 763 1065 iam
799 1029 977 1078 reposuit
1001 1026 1204 1065 Weichert
1236 1026 1259 1065 l.
1281 1039 1310 1065 s.
1333 1040 1362 1065 s.
1389 1040 1426 1078 p.
1452 1025 1536 1066 180
1551 1039 1654 1078 sqq.,
1694 1039 1832 1077 unum,

289 1104 407 1142 quem
433 1091 563 1130 Maffei
591 1092 809 1143 effinxerat,
837 1105 907 1131 suo
934 1093 1020 1131 iure
1047 1093 1207 1131 omnino
1236 1091 1406 1131 sustulit.
1447 1098 1531 1131 erat
1556 1093 1590 1130 is
1611 1092 1653 1130 T.
1670 1092 1832 1131 Cassius

289 1156 462 1195 Seuerus
488 1157 744 1207 Veronensis,
779 1170 896 1209 quem
929 1158 1116 1196 historias
1150 1159 1360 1208 scripsisse
1386 1157 1516 1196 Maffei
1549 1158 1832 1196 affirmauerat.

288 1223 514 1261 continetur
540 1223 645 1260 enim
673 1228 859 1273 quattuor
884 1223 999 1273 locis,
1033 1236 1131 1274 quos
1164 1223 1260 1261 falso
1294 1223 1430 1262 allatos
1463 1235 1549 1262 esse
1576 1222 1689 1261 facile
1718 1223 1831 1261 euin-

288 1292 410 1325 cetur.
456 1288 607 1338 piimus
636 1293 695 1326 est
719 1287 838 1326 Plinii
865 1289 977 1339 epist.
999 1286 1037 1338 4,
1064 1285 1133 1339 28,
1157 1286 1193 1338 1,
1228 1301 1304 1339 quo
1338 1300 1384 1326 ex
1412 1289 1551 1339 optimi
1577 1287 1668 1326 libri
1696 1292 1828 1326 aucto-

288 1352 403 1390 ritate
430 1365 536 1391 nunc
568 1353 646 1391 Tite·
671 1354 761 1391 Cati
787 1365 930 1391 nomen
958 1352 1004 1391 ab
1031 1352 1203 1391 Henrico
1224 1352 1349 1391 Keilio
1377 1358 1438 1392 est
1464 1354 1704 1403 restitutum,
1731 1352 1833 1391 alter

288 1423 327 1455 et
346 1419 488 1455 tertius
510 1423 602 1456 sunt
622 1417 859 1457 Tertulliani
881 1415 947 1471 (fr.
972 1417 992 1456 1
1017 1430 1107 1457 cum
1128 1414 1248 1471 adn),
1277 1419 1345 1469 qui
1365 1420 1469 1457 inter
1494 1418 1591 1457 alios
1617 1418 1831 1456 historicos

287 1483 404 1520 etiam
427 1481 550 1521 Cassii
573 1483 712 1522 Seueri
732 1485 975 1522 mentionem
1000 1484 1104 1522 fecit.
1145 1483 1213 1522 sed
1237 1485 1312 1522 iam
1328 1483 1490 1522 Vossius
1513 1483 1611 1522 Hist.
1628 1483 1708 1522 Lat.
1724 1482 1790 1521 lib.
1814 1483 1830 1521 Ι

287 1560 318 1586 c.
335 1545 403 1599 21,
417 1548 620 1587 Weichert
641 1548 665 1587 l.
681 1562 710 1587 s.
726 1562 763 1600 p.
782 1547 878 1599 183,
900 1548 1115 1587 Schmitter
1129 1561 1164 1599 p.
1184 1545 1237 1586 15
1253 1561 1336 1600 sqq.
1363 1548 1437 1587 hoc
1452 1548 1651 1599 uiderunt,
1670 1561 1690 1587 a
1706 1547 1832 1587 Cassii

288 1612 427 1651 Seueri
459 1615 627 1652 oratoris
661 1614 768 1653 illius
801 1613 1050 1653 acerbissimi
1083 1613 1214 1652 indole
1247 1614 1453 1653 historiam
1486 1614 1549 1653 uel
1585 1615 1832 1665 antiquitatis

288 1680 659 1718 commentationem
697 1679 812 1729 longe
848 1679 1081 1731 abhorrere3
1118 1692 1207 1718 nam
1242 1692 1379 1718 eorum
1413 1680 1481 1730 qui
1513 1680 1630 1718 huius
1665 1678 1832 1718 studiosi

291 1744 451 1782 suerunt
483 1746 717 1783 auctoritate
749 1750 918 1796 utroque
952 1744 1036 1783 loco
1064 1744 1332 1783 Tertullianus
1358 1746 1493 1783 utitur.
1533 1746 1642 1796 atqui
1668 1744 1833 1783 Lactan-

286 1809 383 1859 tius,
410 1810 478 1859 qui
505 1809 642 1848 eadem
668 1811 827 1848 nomina
855 1809 999 1860 adfert,
1025 1809 1163 1849 ultimo
1190 1810 1274 1849 loco
1303 1809 1411 1849 addit
1436 1810 1671 1861 Varronem,
1702 1822 1833 1861 neque

287 1873 572 1913 Tertullianum
600 1876 731 1926 ipsum
758 1875 846 1914 illos
874 1881 1056 1914 auctores
1085 1875 1289 1927 collegisse
1316 1877 1404 1914 ueri
1432 1876 1559 1914 simile
1587 1882 1664 1928 est3
1697 1877 1830 1926 itaque

286 1941 479 1990 originem
495 1941 580 1978 eius
597 1940 739 1979 indicis
756 1943 996 1992 scriptorum
1012 1941 1247 1982 Latinorum
1259 1953 1304 1979 ex
1316 1941 1490 1979 Varrone
1507 1946 1746 1992 repetemus,
1762 1942 1831 1991 qui

287 2004 413 2043 Cassii
430 2007 663 2044 memoriam
677 2019 801 2057 paene
819 2006 1083 2045 oblitteratam
1099 2008 1274 2045 restituit
1289 2004 1388 2059 (uid.
1401 2006 1503 2044 infra
1520 2019 1554 2057 p.
1569 2015 1726 2045 CLXXII
1739 2002 1834 2060 sq),

286 2070 504 2121 Seuerique
530 2075 574 2109 ut
600 2072 766 2110 notioris
794 2073 1035 2110 mentionem
1061 2071 1355 2122 interpolationi
1382 2071 1537 2109 librarii
1563 2071 1730 2110 alieuius
1756 2072 1826 2110 tri-

285 2130 507 2189 buemus2)
553 2148 681 2187 neque
721 2138 826 2175 enim
864 2136 1152 2175 Tertullianum
1193 2138 1277 2175 eius
1316 2138 1464 2175 erroris
1497 2136 1830 2187 insimulabimus,

284 2202 469 2252 quoniam
497 2206 536 2239 et
562 2200 664 2252 apud
685 2201 900 2241 Minucium
924 2198 1060 2255 (quem
1082 2215 1102 2240 a
1122 2201 1364 2240 Tertulliano
1386 2201 1560 2253 pendere
1583 2214 1688 2240 nunc
1710 2213 1827 2252 argu—

286 2267 427 2304 mentis
455 2267 574 2304 certis
601 2266 644 2305 R.
665 2267 811 2306 Heinze
834 2269 925 2307 Ber.
947 2269 982 2306 d.
1003 2268 1133 2306 sciolas.
1155 2268 1239 2306 Ges.
1262 2269 1298 2306 d.
1325 2268 1437 2306 Wiss.
1460 2266 1561 2306 LXII
1588 2280 1624 2318 p.
1640 2264 1726 2305 289
1739 2279 1827 2318 sqq.

284 2327 485 2383 probauit)
508 2337 545 2369 et
566 2331 668 2382 apud
685 2332 928 2371 Lactantium
944 2332 1084 2371 Seueri
1105 2345 1322 2383 cognomen
1342 2332 1463 2371 deest.
1498 2332 1566 2371 sed
1588 2344 1657 2383 pro
1674 2332 1823 2370 Seuero

283 2397 397 2434 testis
424 2397 616 2435 excitatus
644 2403 702 2436 est
729 2397 953 2448 Suetonius,
983 2399 1050 2448 qui
1078 2399 1116 2435 in
1144 2399 1225 2436 uita
1252 2397 1449 2448 Caligulae
1477 2411 1508 2436 c.
1534 2395 1587 2436 16
1615 2397 1721 2436 hunc
1750 2399 1823 2436 im-

283 2466 507 2512 peratorem
543 2464 773 2512 permisisse
809 2463 949 2501 scribit
982 2461 1075 2501 ‘Titi
1113 2463 1297 2513 Labieni,
1335 2463 1452 2501 Cordi
1487 2463 1683 2511 Cremuti,
1719 2461 1828 2501 Cassi

285 2526 425 2565 Seueri
452 2527 598 2577 scripta
626 2534 785 2566 senatus
813 2528 1005 2567 consultis
1033 2528 1174 2566 abolita
1203 2530 1355 2579 requiri
1391 2534 1430 2567 et
1463 2540 1550 2566 esse
1579 2529 1619 2566 in
1645 2527 1830 2566 manibus

285 2591 546 2642 lectitarique,
574 2592 728 2642 quando
756 2595 924 2632 maxime
949 2606 1019 2631 sua
1040 2595 1252 2632 interesset
1273 2599 1317 2632 ut
1338 2594 1437 2632 sacta
1459 2605 1637 2644 quaeque
1659 2593 1830 2643 posteris

384 2702 416 2743 1)
442 2699 514 2734 nisi
541 2711 673 2744 parum
701 2701 902 2746 diligenter
928 2701 1140 2735 Priscianus
1168 2703 1356 2736 auctorem
1384 2713 1490 2735 suum
1520 2700 1726 2745 exscripsit,
1753 2699 1829 2734 uid.

305 2781 313 2789 .
369 2782 374 2787 .
396 2764 509 2787 Lmvs
540 2780 547 2788 .

286 2765 300 2787 Β
339 2765 362 2798 p
382 2809 417 2850 2)
444 2806 501 2840 Ad
514 2765 774 2842 (cleontecturam
796 2807 1023 2842 G.W01ffius
1045 2807 1194 2852 (Philol.
1216 2808 1299 2842 XVI
1324 2820 1359 2852 p.
1381 2809 1464 2852 5⁶29)
1492 2807 1645 2852 refugit,
1672 2805 1736 2850 qui
1762 2816 1832 2850 pro

286 2860 444 2895 Seuerus
471 2860 665 2904 proposuit
692 2872 753 2895 seeo
782 2862 906 2896 Varro.
