2002 3342
67 910 100 935 10

69 1235 100 1260 15

72 1561 104 1585 20

69 1887 101 1913 25

72 2374 105 2398 30

307 195 433 230 ΡΑΒΠ
460 195 673 231 PICTORIS
699 195 825 230 wius
851 196 1108 231 PONTIFICH
1133 197 1270 231 LIBRI.
1310 197 1352 231 fr.
1377 201 1464 231 1—ss
1567 198 1650 238 115

123 307 270 358 liceret,
309 321 386 347 non
425 307 576 359 pridem
616 321 635 346 a
674 307 924 358 pontificibus
961 309 1218 346 constitutum
1254 308 1449 347 Masurius
1482 308 1650 348 Sabinus

123 375 283 424 scripsit
315 380 354 412 et
386 373 458 411 alia
493 372 684 424 quaedam
718 374 883 410 remissa
917 374 1118 424 gratiaque
1148 373 1295 424 aliquot
1321 375 1649 413 caerimoniarum

124 439 221 477 sacta
249 437 432 489 dicitur.)
464 438 644 476 Farinam
673 438 866 476 fermento
893 437 1068 475 inbutam
1097 437 1299 489 adtingere
1327 440 1362 477 ei
1391 440 1447 477 fas
1474 452 1551 477 non
1579 445 1650 478 est.

123 505 254 541 tunica
281 505 430 553 intima,
458 503 533 541 nisi
560 504 599 540 in
627 501 722 540 locis
748 504 875 553 tectis,
903 515 979 540 non
1008 504 1115 541 exuit
1141 516 1194 553 se,
1226 516 1277 542 ne
1304 503 1376 542 sub
1403 504 1521 555 caelo,
1553 510 1649 543 tam-

123 581 239 619 quam
266 568 338 607 sub
365 567 490 606 oculis
525 568 648 618 Iouis,
682 567 811 606 nudus
839 569 900 606 sit.
935 580 1054 618 super
1087 568 1284 607 flaminem
1317 568 1464 607 Dialem
1491 571 1531 608 in
1559 582 1649 608 con-

122 635 242 683 uiuio,
270 635 346 672 nisi
374 646 440 671 rex
469 632 727 683 sacrificulus,
754 632 848 671 haut
875 634 1082 684 quisquam
1109 633 1209 672 alius
1237 634 1442 673 accumbit.
1487 647 1650 673 uxorem

123 700 155 737 si
183 700 322 749 amisit,
349 698 531 736 flamonio
554 697 720 736 decedit.
753 699 1046 737 matrimonium
1071 699 1240 737 ssaminis
1269 701 1345 737 nisi
1371 705 1496 738 morte
1520 700 1652 738 dirimi

123 765 183 802 ius
211 776 287 802 non
315 769 384 802 est.
419 763 559 813 locum,
587 765 627 801 in
655 776 730 814 quo
756 763 916 802 bustum
945 770 1013 815 est,
1046 776 1261 815 numquam
1289 764 1521 815 ingreditur,
1548 778 1650 803 mor-

122 835 232 868 tuum
259 841 473 880 numquam
501 830 676 880 attingit3
703 830 820 867 sunus
848 835 977 867 tamen
1005 831 1167 880 exsequi
1194 841 1271 867 non
1294 835 1354 868 est
1374 830 1522 881 religio.
1556 830 1651 869 Eae-

122 894 209 933 dem
249 895 371 932 serme
411 895 673 932 caerimoniae
715 900 807 932 sunt
844 894 1065 933 flaminicae
1102 894 1241 947 Dialis,
1279 894 1440 947 <alias>
1474 908 1652 935 seorsum

122 961 231 997 aiunt
257 959 514 1008 ohseruitare,
540 958 665 997 ueluti
693 965 762 1009 est,
791 959 893 1010 quod
914 965 1108 999 uenenato
1129 961 1307 1011 operitur
1327 966 1366 999 et
1386 960 1489 1011 quod
1510 962 1549 998 in
1572 963 1653 999 rica

121 1024 324 1063 surculum
353 1024 399 1063 de
427 1024 566 1062 arbore
595 1023 700 1062 felici
726 1024 843 1064 habet
871 1031 909 1063 et
934 1024 1038 1076 quod
1060 1025 1183 1064 scalas
1203 1024 1339 1076 <nisi>
1360 1039 1459 1077 quae
1481 1025 1651 1065 Graecae

122 1089 379 1141 appellantur,
407 1089 621 1128 escendere
650 1091 686 1128 ei
712 1090 800 1141 plus
827 1090 955 1129 tribus
982 1090 1168 1141 gradibus
1195 1091 1424 1142 religiosum
1451 1097 1511 1129 est
1537 1097 1652 1142 atque

122 1157 250 1205 etiam,
285 1167 374 1193 cum
402 1156 431 1193 it
466 1154 512 1193 ad
545 1155 705 1205 Argeos,
739 1155 842 1206 quod
869 1168 997 1207 neque
1025 1157 1144 1194 comit
1170 1161 1287 1207 caput
1313 1168 1441 1207 neque
1469 1156 1653 1207 capillum

123 1220 304 1271 depectit.

213 1282 284 1325 33·
312 1281 391 1339 (9.)
427 1286 542 1324 Seru.
572 1287 756 1334 (auctus)
785 1289 841 1325 ad
874 1288 990 1336 Very.
1017 1288 1160 1335 Geory.
1186 1288 1220 1338 I,
1242 1288 1309 1326 21.
1351 1287 1495 1326 Fabius
1521 1287 1653 1326 Pictor

122 1351 192 1389 hos
229 1350 321 1389 deos
355 1357 577 1401 enumerat,
617 1364 714 1402 quos
753 1353 911 1391 inuocat
947 1353 1089 1391 flamen
1123 1365 1279 1391 sacrum
1313 1352 1473 1392 Cereale
1506 1353 1654 1391 faciens

123 1416 271 1455 Telluri
305 1422 343 1455 et
375 1416 527 1454 Cereri:
562 1416 853 1467 Vernactorem,
891 1417 1184 1469 Reparatorem,
1222 1417 1518 1469 Inporcitorem,
1556 1418 1653 1456 Insi-

125 1487 262 1532 torem,
278 1480 542 1532 Obaratorem,
565 1481 806 1533 Occatorem,
828 1482 1077 1534 Sarritorem,
1098 1482 1488 1535 Subruncinatorem,
1509 1483 1653 1522 Messo-

126 1559 221 1597 rem,
249 1546 546 1597 Couuectorem,
574 1547 837 1597 Conditorem,
864 1548 1135 1587 Promitorem.

212 1608 284 1651 43·
303 1606 380 1665 (4.)
410 1613 592 1651 Macrob.
612 1619 685 1651 sat.
708 1614 746 1661 3,
768 1614 806 1662 2,
827 1614 864 1652 3.
901 1612 998 1651 Nam
1027 1619 1065 1652 et
1091 1626 1137 1652 ex
1166 1613 1373 1664 disciplina
1398 1614 1653 1664 haruspicum

124 1683 162 1715 et
189 1689 234 1715 ex
261 1682 472 1728 praecepto
498 1678 729 1728 pontificum
750 1677 917 1716 uerbum
944 1678 1017 1717 hoe
1038 1678 1227 1717 sollemne
1249 1679 1561 1718 sacrificantibus
1584 1685 1654 1730 est,

124 1743 226 1780 sicut
264 1742 455 1780 Veranius
495 1755 541 1780 ex
580 1744 707 1793 primo
748 1742 847 1781 libro
886 1743 1054 1783 Pictoris
1092 1745 1145 1782 ita
1184 1744 1502 1783 dissertationem
1536 1745 1654 1783 huius

122 1807 235 1846 uerbi
263 1813 472 1846 exsecutus
500 1814 575 1846 est:
608 1808 705 1847 Exta
731 1810 989 1859 porriciunto,
1023 1809 1082 1848 dis
1111 1809 1238 1860 danto,
1266 1811 1305 1847 in
1333 1809 1468 1848 altaria
1496 1822 1654 1848 aramue

122 1873 304 1911 foeumue
333 1885 430 1911 eoue
457 1885 534 1924 quo
562 1878 648 1911 exta
677 1873 761 1912 dari
789 1873 998 1913 debebunt.

213 1935 256 1978 5.
279 1934 357 1991 (5.)
385 1938 569 1977 Macrob.
591 1939 630 1989 3,
650 1941 690 1989 ,2,
712 1940 778 1978 II.
812 1938 908 1977 Nam
936 1941 1063 1990 primo
1090 1940 1283 1991 pontificii
1310 1941 1409 1979 iuris
1430 1939 1530 1979 libro
1552 1939 1654 1991 apud

122 2003 318 2041 Pictorem
352 2002 518 2041 uerbum
552 2004 625 2042 hoc
653 2005 826 2054 positum
854 2010 914 2043 est
941 2003 1151 2056 ‘uitulari’,
1180 2005 1226 2044 de
1254 2007 1367 2044 cuius
1393 2005 1508 2044 uerbi
1536 2006 1654 2056 signi-

124 2069 240 2106 ficatu
267 2068 394 2107 Titius
422 2069 474 2106 ita
501 2068 651 2108 retulit:
680 2068 856 2108 ‘uitulari
883 2075 942 2108 est
966 2082 1064 2109 uoce
1091 2069 1255 2109 laetari’.

716 2207 787 2244 EX
813 2206 973 2244 LIBRO
1000 2207 1061 2244 ΠΙ

213 2290 257 2332 6.
280 2287 358 2346 (6.)
386 2294 486 2332 Non.
515 2306 544 2332 s.
577 2306 613 2332 u.
635 2297 855 2343 pe‘cummts
881 2308 924 2344 p.
956 2295 1053 2334 518.
1097 2295 1204 2334 Idem
1241 2291 1404 2349 (Fabius
1430 2293 1579 2349 Pictor)
1613 2297 1654 2334 in

126 2360 224 2397 iuris
250 2358 441 2409 pontificii
468 2358 532 2397 lib.
554 2359 623 2397 111:
649 2359 830 2398 Pilumno
857 2366 896 2398 et
920 2360 1121 2399 Picumno.

215 2491 259 2534 3.
285 2495 469 2534 Seruauit
495 2496 737 2543 L(e=idensis)
865 2500 915 2535 18
948 2493 1047 2536 uerti
1074 2501 1246 2536 actorem
1272 2498 1310 2535 L
1372 2498 1655 2536 Redaratorem

123 2553 344 2592 Salmasius
406 2556 718 2605 inportieitorem
745 2553 801 2594 Ll
926 2560 975 2595 19
1004 2558 1252 2596 hoeeatorem
1278 2558 1316 2595 L

214 2609 260 2664 4,
289 2615 342 2650 24
369 2615 567 2663 porieiunt
591 2615 719 2653 Paris.
793 2616 937 2654 distato
963 2617 1005 2653 in
1031 2617 1250 2655 altaramue
1276 2617 1416 2655 Bamb.
1444 2620 1532 2655 ante
1557 2629 1653 2656 corr.

125 2672 301 2710 distanto
329 2685 489 2711 aramue
514 2670 676 2712 Bamb.²
713 2675 842 2713 dando
868 2676 996 2714 Paris.

215 2728 260 2781 6,
283 2733 335 2769 29
363 2732 468 2770 idem
488 2733 554 2771 lib.
569 2734 605 2770 I:
632 2736 713 2772 uris
741 2735 917 2783 pontifex
938 2735 1004 2773 lib.
1024 2735 1084 2772 III
1105 2734 1206 2783 (1111
1222 2735 1349 2782 Guelf.
1365 2730 1526 2787 Bamb.)
1547 2736 1652 2774 codd.

121 2803 193 2838 pro
208 2792 342 2840 priore
366 2791 432 2830 lib.
460 2795 598 2840 scripsi
624 2793 675 2840 in,
702 2797 824 2831 cetera
845 2806 939 2833 corr.
962 2795 1106 2832 Iunius
1193 2796 1246 2832 30
1273 2795 1403 2844 picum
1428 2795 1534 2833 codd.
1557 2806 1653 2833 corr.

123 2851 268 2888 Iunius

1325 2920 1370 2954 8*
