2002 3342
299 223 438 253 CLXVI
634 208 697 242 DE
724 208 1030 243 SCRIPTORVM
1055 208 1179 244 VITIS
1206 209 1267 243 ΕΤ
1295 208 1504 244 SCRIPTIS

389 319 443 358 De
470 320 570 357 uita
598 320 681 357 eius
709 318 806 356 nihil
834 320 1074 370 accepimus,
1105 332 1232 371 neque
1258 319 1362 358 ullus
1388 319 1526 358 titulus
1553 319 1671 370 lapidi
1698 321 1830 358 aeriue

298 386 448 423 incisus
488 389 553 422 aut.
591 384 761 434 scriptor
799 389 957 434 praeter
995 384 1100 422 locos
1137 385 1235 422 infra
1274 397 1293 422 a
1329 384 1442 423 nobis
1478 384 1669 422 indicatos
1706 384 1831 422 Cassii

298 450 485 488 Heminae
513 449 704 487 meminit.
744 448 1008 499 Inscriptio
1041 449 1132 487 libri
1164 450 1274 488 uarie
1308 449 1449 488 tradita
1484 454 1543 487 est
1569 454 1607 487 et
1633 449 1831 487 annalium

299 520 336 553 et
369 515 640 563 historiarum,
679 526 844 564 quarum
878 513 983 552 illam
1018 527 1060 552 ea
1095 514 1141 553 de
1174 527 1289 553 causa
1323 515 1520 565 praeferO,
1556 513 1660 564 quod
1692 515 1833 552 nititur

298 579 414 617 Plinii
442 574 550 632 (37),
585 578 698 616 Gellii
726 575 804 631 (8),
839 578 968 617 Seruii
997 575 1106 633 (22),
1132 579 1324 617 Prisciani
1352 575 1440 623 (25.
1468 577 1535 617 29.
1563 576 1630 617 30.
1659 576 1726 617 31.
1754 575 1829 633 32>

296 645 545 693 testimoniis,
573 656 661 681 curn
689 644 873 681 historias
900 656 977 682 uno
1005 644 1088 682 loco
1117 646 1211 682 citet
1238 643 1445 682 Diomedes
1466 640 1533 688 (fr.
1559 642 1650 696 11);
1683 643 1832 682 Nonius

297 709 508 759 quinquies
529 705 587 762 (9.
606 705 670 746 10.
689 706 754 747 16.
771 706 838 746 34.
855 705 929 762 35)
952 709 1149 758 historias,
1171 711 1299 748 sexies
1316 704 1404 762 (17.
1421 707 1487 747 21.
1505 707 1571 747 24.
1588 706 1655 747 28.
1671 707 1738 747 33.
1754 705 1830 763 36)

297 773 456 812 annales
483 773 667 812 laudauit.

387 839 551 877 Latine
586 851 674 877 eum
709 851 772 877 res
810 840 870 877 sui
902 838 1037 889 populi
1065 851 1269 877 enarrasse
1303 851 1349 877 ex
1384 840 1440 877 eis
1469 851 1566 890 quae
1594 852 1613 877 a
1641 851 1832 889 gramma-

296 905 385 943 ticis
413 903 459 942 ad
485 903 654 942 uerbum
682 903 802 943 relata
831 909 937 954 sunt,
966 905 1059 942 satis
1090 909 1269 955 apparet,
1305 903 1372 943 sed
1400 917 1476 955 quo
1505 904 1661 943 dicendi
1687 916 1831 954 genere

295 982 391 1008 usus
428 971 495 1019 sit,
535 974 698 1020 propter
731 969 873 1007 horum
910 969 1220 1019 fragmentorum
1257 971 1510 1020 exiguitatem
1549 975 1586 1008 et
1619 969 1833 1008 exilitatem

297 1035 452 1073 definiri
480 1036 634 1085 nequit,
668 1040 798 1073 cetera
825 1039 955 1072 autem
989 1034 1174 1085 pleraque
1209 1036 1261 1073 ita
1294 1039 1441 1073 mutata
1469 1034 1516 1072 ad
1543 1047 1614 1073 nos
1641 1047 1833 1085 peruene-

298 1106 401 1151 runt,
428 1105 471 1138 ut
496 1112 691 1151 perpauca
720 1100 964 1150 antiquitatis
990 1101 1157 1150 uestigia
1187 1101 1346 1150 agnosci
1372 1101 1534 1150 possint.

386 1165 517 1203 Libri
545 1170 771 1216 quattuor
798 1165 1037 1215 afferuntur,
1064 1177 1231 1216 quorum
1259 1170 1298 1203 et
1325 1170 1507 1215 quartum
1538 1165 1748 1216 separatim
1775 1166 1833 1203 in-

296 1233 486 1282 scriptum
531 1231 652 1268 fuisse
700 1232 843 1269 bellum
881 1231 1077 1269 Punicum
1107 1233 1317 1280 posterior
1356 1231 1752 1268 commemorauimus
1797 1236 1835 1268 et

296 1297 473 1334 Cassium
506 1295 606 1333 ultra
642 1295 681 1333 id
714 1295 859 1333 bellum
894 1301 1018 1334 aetate
1051 1300 1285 1346 prouectum
1316 1295 1380 1334 uel
1413 1308 1490 1334 uno
1524 1295 1624 1333 libro
1657 1295 1722 1333 uel
1748 1295 1833 1346 plu-

298 1361 406 1399 ribus
434 1362 551 1399 etiam
579 1373 644 1399 eas
673 1373 746 1410 res,
775 1373 874 1411 quae
900 1366 989 1411 post
1014 1360 1159 1399 bellum
1181 1361 1372 1399 Punicum
1398 1360 1565 1399 alterum
1587 1362 1700 1398 annis
1721 1361 1833 1411 quin-

297 1428 482 1477 quaginta
510 1431 640 1476 gestae
669 1431 771 1475 sunt,
800 1425 1046 1476 complexum
1075 1438 1172 1464 esse.
1211 1438 1301 1464 nam
1328 1425 1424 1464 illud
1451 1425 1555 1464 haud
1577 1437 1665 1464 raro
1687 1426 1834 1464 factum

298 1497 369 1542 est,
394 1498 438 1529 ut
464 1492 579 1542 pauci
607 1490 765 1542 quidam
793 1491 884 1528 libri
913 1503 931 1529 a
960 1492 1227 1541 grammaticis
1259 1496 1585 1542 excerperentur,
1617 1492 1737 1529 ceteri
1766 1503 1834 1529 ne-

294 1552 630 1609 ἶ(1169616111111-(111
657 1556 858 1594 Charisius
887 1556 1076 1594 Sisennae
1103 1556 1343 1594 Milesiarum
1379 1556 1505 1594 solum
1538 1557 1699 1594 tertium
1729 1555 1833 1594 deci-

294 1634 401 1660 mum
437 1621 582 1660 librum
615 1617 827 1675 laudauit),
870 1633 997 1672 neque
1036 1621 1276 1672 persuadere
1316 1621 1413 1659 1111111
1445 1633 1604 1672 possum
1642 1622 1831 1672 quinqua-

294 1687 398 1736 ginta
426 1688 633 1725 minimum
661 1699 852 1725 annorum
880 1699 943 1725 res
971 1700 988 1724 a
1019 1686 1152 1725 Cassio
1185 1688 1237 1725 ita
1272 1692 1464 1725 coartatas
1498 1699 1603 1735 esse,
1641 1691 1686 1725 ut
1718 1688 1830 1737 quasi

294 1751 488 1802 appendix
525 1752 596 1790 sub
634 1751 725 1790 belli
761 1752 898 1790 Punici
933 1753 1164 1803 posterioris
1200 1753 1458 1803 inscriptione
1496 1752 1680 1802 laterent,
1718 1764 1829 1803 prae-

294 1818 430 1855 sertim
466 1830 554 1855 cum
592 1829 663 1868 per
697 1830 819 1855 annos
862 1817 1037 1867 singulos
1078 1817 1244 1868 amplior
1279 1819 1314 1856 ei
1351 1822 1622 1856 succresceret
1654 1819 1829 1856 materia.

295 1881 437 1932 quibus
472 1882 518 1920 de
552 1883 681 1920 causis
715 1883 760 1920 fr.
788 1880 856 1920 37.
884 1880 951 1920 33.
980 1880 1034 1920 39
1069 1895 1146 1920 non
1181 1895 1226 1920 ex
1255 1888 1392 1933 quarto
1426 1882 1494 1920 sed
1528 1894 1574 1920 ex
1601 1881 1730 1932 libris,
1764 1883 1831 1933 qui

294 1952 382 1997 post
410 1953 592 1998 quartum
621 1954 742 1997 erant,
770 1953 923 1998 sumpta
951 1960 1036 1986 esse
1066 1959 1244 1986 censeo..

383 2012 553 2050 Deduxit
585 2018 713 2051 autem
749 2012 906 2051 Cassius
940 2025 1002 2051 res
1036 2026 1055 2050 a
1088 2014 1245 2063 generis
1272 2012 1395 2051 Italici
1428 2013 1624 2063 principe,
1663 2012 1829 2051 Saturno

295 2073 360 2130 (ΓΡ.
385 2074 447 2131 1),
475 2078 661 2116 Ε11611161·1
690 2077 908 2115 doctrinam
937 2077 1150 2128 amplexus,
1178 2090 1294 2128 quam
1320 2077 1434 2128 paulo
1462 2085 1550 2115 ante
1578 2077 1728 2116 Ennius
1755 2077 1828 2115 Ro-

293 2155 378 2181 mae
406 2140 732 2196 publicaueratssf),
760 2144 909 2194 eisque,
937 2156 1034 2194 quae
1063 2148 1151 2181 ante
1173 2142 1333 2181 Romani
1356 2142 1551 2181 conditam
1573 2148 1704 2193 gestae
1727 2149 1830 2193 sunt,

294 2214 417 2246 totum
460 2208 604 2246 librum
647 2209 818 2259 primum
861 2208 1089 2259 compleuit,
1130 2207 1168 2246 id
1205 2208 1308 2259 quod
1348 2208 1434 2246 fieri
1472 2220 1551 2246 11011
1589 2209 1716 2259 potuit
1753 2209 1830 2246 11151

293 2285 432 2323 magna
460 2274 694 2311 ficticiarum
723 2273 942 2312 fabularum
971 2275 1079 2324 copia
1109 2273 1255 2311 Graeca
1283 2274 1514 2324 conquisita.
1548 2274 1678 2323 itaque
1708 2272 1828 2311 multa

295 2337 341 2376 de
368 2338 521 2377 Aeneae
549 2339 639 2389 fuga
667 2344 704 2376 et
729 2340 874 2389 pietate
903 2340 1101 2377 enarrauit
1121 2338 1186 2390 (fr.
1208 2336 1253 2385 ὦ)
1281 2340 1511 2389 primusque
1535 2337 1699 2388 Siculos,
1727 2337 1829 2389 quod

294 2404 476 2454 sciamus,
503 2409 661 2442 ueteres
684 2403 783 2442 Latii
810 2403 957 2442 incolas
980 2400 1044 2457 (fr.
1067 2402 1104 2442 2.
1127 2401 1172 2456 3)
1202 2405 1431 2454 nominauit,
1458 2403 1693 2441 Antiochum
1715 2403 1827 2454 Syra-

294 2480 501 2518 cusanum,
536 2481 580 2506 ex
616 2481 690 2519 quo
724 2468 844 2507 multa
880 2469 925 2507 de
957 2469 1099 2507 Siculis
1133 2469 1342 2520 Dionysius
1374 2468 1712 2507 Halicarnasensis
1747 2481 1828 2506 me-

292 2534 440 2571 moriae
460 2532 645 2584 prodidit,
666 2533 729 2572 uel
746 2533 961 2584 Timaeum,
984 2535 1095 2573 cuius
1116 2535 1282 2584 uestigia
1304 2533 1493 2584 quaedam
1516 2534 1554 2571 111
1584 2533 1628 2571 fr.
1644 2531 1670 2572 ὃ
1692 2545 1828 2584 super-

295 2603 396 2648 sunt,
412 2603 582 2636 secutus.
616 2598 708 2636 hinc
725 2599 844 2637 Varro
861 2600 1094 2637 sententiam
1112 2611 1221 2637 suam
1239 2598 1284 2637 de
1307 2611 1349 2636 ea
1372 2604 1487 2649 gente
1509 2597 1577 2651 (de
1594 2598 1615 2636 l.
1631 2598 1654 2636 1.
1671 2596 1708 2649 6,
1726 2596 1828 2637 101:

293 2676 317 2701 a
338 2664 467 2701 Roma
488 2665 597 2711 quod
618 2667 700 2702 07·ῖὶ
720 2664 859 2714 Siculi,
881 2670 923 2702 ut
945 2667 1115 2702 ameales
1137 2669 1294 2702 ueteres
1314 2667 1444 2702 nostri
1465 2659 1624 2716 dicunt)
1645 2668 1688 2702 ut
1708 2663 1827 2702 multa

390 2761 424 2799 1)
451 2759 534 2793 Vid.
556 2759 666 2792 Ennii
689 2759 842 2794 Euhem.
864 2760 906 2795 fr.
927 2772 963 2804 p.
985 2763 1052 2793 223
1066 2772 1144 2803 sqq.
1166 2759 1292 2793 Vah12.
1332 2761 1417 2804 post)
1438 2759 1602 2793 Cassium
1626 2760 1756 2793 eadem
1783 2760 1827 2793 de

294 2812 452 2846 Saturno
486 2812 614 2846 docuit
641 2813 758 2846 Varro
794 2814 831 2846 et
865 2813 1009 2857 aliquot
1042 2812 1199 2847 saeculis
1225 2814 1311 2857 post
1337 2812 1450 2857 Origo
1478 2812 1598 2857 gentis
1625 2813 1826 2847 Romanae.

292 2865 337 2899 cf.
365 2867 536 2900 Laetant.
557 2865 645 2900 inst.
669 2870 697 2907 1,
722 2870 774 2901 13.
806 2870 861 2909 14,
886 2870 938 2901 10.
979 2867 1139 2900 Macrob.
1162 2868 1228 2900 sat.
1253 2871 1282 2907 1,
1311 2870 1342 2907 7,
1363 2870 1419 2900 21.
1459 2865 1566 2900 Ouid.
1588 2865 1671 2900 fast.
1696 2871 1725 2908 1,
1747 2869 1827 2900 233.
