2002 3342
125 894 158 919 10

125 1219 157 1245 15

126 1544 158 1571 20

126 1871 157 1895 25

449 183 489 224 Q.
510 182 636 217 AELII
662 181 933 217 TVBERONIS
959 180 1230 216 HISTORIAE.
1269 181 1311 215 fr.
1335 185 1425 215 1-4
1625 181 1710 223 309

176 298 255 333 lum
278 301 315 333 el
336 290 525 345 Remum]
550 295 608 347 τῷ
636 291 754 331 Πανὶ
781 292 860 344 τὴν
880 289 1152 344 Ἀρκαδικήν,
1180 290 1236 339 ὡς
1257 290 1489 343 Εὔανδρος
1510 293 1712 344 κατεστή-

178 369 302 410 σατο,
334 357 514 409 θυσίαν,
547 355 820 409 ἐνήδρευσαν
851 356 929 396 τὸν
962 356 1118 408 καιρὸν
1149 354 1319 396 ἐκεῖνον
1345 361 1420 409 τῆς
1447 356 1711 409 ἱερουργίας,

178 423 306 475 ἡνίκα
338 428 450 475 χρῆν
481 422 585 469 τοὺς
616 421 713 473 περὶ
747 421 794 461 τὸ
822 420 1108 460 Παλλάντιον
1140 421 1373 468 οἰκοῦντας
1405 427 1492 461 τῶν
1525 419 1638 461 νέων
1664 420 1711 461 ἐκ

176 493 254 528 τοῦ
284 487 482 527 Λυκαίου
508 485 750 534 τεθυκότας
775 487 1032 536 περιελθεῖν
1059 485 1206 540 δρόμῳ
1233 486 1313 538 τὴν
1338 485 1489 538 κώμην
1515 487 1710 538 γυμνοὺς

176 549 507 603 ὑπεζωσμένους
538 551 618 604 τὴν
649 551 758 591 αἰδῶ
791 557 885 598 ταῖς
918 550 1068 603 δοραῖς
1100 556 1189 591 τῶν
1220 550 1464 591 νεοθύτων.
1503 556 1633 592 τοῦτο
1661 551 1710 592 δὲ

176 617 409 671 καθαρμόν
434 631 533 657 τινα
558 623 646 656 τῶν
672 622 885 668 κωμητῶν
910 614 1098 667 πάτριον
1124 614 1324 665 ἐδύνατο,
1360 615 1417 663 ὡς
1436 614 1508 656 καὶ
1535 621 1622 657 νῦν
1647 614 1711 657 ἔτι

178 683 345 736 δρᾶται.
385 680 432 723 ε”ν
466 682 518 734 δὴ
546 681 686 736 τούτῳ
714 685 774 736 τῷ
804 682 948 736 χρόνῳ
975 681 1078 728 τοὺς
1104 680 1354 733 ἱεροποιοὺς
1380 683 1642 730 νεανίσκους
1669 683 1715 723 οἱ

177 748 384 800 βουκόλοι
417 747 680 800 λοχήσαντες
712 746 818 786 κατὰ
850 746 898 786 τὸ
927 746 1198 799 στενόπορον
1222 750 1297 798 τῆς
1324 745 1452 797 ὁδοῦ,
1487 744 1635 800 ἐπειδὴ
1661 747 1710 788 τὸ

177 820 351 865 πρῶτον
378 812 518 865 τάγμα
544 812 592 852 τὸ
621 812 704 852 σὺν
729 816 787 867 τῷ
803 808 949 866 Ῥώμῳ
975 808 1068 850 κατ’
1095 811 1254 858 αὐτοὺς
1276 809 1462 862 ἐγένετο,
1490 819 1577 852 τῶν
1597 811 1710 866 ἀμφὶ

171 875 392 929 Ῥωμύλον
418 892 463 918 τε
489 877 560 917 καὶ
582 877 727 918 ἄλλων
747 876 1067 930 ὑστεριζόντων
1088 874 1231 930 (τριχῇ
1254 875 1335 929 γὰρ
1359 874 1618 929 ἐνενέμηντο
1640 877 1712 918 καὶ

178 942 224 983 ἐκ
250 943 541 996 διαστήματος
567 940 718 997 ἔθεον)
747 941 799 982 οὐ
825 941 1154 995 περιμείναντες
1176 941 1280 988 τοὺς
1306 942 1490 989 λοιποὺς
1514 941 1712 995 ὁρμῶσιν

179 1007 247 1049 ἐπὶ
274 1009 378 1056 τοὺς
403 1008 604 1060 πρώτους
631 1005 923 1060 ἐμβοήσαντες
947 1005 1107 1059 ἀθρόοι
1128 1003 1200 1046 καὶ
1220 1005 1502 1059 περιστάντες
1524 1004 1711 1059 ἔβαλλον

179 1074 219 1114 οἱ
245 1070 326 1127 μὲν
352 1072 591 1125 ἀκοντίοις,
624 1072 665 1113 οἱ
693 1069 740 1113 δὲ
768 1072 934 1124 λίθοις,
967 1071 1013 1113 οἱ
1043 1069 1084 1112 δ’
1115 1071 1172 1120 ὡς
1199 1070 1377 1112 ἕκαστοί
1400 1086 1441 1111 τι
1468 1072 1541 1112 διὰ
1567 1073 1713 1126 χειρὸς

178 1133 307 1192 εἶχον.
348 1138 394 1179 οἶ
417 1136 454 1178 δ’
487 1136 774 1190 ἐκπλαγέντες
800 1141 859 1192 τῷ
892 1134 1124 1192 παραδόξῳ
1151 1142 1230 1177 τοῦ
1256 1136 1432 1185 πάθους
1458 1137 1529 1177 καὶ
1554 1136 1712 1191 ἀμηχα-

180 1210 360 1252 νοῦντες
394 1203 415 1245 ὅ
448 1218 489 1244 τι
522 1203 732 1257 δράσειαν
762 1204 872 1255 πρὸς
912 1200 1215 1254 ὡπλισμένους
1253 1202 1438 1243 ἄνοπλοι
1473 1204 1712 1256 μαχόμενοι

178 1269 284 1310 κατὰ
310 1269 478 1322 πολλὴν
505 1267 733 1309 εὐπέτειαν
754 1266 1069 1322 ἐχειρώθησαν.
1110 1266 1132 1308 ὁ
1153 1263 1234 1320 μὲν
1255 1263 1511 1320 οὗνῬῶμος
1533 1267 1601 1308 ἐπὶ
1622 1275 1713 1317 τοῖς

178 1335 403 1388 πολεμίοις
431 1335 666 1387 γενόμενος
693 1332 844 1387 οὕτως,
873 1331 958 1374 εἶθ’
992 1332 1050 1381 ὡς
1076 1331 1098 1373 ὁ
1133 1332 1299 1384 Φάβιος
1325 1332 1621 1388 παραδέδωκε,
1649 1333 1714 1374 δέ·

180 1411 304 1451 σμιος
331 1401 392 1448 εἰς
418 1398 681 1453 τὴν”Αλβαν
708 1398 909 1452 ἀπήγετο.

269 1464 312 1506 4.
351 1466 665 1515 Gell.10,28,1.
705 1466 860 1504 Tubero
893 1466 934 1504 in
966 1465 1221 1504 historiarum
1253 1466 1381 1516 primo
1415 1466 1592 1515 scripsit,
1623 1465 1712 1503 Ser-

179 1533 289 1571 uium
316 1532 487 1571 Tullium
514 1544 660 1583 regem,
686 1531 821 1582 populi
840 1531 1005 1569 Romani
1033 1543 1121 1569 cum
1149 1530 1235 1569 illas
1262 1531 1435 1582 quinque
1461 1529 1605 1569 classes
1625 1528 1712 1581 <se-

181 1600 341 1637 niorum
362 1596 426 1649 et>
447 1599 646 1636 iuniorum
667 1609 810 1635 census
832 1595 1004 1634 faciendi
1024 1597 1146 1647 gratia
1166 1596 1405 1647 institueret,
1427 1593 1601 1646 ‘pueros’
1625 1607 1712 1634 esse

181 1664 440 1713 existimasse,
467 1664 533 1713 qui
560 1663 734 1700 minores
761 1667 895 1700 essent
916 1662 1028 1700 annis
1056 1667 1207 1712 septem
1230 1660 1378 1711 decem,
1405 1668 1519 1711 atque
1548 1659 1638 1699 inde
1666 1660 1713 1699 ab

181 1740 281 1767 anno
308 1729 475 1779 septimo
503 1727 667 1777 decimo,
694 1740 770 1778 quo
797 1727 959 1765 idoneos
986 1728 1062 1765 iam
1086 1739 1173 1765 esse
1201 1727 1259 1764 rei
1284 1739 1321 1777 p.
1343 1725 1615 1776 arbitraretur,
1641 1727 1712 1764 mi-

180 1793 268 1832 lites
296 1794 516 1844 scripsisse,
543 1805 688 1844 eosque
716 1792 763 1830 ad
791 1804 935 1830 annum
958 1791 1301 1843 quadragesimum
1328 1797 1482 1830 sextum
1505 1789 1711 1829 ‘iuniores’

181 1871 376 1910 supraque
405 1870 494 1897 eum
521 1870 667 1897 annum
695 1854 904 1896 ‘seniores'
932 1857 1160 1908 appellasse.

180 1990 272 2024 bant
302 1990 341 2024 in
367 1989 571 2024 Numitoris
598 2000 706 2034 agros
734 1990 780 2024 ab
810 1989 855 2023 iis
881 1990 1063 2034 impetum
1090 1988 1186 2030 fieri,
1217 1988 1305 2022 inde
1338 1998 1399 2022 eos
1427 1987 1585 2022 collecta
1610 1987 1714 2022 iuue-

180 2050 268 2072 num
288 2048 401 2071 manu
426 2037 602 2071 hostilem
621 2037 659 2070 in
680 2038 829 2071 modum
856 2037 1015 2081 praedas
1037 2047 1158 2080 agere.
1198 2036 1250 2070 sic
1271 2035 1318 2069 ad
1340 2034 1564 2080 supplicium
1583 2034 1714 2069 Numi-

180 2085 252 2120 tori
279 2085 415 2120 Remus
443 2084 602 2119 deditur.
642 2086 685 2128 cf.
708 2085 827 2130 Voaeyer
848 2097 890 2119 m.
913 2085 982 2119 Rh.
1005 2084 1191 2118 XXXVI
1203 2095 1241 2128 p.
1257 2086 1312 2118 51.

277 2131 314 2168 4.
343 2133 424 2167 Vid.
446 2132 642 2178 Schweyzer
661 2133 735 2176 ΙΙ).
753 2135 833 2168 733.

272 2252 316 2308 3,
346 2259 367 2295 3
397 2255 511 2308 ἐχρῆν
537 2257 627 2295 libra·
688 2261 766 2294 τῶν
792 2253 944 2305 νομέων
969 2255 1192 2299 Buecheler,
1218 2258 1259 2292 at
1283 2256 1330 2301 cf.
1357 2255 1450 2292 Liu.
1474 2256 1511 2298 1,
1529 2254 1609 2298 5,2

182 2319 219 2355 8.
236 2317 259 2354 9
288 2315 329 2354 τὸ
355 2321 510 2367 πρῶτον
544 2316 676 2353 Vrbm.
708 2314 750 2353 τὸ
777 2326 847 2352 om.
869 2317 931 2352 cet.
953 2315 1044 2352 libri
1132 2316 1154 2352 9
1182 2309 1266 2353 κατ’
1296 2312 1440 2359 αὐτοὺς
1466 2311 1614 2364 ἐγένετο
1641 2325 1712 2351 om.

187 2376 319 2414 Vrbin.
421 2376 472 2413 15
502 2373 642 2413 ἄοπλοι
663 2376 794 2413 Vrbm.
893 2375 944 2411 17
973 2368 1051 2412 εἴθ’
1083 2373 1206 2420 οὕτως
1233 2368 1311 2411 εἴθ’
1342 2370 1394 2419 ὡς
1421 2370 1440 2410 ὁ
1470 2373 1517 2410 Φ.
1543 2372 1714 2411 Simonis

180 2434 344 2473 Emend.
365 2435 482 2473 Dion.
504 2435 589 2482 Ip.
613 2437 666 2472 17

271 2489 316 2544 4,
341 2495 392 2533 19
423 2494 462 2532 C.
483 2494 637 2532 Tubero
663 2494 768 2542 uuly.
802 2492 842 2530 G.
869 2505 938 2531 om.
962 2492 1080 2540 QZB
1113 2491 1158 2529 K.
1181 2492 1276 2530 Tub.
1310 2490 1489 2529 XOHN
1572 2492 1626 2529 20
1654 2503 1713 2529 re·

181 2567 287 2604 gem,
314 2554 488 2592 distinxit
513 2554 634 2591 Hertz
694 2554 888 2602 romaniq3
914 2552 993 2590 ZB
1021 2564 1054 2590 α.
1077 2563 1172 2589 corr.
1285 2553 1349 2589 20.
1368 2552 1419 2588 21
1450 2550 1646 2588 seniorum
1675 2552 1715 2588 et

181 2624 251 2650 om.
273 2612 364 2651 libri
389 2614 477 2651 add.
501 2613 668 2661 Thysius
782 2614 832 2650 ‘21
863 2611 1061 2649 iuniorum
1087 2611 1156 2648 del.
1178 2611 1343 2658 Lipsius
1460 2611 1512 2647 23
1541 2609 1646 2659 quod
1673 2609 1715 2647 X

182 2673 251 2721 qui
270 2672 306 2709 Z
363 2671 444 2710 iam
470 2683 540 2710 om.
562 2673 607 2709 Π
689 2673 742 2709 24
772 2671 1102 2721 quadrage*simfi
1125 2665 1160 2722 (s
1181 2664 1298 2722 eras.)
1320 2669 1360 2707 X
1448 2670 1500 2708 25
1530 2669 1712 2718 *ssappel-

147 2742 159 2748 s
180 2731 281 2770 lasse
309 2726 379 2782 (ap
404 2733 447 2769 in
472 2743 592 2780 mary.
621 2730 730 2783 add.)
759 2731 800 2767 X
