2002 3342
313 207 518 236 sJAXxx-HI
648 192 710 226 DE
739 192 1047 227 SCRIPTORVM
1073 192 1194 227 VITIS
1222 193 1282 227 ET
1310 193 1516 228 SCRIPTIS

406 304 613 342 Praeterea
640 316 735 342 uero
762 304 825 342 bic
848 303 991 342 Fabius
1012 303 1148 342 Latine
1171 305 1287 342 etiam
1309 304 1467 343 annales
1489 305 1673 344 condidit.
1706 305 1847 357 Diony-

313 372 395 409 sius
429 371 533 408 enim
573 369 640 407 ubi
674 369 882 407 historicos
916 368 1074 407 Latinos
1108 374 1314 408 enumerat
1340 365 1538 422 (1‚7,3)‚
1572 372 1638 421 qui
1673 370 1718 409 ab
1749 372 1848 422 ipsis

316 436 500 473 Romanis
529 434 780 473 celebrentur
807 439 843 472 et
871 433 1091 484 laudentur,
1124 435 1242 472 etiam
1268 433 1432 472 Fabium
1458 434 1669 474 Maximum
1703 435 1849 475 adfert:

312 499 364 539 τὰ
392 496 431 538 δ’
464 497 510 538 ἐκ
536 504 624 538 τῶν
653 497 861 551 ἱστοριῶν
887 496 1225 551 ἀναλεξάμενος,
1258 496 1306 546 ἃς
1340 498 1386 539 οἱ
1414 498 1523 551 πρὸς
1550 498 1695 540 αὐτῶν
1728 498 1848 541 ἐπαι-

314 564 523 617 νούμενοι
545 561 766 616 Ῥωμαίων
794 561 1078 617 συνέγραψαν
1106 563 1299 615 Πόρκιός
1324 578 1369 604 τε
1397 564 1556 604 Κάτων
1581 563 1652 604 καὶ
1683 564 1851 617 Φάβιος

317 627 518 680 Μάξιμος
545 626 616 668 καὶ
645 626 888 680 Οὐαλέριος
914 627 936 669 ὁ
958 625 1152 676 Ἀντιεὺς
1178 627 1250 668 καὶ
1270 630 1500 678 Λικίννιος
1520 629 1676 682 ΣἉάκερ
1698 631 1855 671 Αἴλιοί

315 710 358 735 τε
387 693 455 735 καὶ
483 693 656 734 Γέλλιοι
684 691 755 733 καὶ
777 693 1084 746 Καλπούρνιοι
1109 693 1181 734 καὶ
1208 692 1349 746 ἕτεροι
1373 692 1528 747 συχνοὶ
1548 695 1657 747 πρὸς
1676 694 1852 743 τούτοις

315 760 475 812 ἄνδρες
502 759 581 799 οὐκ
608 757 805 813 ἀφανεῖς,
834 783 883 786 -
904 757 1160 812 ἐπεχείρησα
1185 763 1236 812 τῇ
1264 764 1421 812 γραφῇ.
1462 762 1569 812 atqui
1597 774 1615 799 a
1641 761 1850 800 scholiasta

315 826 477 878 Vergilii
504 826 720 865 Veronensi
755 821 822 878 (fr.
843 822 889 878 2)
924 824 1169 863 Seruilianus
1202 824 1361 876 quidam
1394 825 1648 864 historiarum
1681 828 1854 878 scriptor

318 894 471 931 citatur.
506 904 598 941 ergo
626 892 810 942 quoniam
837 903 959 929 unum
989 890 1252 928 Seruilianum
1280 891 1474 941 nouimus,
1501 891 1609 929 Fabii
1636 897 1673 929 et
1693 891 1852 930 Maximi

316 959 474 996 nomina
501 957 655 1006 lacuna,
687 968 784 1006 quae
812 961 870 994 est
898 961 986 994 ante
1015 955 1299 1005 Seruilianum,
1326 955 1575 995 intercidisse
1602 958 1688 994 ueri
1716 962 1774 995 est
1801 958 1853 994 si-

316 1022 522 1061 millimum
553 1021 808 1071 eiusdemque
838 1033 970 1059 rerum
999 1021 1203 1071 scriptoris
1230 1020 1350 1059 uerba
1376 1034 1463 1059 esse
1493 1034 1512 1059 a
1533 1021 1742 1060 scholiasta
1770 1034 1852 1060 ser-

316 1094 416 1139 uata,
445 1100 560 1139 quem
589 1087 914 1125 commemorauit
941 1086 1159 1137 Dionysius.
1198 1087 1314 1124 etiam
1343 1086 1463 1137 locus,
1490 1100 1565 1138 quo
1594 1099 1682 1125 eum
1709 1086 1854 1138 Diony-

318 1156 400 1193 sius
426 1158 511 1204 post
541 1152 726 1190 Catonem
755 1157 842 1189 ante
870 1151 1085 1201 Valerium,
1120 1151 1325 1201 Licinium,
1354 1151 1449 1190 alios
1481 1153 1628 1203 posuit,
1662 1165 1750 1190 cum
1780 1152 1853 1190 hac

318 1220 512 1258 sententia
542 1218 643 1267 facit,
672 1229 839 1267 eumque
868 1217 1065 1255 bominem
1088 1229 1231 1267 genere
1253 1229 1331 1255 non
1352 1217 1564 1267 ignobilem
1592 1218 1712 1255 fuisse
1735 1218 1853 1255 etiam

320 1298 364 1323 ex
393 1285 497 1322 illius
524 1283 659 1321 uerbis
687 1295 715 1321 s.
738 1282 760 1320 l.
789 1283 883 1320 satis
912 1282 1049 1320 elucet.

410 1349 607 1388 Habemus
635 1350 756 1399 igitur
783 1347 825 1393 Q.
847 1347 1010 1386 Fabium
1038 1347 1248 1386 Maximum
1277 1347 1541 1386 Seruilianum
1575 1360 1679 1385 cons.
1702 1360 1734 1385 a.
1758 1345 1855 1386 142.

321 1413 407 1454 6112
433 1415 685 1464 historicum,
713 1426 831 1464 quem
859 1412 995 1451 Latine
1024 1410 1214 1451 ‘annales’
1244 1414 1452 1464 scripsisse
1481 1418 1596 1464 atque
1624 1425 1687 1450 res
1715 1412 1761 1450 ab
1789 1411 1856 1450 ad-

319 1487 441 1519 uentu
474 1480 626 1518 Aeneae
660 1481 699 1517 in
733 1478 882 1516 Italiam
918 1478 1127 1516 deduxisse
1161 1477 1281 1516 uerba
1316 1491 1413 1529 quae
1450 1491 1495 1516 ex
1523 1479 1580 1516 eis
1615 1477 1856 1528 deprompsit

321 1546 484 1585 Seruius
518 1546 582 1597 (l'r.
608 1541 651 1599 1)
686 1550 893 1583 testantur.
933 1549 1136 1594 praeterea
1170 1543 1266 1581 nihil
1302 1543 1348 1582 de
1383 1545 1439 1581 eis
1473 1542 1562 1581 addi
1594 1548 1739 1594 potest,
1778 1543 1856 1581 nisi

320 1611 416 1650 illud
444 1610 547 1662 quod
575 1623 619 1649 ex
648 1610 731 1648 loco
752 1610 988 1660 Dionysiano
1009 1609 1148 1657 elucet,
1176 1621 1264 1648 eum
1291 1610 1330 1648 in
1353 1608 1561 1647 scribendo
1584 1608 1745 1646 eandem
1774 1607 1858 1646 fere

322 1679 427 1716 uiam
454 1678 676 1726 ingressum
704 1688 790 1714 esse
819 1688 934 1726 quam
962 1674 1166 1724 Catonem,
1199 1675 1406 1725 Antiatem,
1440 1674 1637 1712 Licinium
1670 1679 1785 1724 atque
1813 1685 1856 1711 ea

323 1755 363 1781 re
393 1742 551 1780 differre
581 1754 599 1779 a
628 1741 800 1791 Pictore,
835 1740 937 1792 quod
972 1753 1069 1791 quae
1104 1739 1168 1778 ille
1203 1741 1426 1778 summatim
1454 1740 1760 1790 perstrinxerat,
1792 1739 1857 1777 hic

322 1807 533 1859 prolixiore
561 1808 736 1845 oratione
763 1811 996 1857 persecutus
1023 1811 1093 1844 est.

413 1872 518 1918 Quae
553 1885 596 1911 ex
632 1871 744 1910 libris
778 1872 863 1910 eius
897 1877 1127 1921 supersunt,
1161 1871 1374 1921 perexigua
1407 1876 1522 1921 atque
1550 1882 1594 1908 ea
1622 1882 1668 1908 ex
1697 1868 1859 1907 dimidia

323 1945 433 1990 parte
469 1937 584 1977 dubia
620 1943 721 1976 sunt.
764 1936 810 1976 de
836 1935 1024 1975 Macrobii
1057 1936 1140 1974 loco
1173 1937 1253 1975 iam
1278 1948 1396 1986 supra
1425 1935 1696 1974 disseruimus.
1735 1933 1859 1973 uerba

324 1995 518 2043 Prisciani
545 2000 677 2055 (11.3)
712 2002 758 2041 ad
792 2002 1040 2040 Cunctatoris
1075 2001 1337 2039 laudationem
1371 2000 1578 2039 funebrem
1613 1999 1654 2044 Ο.
1677 1999 1747 2037 filii
1781 2005 1859 2037 ret-

325 2070 414 2109 tulit.
440 2069 572 2120 'Meyer
598 2068 720 2118 (Orat.
743 2068 851 2106 Rom.
872 2081 908 2118 p.
930 2066 968 2105 5.
1004 2068 1050 2105 cf.
1073 2066 1241 2104 Vollmer
1268 2065 1427 2104 Laudat.
1451 2065 1529 2104 sun.
1551 2078 1586 2115 p.
1602 2062 1720 2117 481),
1748 2064 1794 2103 ad
1815 2064 1861 2109 Q.

325 2135 434 2174 Fabii
462 2135 618 2173 Maximi
644 2133 882 2184 Allobrogici
908 2132 1173 2170 laudationem
1206 2131 1245 2169 P.
1268 2131 1463 2182 Scipionis
1490 2131 1664 2169 Africani
1695 2131 1861 2168 minoris

326 2201 442 2239 Hertz
470 2197 538 2252 (ad
558 2200 678 2238 Prisc.
701 2199 723 2237 1.
746 2195 806 2252 s..)
842 2197 913 2236 sub
941 2198 1071 2236 iudice
1098 2197 1145 2236 lis
1173 2196 1358 2235 manebit.
1392 2208 1509 2247 porro
1534 2197 1748 2246 uestigium
1775 2196 1860 2233 eius

327 2265 485 2304 Harless
514 2264 611 2317 tuid.
638 2264 723 2303 adn.
752 2264 799 2303 ad
826 2265 871 2302 fr.
897 2260 939 2317 1)
968 2263 1069 2314 apud
1096 2262 1324 2314 Dionysium
1354 2260 1624 2312 deprehendit,
1651 2273 1778 2311 neque
1805 2266 1861 2298 ta-

329 2344 417 2370 men
444 2331 483 2369 id
510 2330 669 2379 sufficit,
695 2334 738 2367 ut
765 2329 885 2368 multa
913 2342 958 2368 ex
986 2341 1031 2368 eo
1057 2328 1195 2367 hausta
1223 2340 1309 2366 esse
1331 2333 1559 2366 statuamus.
1591 2339 1684 2365 num
1708 2325 1753 2364 ab
1775 2325 1863 2364 aliis

329 2395 589 2447 scriptoriluis
617 2397 655 2433 in
682 2407 798 2433 usum
825 2400 989 2433 uocatus
1017 2395 1078 2444 sit,
1108 2394 1283 2444 dignosci
1310 2388 1495 2444 nequit.²)

427 2524 458 2559 Γ)
487 2521 648 2556 Consilio
669 2520 729 2554 hic
750 2519 982 2565 negleximus
1004 2519 1077 2553 Cic.
1101 2520 1145 2553 de
1167 2519 1240 2553 diu.
1265 2523 1295 2560 1,
1312 2522 1367 2561 26,
1383 2522 1439 2559 55,
1466 2517 1531 2552 ubi
1552 2518 1598 2551 ad
1619 2518 1757 2552 Fabios
1776 2527 1862 2561 pro-

329 2584 503 2610 uocatum
532 2578 596 2609 est.
638 2574 755 2609 solum
784 2575 881 2607 enim
903 2573 943 2615 Q.
965 2572 1122 2607 Fabium
1143 2572 1325 2607 Pictorem
1353 2575 1388 2606 et
1412 2571 1569 2606 Fabium
1590 2571 1773 2605 Pictorem
1799 2580 1863 2604 no-

331 2630 386 2663 uit!
413 2628 550 2663 Cicero.
591 2629 635 2662 de
664 2628 737 2661 alio
765 2627 973 2671 fragmento
1002 2626 1157 2660 Pictoris
1188 2626 1265 2669 (lat.
1288 2636 1370 2659 ann.
1393 2625 1434 2659 fr.
1459 2627 1510 2669 6),
1544 2624 1642 2668 quod
1670 2623 1764 2658 falso
1790 2623 1865 2657 huc

330 2683 387 2716 Du
410 2682 502 2716 Rieu
529 2685 645 2726 1139?
673 2680 832 2724 rettulit,
858 2680 932 2714 uid.
961 2691 1072 2724 supra
1098 2692 1132 2724 p.
1155 2691 1283 2713 cmxxv
1300 2690 1351 2722 sq.
