2002 3342
261 176 427 206 CCCXIV
591 164 653 197 DF]
681 163 988 199 SCRiPTORVM
1015 165 1139 200 VITIS
1166 165 1227 199 ΕΤ
1254 165 1462 201 SCRIPTIS

261 273 368 323 leges
395 274 615 325 populares,
643 287 741 325 quae
770 274 816 312 ab
845 275 931 313 aliis
958 276 1219 327 scriptoribus
1240 277 1476 316 certioribus
1504 290 1627 328 paene
1653 290 1789 317 omnes

262 338 310 376 ad
331 338 427 377 alios
449 345 628 377 auctores
652 340 879 378 referuntur
900 346 938 378 et
957 346 1023 379 aut
1043 354 1130 379 cum
1154 347 1373 392 temporum
1395 344 1545 381 ratione
1568 342 1792 394 discrepant

263 408 329 441 aut
355 403 458 454 plebi
487 416 563 442 non
590 404 823 454 profuerunt
850 401 1094 457 (Scbwegler
1114 406 1147 444 ll
1166 419 1203 457 p.
1219 404 1256 444 9.
1297 406 1480 446 Muenzer
1500 421 1535 458 p.
1551 405 1731 459 54sqq.).

353 468 429 506 Sed
450 470 565 507 etiam
587 481 775 519 personas
797 482 842 508 ex
865 470 1041 509 eiusdem
1061 472 1228 509 Antiatis
1249 471 1404 510 officina
1425 474 1599 511 euasisse
1621 474 1791 523 reperie-

264 546 362 583 mus,
390 533 500 571 uelut
519 533 717 572 Valerium
743 547 947 585 proauum,
975 537 1087 574 cuius
1114 538 1282 575 maxime
1309 549 1425 588 opera
1448 537 1519 576 sub
1542 537 1704 576 Romulo
1727 537 1792 576 Sa·

263 598 346 636 bini
373 611 461 637 cum
488 598 673 637 Romanis
701 600 899 638 conciliati
927 598 1079 651 sums),
1114 601 1304 640 Valeriam
1332 602 1550 653 Poplicolae
1578 603 1695 642 filiam
1723 616 1793 654 pro

264 663 421 713 Cloelia,
448 665 602 714 uirgine
631 664 696 702 illa
723 666 937 703 fortissima
965 672 1003 704 et
1029 672 1155 705 statua
1181 667 1381 718 honorata,
1413 667 1516 718 apud
1542 667 1793 706 Plutarchum

265 728 529 779 substitutam,
558 729 656 768 filios
680 731 764 769 eius
785 730 823 769 P.
847 737 884 769 et
904 731 951 769 M.
979 731 1026 770 ad
1054 731 1181 770 lacum
1201 732 1395 783 Regillum
1416 739 1583 771 mortem
1604 733 1794 772 obeuntes

265 790 393 845 (Dion.
416 792 454 844 6,
479 792 550 845 12,
572 791 617 846 2)
651 801 717 834 aut
747 795 992 834 Postumium
1025 796 1188 836 Balbum
1220 810 1410 847 generum
1443 799 1482 836 in
1516 798 1618 837 bello
1651 798 1794 836 Sabino

265 859 458 897 exercitui
493 861 735 910 praefectum
773 860 891 912 (Plut.
911 861 1017 912 Popl.
1040 859 1134 915 22),
1170 862 1228 900 M]
1250 862 1444 901 Valerium
1478 863 1525 901 Μ.
1560 864 1582 901 f.
1613 863 1795 902 Larcium

265 925 391 975 prima
420 924 610 963 dictatura
634 938 665 964 a.
681 924 780 964 494.
801 924 888 964 260
916 927 1150 977 spoliantem
1171 925 1238 981 (cs.
1260 927 1343 966 Liu.
1365 926 1403 978 2,
1420 926 1484 979 18,
1500 925 1557 981 6),
1585 935 1667 967 tum
1694 928 1796 980 apud

265 989 494 1040 Dionysium
528 997 662 1029 contra
695 992 790 1041 App.
824 991 1029 1030 Claudium
1063 998 1200 1043 quater
1233 993 1515 1032 declamantem
1549 989 1647 1046 (uid.
1679 1006 1796 1044 supra

266 1051 514 1106 p.CCCX11),
546 1057 621 1093 iam
657 1057 831 1107 quinque
865 1059 977 1095 annis
1011 1064 1101 1096 ante
1135 1058 1261 1109 plebis
1294 1060 1557 1097 secessionem
1592 1060 1631 1097 in
1659 1064 1798 1097 senatu

266 1119 314 1157 ad
341 1121 425 1158 eius
452 1122 651 1159 miseriam
680 1121 886 1160 leuandam
915 1122 1108 1161 dicentem
1131 1121 1189 1176 (5,
1206 1121 1400 1172 63—65)
1428 1129 1467 1163 et
1487 1123 1679 1162 seditione
1700 1124 1798 1162 sacta

267 1186 372 1223 iuxta
400 1185 624 1224 Menenium
657 1192 789 1237 partes
817 1187 967 1238 aliquas
994 1189 1033 1226 in
1062 1188 1284 1227 reducenda
1318 1188 1431 1240 plebe
1458 1195 1497 1228 et
1522 1191 1562 1227 in
1591 1188 1799 1227 concordia

268 1250 555 1288 reconcilianda
590 1258 848 1302 occupantem
860 1249 911 1303 c³),
945 1254 1061 1291 etiam
1088 1254 1280 1292 Valeriam
1306 1255 1422 1292 matri
1448 1256 1639 1305 uxorique
1667 1253 1799 1292 Corio-

268 1315 346 1353 lani
372 1315 694 1367 persuadentem,
729 1323 772 1355 ut
798 1317 844 1356 ad
873 1330 961 1356 eum
992 1324 1158 1368 pergant
1183 1315 1312 1371 (Dion.
1335 1316 1455 1369 8,39.
1482 1319 1581 1358 Plut.
1604 1318 1689 1357 Cor.
1711 1316 1799 1371 33).

269 1380 439 1431 denique
472 1382 538 1419 uix
571 1381 693 1420 ullum
727 1395 851 1433 genus
884 1383 1076 1422 honorum
1110 1397 1187 1422 non
1222 1383 1438 1422 adhibitum
1467 1389 1543 1435 est,
1576 1397 1652 1435 quo
1679 1383 1801 1434 gloria

269 1445 510 1484 Valeriorum
539 1453 760 1498 augeretur,
789 1460 876 1486 cum
906 1450 1027 1487 ceteri
1055 1451 1268 1500 scriptores
1295 1445 1503 1504 taceant.³)

358 1511 458 1549 Hinc
478 1524 574 1550 uero
597 1514 714 1551 etiam
736 1513 833 1552 illud
855 1514 1083 1564 explicatur,
1105 1514 1208 1565 quod
1231 1516 1363 1553 Antias
1384 1516 1425 1553 in
1445 1515 1609 1553 historia
1629 1513 1802 1553 Romana

269 1576 508 1627 pertexenda
543 1577 644 1616 ultra
673 1577 863 1617 Gallicum
897 1579 1124 1618 incendium
1153 1592 1358 1630 regressus
1389 1585 1458 1618 est.
1498 1581 1685 1619 nimirum
1706 1591 1802 1630 gens

270 1643 355 1680 eius
388 1641 506 1679 rebus
541 1648 628 1681 ante
661 1643 757 1682 illud
790 1645 946 1694 egregie
980 1645 1225 1696 feliciterque
1258 1646 1379 1695 gestis
1409 1646 1460 1683 ita
1489 1644 1727 1696 abundabat,
1759 1650 1803 1683 ut

271 1706 383 1744 facile
416 1706 666 1757 splendorem
701 1708 957 1747 Claudianum
991 1709 1203 1748 obscurare
1235 1715 1387 1761 posset,
1420 1712 1654 1761 praesertim
1681 1710 1802 1748 multo

272 1773 533 1810 recentiorem
555 1785 725 1824 suaeque
747 1775 875 1824 gentis
896 1774 1103 1824 prudentia
1128 1774 1287 1813 Romam
1311 1774 1356 1813 de
1379 1774 1535 1813 Sabinis
1561 1774 1802 1826 traductum3

272 1836 428 1874 Fabiam
458 1843 586 1876 autem
616 1838 756 1877 famam
783 1844 826 1877 ut
853 1845 1059 1890 sperneret
1087 1839 1133 1878 de
1155 1841 1441 1891 antiquissimis
1468 1839 1712 1891 temporibus
1737 1839 1801 1878 do-

272 1903 499 1953 minantem,
526 1902 633 1941 nulla
660 1905 695 1942 ei
723 1916 837 1943 causa
867 1910 966 1957 erat3
995 1917 1122 1956 neque
1151 1905 1256 1944 enim
1284 1907 1513 1944 inimicitiae
1540 1912 1584 1944 ut
1608 1907 1712 1944 inter
1735 1906 1803 1944 Fa-

271 1966 356 2005 bios
384 1973 422 2005 et
449 1967 630 2007 Claudios
658 1970 715 2007 sic
742 1971 846 2008 inter
873 1969 958 2008 illos
986 1975 1025 2008 et
1051 1970 1225 2009 Valerios
1253 1970 1560 2009 intercedebant.

363 2032 438 2070 Sed
465 2035 629 2084 contigit
659 2040 703 2072 ut
736 2036 853 2073 etiam
881 2036 1102 2074 accuratius
1136 2037 1175 2073 in
1210 2037 1294 2074 eius
1322 2036 1518 2075 officinam
1545 2037 1804 2087 introspicere

273 2098 480 2148 possimus.
526 2100 681 2149 aperuit
721 2101 825 2138 enim
859 2106 1011 2151 portam
1048 2100 1116 2139 Tb.
1143 2098 1404 2153 Mommsen4)
1443 2101 1805 2152 demonstrauitque

274 2194 371 2237 quod
400 2193 507 2229 ludos
535 2205 566 2229 a.
588 2199 666 2229 249.
683 2199 750 2230 505
773 2198 810 2230 et
833 2199 909 2230 149.
927 2199 1004 2230 605.
1033 2196 1070 2230 in
1091 2197 1240 2231 tertium
1264 2197 1318 2242 (fr.
1336 2200 1394 2241 22)
1415 2199 1663 2242 quartumque
1683 2197 1805 2232 locum

275 2247 330 2290 (fr.
353 2250 411 2291 55)
437 2248 580 2292 recepit
606 2259 742 2292 eosque
767 2249 866 2283 ludis
887 2249 1046 2283 Valeriis
1074 2250 1262 2284 adnexuit.

373 2303 405 2344 1)
432 2301 609 2336 Plutarch
643 2302 746 2346 Popl.
765 2308 793 2337 1.
827 2302 898 2336 Hic
924 2313 1004 2337 eam
1031 2303 1267 2347 potissimum
1290 2304 1335 2338 ob
1357 2315 1507 2338 eausam
1533 2304 1572 2337 in
1591 2304 1807 2338 memoriam

275 2354 435 2387 insertus
463 2356 528 2396 est,
556 2357 597 2389 ut
617 2356 786 2390 Valerios
812 2356 930 2391 multo
958 2358 1044 2390 ante
1066 2357 1240 2391 Claudios
1261 2357 1417 2391 Romam
1443 2357 1623 2402 migrasse
1651 2359 1806 2391 testare-

276 2408 347 2448 tur,
375 2407 479 2441 ouius
506 2408 658 2443 fabulae
685 2409 867 2453 reliquiae
892 2412 1040 2444 exstant
1067 2411 1166 2454 apud
1188 2410 1376 2444 Valerium
1396 2411 1491 2444 MaX.
1514 2414 1592 2453 2,4,
1609 2414 1640 2445 5.
1674 2410 1805 2444 Zosim.

277 2464 356 2503 2,1.
396 2461 471 2496 uid.
494 2461 698 2496 Mommsen
720 2464 766 2498 R.
783 2464 829 2498 F.
851 2464 865 2497 Ι
884 2476 919 2507 p.
936 2466 1003 2497 293
1016 2475 1068 2507 sq.
1106 2464 1280 2498 Muenzer
1298 2463 1322 2498 l.
1343 2476 1368 2498 s.
1390 2476 1424 2508 p.
1442 2468 1461 2498 ὃ
1474 2475 1526 2507 sq.

374 2516 407 2558 2)
436 2518 580 2557 6,69,5;
604 2520 664 2559 71;
686 2520 742 2559 88,
758 2520 789 2550 2.
828 2516 903 2550 uid.
921 2516 1133 2562 Schwegler
1148 2517 1181 2551 H
1200 2529 1236 2562 p.
1252 2521 1331 2552 246.
1369 2517 1543 2551 Muenzer
1561 2529 1596 2561 p.
1610 2521 1653 2551 5ss
1663 2529 1714 2562 sq.
1743 2516 1809 2552 Ce-

277 2571 396 2601 terum
424 2567 637 2611 Poplicolae
665 2570 815 2615 cognati
840 2581 921 2604 raro
948 2570 1046 2604 inter
1072 2581 1109 2604 se
1137 2573 1308 2604 accurate
1336 2570 1505 2604 distincti
1531 2572 1627 2604 sunt.

374 2623 408 2662 3)
435 2621 560 2655 Etiam
592 2623 630 2656 in
660 2622 782 2667 elogia
808 2623 960 2668 quidam
989 2623 1066 2658 ficti
1096 2623 1340 2668 inrepserunt.
1379 2624 1454 2657 uid.
1476 2634 1587 2668 supra
1610 2636 1644 2668 p.
1666 2636 1739 2657 XLII
1754 2635 1806 2667 sq.

278 2686 401 2708 xxxvn
416 2685 494 2717 sqq.
534 2675 708 2710 Muenzer
727 2689 760 2720 p.
778 2680 821 2710 63
849 2679 887 2711 et
912 2677 958 2711 de
983 2687 1111 2722 pugna
1138 2677 1184 2710 ad
1208 2677 1368 2722 Aegates
1395 2677 1546 2718 insulam
1569 2678 1673 2710 cuius
1698 2678 1808 2721 parta.

279 2726 399 2771 gloria
420 2727 459 2769 Q.
477 2727 646 2763 Valerius
673 2729 780 2764 Falto
800 2741 866 2774 pro
888 2732 1059 2774 praetore
1080 2730 1269 2764 Lutatium
1291 2729 1463 2764 Catulum
1484 2730 1674 2774 spoliauit,
1700 2742 1735 2774 p.
1751 2732 1807 2764 48.

281 2783 324 2813 60
336 2791 388 2823 sq.

375 2836 410 2877 4)
438 2835 526 2869 ‘Die
551 2835 919 2881 Sczpiovenproeesse’
950 2839 996 2873 R.
1010 2837 1055 2871 F.
1077 2836 1109 2870 ΙΙ
1129 2848 1163 2880 p.
1181 2839 1378 2870 417-510.
1419 2837 1464 2870 de
1491 2836 1807 2881 disputationibus
