2002 3342
474 214 520 248 M.
543 212 700 248 PORCII
727 211 928 247 CATONIS
957 211 1193 248 ORIGINES.
1233 213 1275 247 fr.
1298 217 1412 247 9—12
1655 213 1710 254 59

178 332 256 365 tam
282 327 320 364 in
343 325 523 364 Latinum
545 337 661 375 quam
684 325 723 362 in
744 324 899 362 Aenean
919 323 1020 362 bella
1042 325 1216 374 suscepit
1237 336 1257 362 a
1278 323 1468 362 Mezentio
1490 325 1711 374 impetratis

178 390 344 429 auxiliis.
366 413 419 416 —
443 389 523 440 sed,
544 395 588 428 ut
608 401 726 440 supra
748 388 928 439 diximus,
949 390 1076 439 primo
1097 388 1198 426 bello
1220 390 1323 440 perit
1344 388 1516 440 Latinus,
1537 389 1710 428 secundo

176 458 325 506 pariter
350 455 507 493 Turnus
535 460 571 493 et
598 456 765 502 Aeneas,
798 459 933 504 postea
960 452 1195 491 Mezentium
1229 455 1430 492 interemit
1456 455 1646 493 Aseanius
1673 460 1711 493 et

176 520 494 559 Laurolauinium
523 521 659 558 tenuit.
700 520 811 557 cuius
840 519 1002 557 Lauinia
1030 519 1174 557 timens
1202 518 1365 557 insidias
1392 519 1553 569 grauida
1575 520 1709 558 consu-

139 607 154 632 5
175 587 230 636 git
256 585 304 624 ad
330 586 449 624 siluas
476 591 513 624 et
546 585 657 623 latuit
685 585 723 622 in
758 596 845 622 casa
878 584 1047 635 pastoris
1073 583 1227 634 Tyrrhi.
1256 606 1310 610 —
1339 590 1377 622 et
1404 584 1483 623 illic
1510 587 1623 623 enixa
1650 591 1709 624 est

175 650 353 690 Siluium.
393 649 461 689 sed
489 663 577 688 cum
604 650 794 688 Ascanius
821 650 1006 699 flagraret
1032 648 1193 699 inuidia,
1224 651 1406 688 euocauit
1432 662 1642 689 nouercam
1671 656 1710 689 et

175 717 210 754 ei
237 717 431 754 concessit
453 715 784 764 Laurolauinium,
812 714 886 752 sibi
907 727 1002 753 uero
1024 713 1158 752 Albam
1180 715 1396 752 constituit,
1436 716 1502 765 qui
1524 717 1708 766 quoniam

174 782 258 819 sine
286 781 421 819 liberis
448 782 576 831 periit,
605 780 740 830 Siluio,
768 781 834 830 qui
855 785 894 818 et
914 781 999 830 ipse
1020 780 1211 818 Ascanius
1235 778 1362 818 dietus
1384 785 1454 830 est,
1482 792 1596 819 suum
1619 780 1708 819 reli-

173 848 257 897 quit
290 847 510 897 imperium.
539 867 592 872 —
620 850 755 896 postea
787 845 926 883 Albani
960 856 1095 883 omnes
1129 856 1243 895 reges
1272 844 1385 883 Siluii
1420 844 1513 883 dicti
1544 851 1634 884 sunt
1661 845 1707 884 ab

119 933 151 957 10
172 911 288 949 huius
316 912 484 949 nomine.

234 972 306 1016 1⁸2.
342 977 523 1015 Macrob.
547 977 628 1014 Sal.
651 976 688 1014 3.
705 977 742 1023 5,
760 976 826 1013 10.
860 975 1000 1013 Veram
1027 974 1143 1014 huius
1171 976 1509 1013 contumacissimi
1536 977 1706 1013 nominis

168 1038 473 1092 [contemptoris
493 1042 629 1079 diuom
649 1037 869 1092 Mezentiz]
889 1052 1047 1079 causam
1074 1041 1114 1078 in
1141 1041 1268 1091 primo
1296 1039 1396 1079 libro
1418 1041 1615 1090 originum
1637 1040 1706 1079 Ca-

0 1126 1 1148 1
170 1108 272 1144 tonis
295 1106 461 1156 diligens
482 1105 605 1143 lector
624 1106 813 1144 inueniet.
853 1106 907 1143 ait
928 1106 1033 1143 enim
1048 1105 1285 1144 Mezentium
1300 1104 1455 1143 Rutulis
1475 1106 1706 1157 imperasse,

168 1177 211 1209 ut
237 1171 311 1209 sibi
339 1171 525 1209 offerrent
552 1183 648 1221 quas
676 1170 735 1208 dis
762 1171 958 1221 primitias
985 1170 1216 1221 offerebant⁷
1244 1176 1282 1208 et
1306 1170 1463 1209 Latinos
1491 1183 1627 1209 omnes
1655 1172 1706 1209 si-

116 1257 148 1282 15
167 1236 271 1275 milis
299 1237 457 1287 imperii
483 1241 591 1274 metu
617 1236 671 1274 ita
691 1237 868 1274 uouisse:
895 1233 1100 1287 ‘luppiten
1128 1237 1162 1274 si
1183 1235 1255 1274 tibi
1277 1236 1400 1286 magis
1423 1235 1533 1274 cordi
1555 1242 1614 1274 est
1635 1249 1705 1274 nos

169 1314 211 1340 ea
239 1301 309 1340 tibi
337 1301 429 1340 dare
455 1302 587 1352 potius
615 1313 732 1352 quam
759 1300 961 1352 Mezentio,
988 1302 1047 1340 uti
1073 1314 1144 1339 nos
1170 1302 1345 1339 uictores
1373 1298 1519 1339 facias’.

166 1440 251 1474 adn.
275 1440 324 1473 ad
348 1440 394 1483 fr.
410 1441 472 1483 10)
482 1452 492 1472 :
518 1438 642 1472 uitans
670 1439 769 1472 enim
789 1439 1025 1473 nouercalem
1051 1439 1247 1481 inuidiam,
1275 1439 1374 1483 quod
1397 1439 1531 1473 timore
1553 1439 1704 1473 Ascanii

166 1486 325 1521 Lauinia
351 1489 435 1531 post
455 1487 602 1521 Aeneae
628 1488 785 1521 mortem
806 1486 854 1520 ad
874 1486 1070 1530 Tyrrhum,
1095 1488 1294 1531 paternum
1320 1488 1519 1531 pastorem,
1547 1487 1704 1531 grauida

167 1534 336 1578 confugit
361 1533 409 1567 ad
442 1533 556 1567 siluas
589 1535 689 1578 (nam
721 1533 774 1567 ibi
801 1534 915 1568 etiam
942 1534 1100 1568 Siluium
1132 1534 1322 1578 peperisse
1349 1533 1512 1577 dicitur),
1540 1534 1704 1568 deseruit

166 1581 362 1615 Lauinium
389 1582 426 1615 et
452 1581 587 1615 Albam
613 1581 781 1625 Longam
807 1581 993 1624 condidit,
1028 1582 1169 1615 dictam
1201 1582 1247 1616 ab
1281 1582 1404 1616 omine
1434 1581 1542 1616 albae
1569 1592 1704 1626 porcae

164 1631 335 1674 repertae
360 1629 421 1662 uel
448 1629 500 1672 [et
526 1629 648 1674 Thilo]
676 1629 752 1663 situ
779 1628 957 1663 ciuitatis.
998 1629 1045 1662 ad
1073 1640 1185 1673 quam
1213 1640 1295 1663 cum
1317 1630 1362 1663 de
1383 1629 1539 1663 Lauinio
1561 1629 1614 1663 dii
1640 1640 1704 1674 pe-

164 1679 271 1710 nates
285 1676 459 1710 translati
474 1678 583 1710 nocte
605 1676 775 1720 proxima
795 1676 994 1710 Lauinium
1009 1677 1195 1711 redissent
1215 1678 1329 1720 atque
1350 1688 1411 1711 eos
1433 1677 1553 1711 denuo
1568 1677 1704 1711 Albam

165 1723 346 1758 Ascanius
378 1723 633 1758 transtulisset
671 1726 708 1757 et
740 1723 797 1757 illi
830 1724 965 1758 iterum
1001 1724 1186 1759 redissent
1213 1724 1431 1767 Lauinium,
1465 1735 1526 1758 eos
1553 1735 1703 1759 manere

163 1782 296 1816 passus
329 1772 385 1806 est
417 1771 516 1805 datis
549 1771 612 1814 qui
645 1771 759 1805 sacris
792 1773 1007 1816 praeessent
1037 1782 1201 1817 agroque
1228 1772 1280 1806 eis
1314 1752 1534 1816 adsignato
1565 1783 1637 1815 quo
1665 1783 1704 1807 se

164 1818 316 1853 alerent.
356 1819 470 1854 Schol.
493 1819 619 1853 Ieron.
642 1819 692 1853 ad
711 1821 803 1854 Aen.
826 1822 857 1860 7,
872 1822 945 1853 485
973 1820 1160 1864 (111210.
1182 1821 1255 1854 437
1269 1820 1349 1863 Η..)
1392 1820 1553 1865 Oraemyoy
1577 1820 1622 1854 R.
1645 1823 1701 1854 16

0 1891 3 1913 ἶ
164 1867 222 1901 De
249 1867 418 1901 Lauinia
441 1866 632 1920 Siluioque
662 1867 739 1909 filio
765 1868 873 1902 multi
898 1867 1020 1902 eadem
1046 1867 1294 1909 tradiderunt,
1327 1868 1402 1901 nisi
1427 1867 1523 1911 quod
1548 1868 1703 1902 Ascanii

0 1918 3 1942 t
162 1914 239 1956 filio
261 1915 356 1956 Iulo,
383 1915 446 1958 qui
466 1915 588 1958 patris
607 1918 784 1958 superstes
804 1925 841 1948 61
844 1919 893 1957 at
919 1915 1080 1950 Siluium
1094 1915 1306 1959 praelatum
1325 1926 1396 1949 esse
1415 1919 1701 1956 commemorant

159 1966 348 2006 praeterea
380 1962 586 2006 Dionysius
616 1965 648 2003 1,
663 1965 721 2003 70,
734 1964 759 1995 2
791 1963 997 1997 Lauiniam
1032 1974 1067 1997 se
1107 1965 1321 2009 Τυρρηνῶ
1356 1975 1429 1997 τινι
1466 1961 1703 2008 συοφορβίων

163 2009 357 2054 ἐπιμελητῇ
386 2009 601 2053 βασιλικῶν,
636 2007 678 2044 ὃν
705 2007 786 2056 ᾔδει
814 2008 960 2055 Λατίνῳ
987 2008 1189 2055 γενόμενον
1216 2011 1256 2045 ἐν
1280 2016 1358 2050 τοῖς
1383 2009 1539 2054 μάλιστα
1565 2009 1702 2053 προσή-

163 2069 287 2100 γορον,
315 2056 509 2091 tradidzsse
528 2057 676 2091 rettulit
703 2057 780 2091 uid.
802 2057 998 2102 Schueyler
1018 2058 1092 2102 ΙΡ.
1107 2060 1190 2092 234.
1212 2059 1295 2092 337.
1323 2057 1466 2092 Jordan
1487 2058 1612 2092 Η61111.
1633 2058 1703 2091 111

213 2106 294 2137 417.

158 2115 197 2147 P
260 2150 321 2185 1³.
350 2151 430 2185 Vicl.
453 2150 648 2197 Schueyler
668 2152 694 2185 I
703 2163 743 2195 Ρ
757 2153 844 2186 288.
872 2152 918 2194 cf.
942 2152 1033 2205 fasti
1052 2153 1238 2186 Praenest.
1260 2164 1294 2186 α.
1316 2152 1349 2186 d.
1373 2152 1501 2186 IIIII
1514 2152 1586 2186 kal.
1604 2152 1699 2186 Mai.

164 2198 218 2239 (C.
242 2199 272 2232 Ι.
295 2198 339 2232 L.
361 2197 401 2232 1²
420 2210 458 2242 p
481 2200 588 2242 3169:
627 2197 731 2243 [Vini
763 2198 882 2233 omnis
915 2199 1003 2233 noui
1034 2198 1283 2233 libamentum
1315 2199 1411 2244 Ioui]
1444 2201 1700 2233 consecratum

163 2246 251 2291 [est.
285 2257 369 2279 cum
402 2245 527 2279 Latini
559 2245 658 2280 bello
690 2247 963 2292 preme]rentur
996 2246 1042 2280 ab
1074 2246 1243 2282 Rutulis
1276 2246 1364 2300 quia
1397 2246 1603 2281 Mezentius
1636 2257 1701 2280 rex

162 2292 436 2338 Etrus[eo]rum
462 2293 737 2337 paciscebatur
764 2293 794 2327 si
821 2293 988 2328 subsidio
1014 2294 1193 2337 uenisset,
1220 2294 1385 2328 omnium
1413 2304 1593 2328 annorum
1620 2293 1700 2327 uini

162 2340 333 2374 fructum.
375 2340 471 2375 lest.
488 2353 526 2385 Ρ
541 2341 708 2375 26:331..-
740 2340 894 2375 Rustica
926 2341 1068 2375 uinalia
1102 2340 1342 2385 appellantur
1373 2352 1498 2376 mense
1530 2343 1700 2385 Augusto

162 2387 265 2422 XIIII
285 2387 359 2422 kal.
382 2388 481 2432 Sept.
510 2388 608 2422 Iouis
635 2388 714 2422 dies
741 2389 867 2430 festus,
896 2388 985 2433 quia
1007 2388 1132 2422 Latini
1158 2389 1298 2423 bellum
1324 2391 1492 2434 gerentes
1520 2389 1699 2423 adueisus

162 2435 386 2469 Mezentium
413 2435 563 2481 [similis
595 2435 744 2480 imperii
774 2438 875 2470 metu
902 2437 986 2470 add.
1011 2437 1114 2482 Cato]
1148 2436 1266 2471 omnis
1299 2436 1379 2470 uini
1412 2436 1631 2471 libationem
1665 2436 1699 2470 ei

163 2482 232 2516 deo
264 2482 543 2517 dedicauerunt.
582 2484 682 2517 Ptin.
710 2495 745 2516 11.
772 2484 965 2526 h.14,88.·
997 2483 1044 2518 M.
1073 2483 1189 2518 Varro
1223 2485 1352 2518 auctor
1385 2486 1441 2518 est
1473 2483 1699 2518 Mezentium

162 2529 334 2564 Etruriae
366 2541 491 2575 regem
524 2530 704 2564 auxilium
732 2530 881 2565 Rutulis
914 2533 1043 2565 contra
1076 2531 1228 2565 Latinos
1261 2531 1392 2565 tulisse
1424 2531 1504 2565 uini
1529 2531 1699 2566 mercede

162 2577 262 2620 quod
287 2579 367 2611 tum
392 2577 432 2611 in
453 2577 585 2612 Latino
606 2588 695 2623 agro
715 2578 857 2612 fuisset.
897 2579 1018 2613 eadem
1039 2580 1211 2614 memoria
1231 2584 1281 2613 est
1304 2579 1433 2613 Ouidii
1451 2579 1492 2612 111
1511 2580 1609 2622 fast,
1635 2581 1700 2622 qui

163 2627 212 2667 (4,
225 2627 314 2668 893)
341 2625 502 2660 Aeneam
534 2630 722 2660 uouentem
751 2626 861 2668 facit:
892 2625 1046 2661 Hostica
1073 2626 1264 2670 Tyrrheno
1297 2628 1386 2660 uota
1419 2629 1476 2661 est
1507 2626 1698 2660 uindemia

253 2755 275 2789 2
306 2754 476 2791 secunda
497 2754 576 2792 CF
641 2756 664 2793 3
693 2755 916 2793 Maxentius
938 2756 1080 2793 dieitur
1100 2768 1124 2793 α
1144 2757 1418 2804 mytleogyrapho
1495 2757 1518 2794 5
1547 2757 1695 2805 Tyri-us

163 2813 200 2848 in
222 2812 420 2859 plerisque
446 2814 557 2851 libris
584 2817 617 2851 et
640 2816 683 2852 in
708 2815 822 2852 schol.
844 2815 981 2853 Veron.
1008 2816 1150 2853 clteitur
1187 2815 1317 2863 thyrri
1342 2816 1435 2863 Req.

253 2865 326 2921 12,
358 2873 409 2909 14
439 2872 513 2910 diis
539 2873 725 2919 Patris.)
834 2874 886 2912 16
914 2870 1126 2925 Mezentio]
1153 2876 1195 2912 in
1222 2875 1260 2911 P
1281 2888 1299 2911 z
1324 2876 1367 2912 111
1392 2886 1470 2913 ras.
