2002 3342
312 196 348 229 L.
371 195 627 230 CALPVRNII
654 194 837 230 PISONIS
864 195 1087 230 CENSORH
1114 195 1350 230 ANNALES.
1389 195 1431 230 fr.
1454 200 1508 230 26.
1525 200 1567 229 27
1624 196 1705 237 133

175 318 343 356 eumque
379 318 448 356 pro
485 305 590 345 tribu
627 305 793 344 aedilem
829 306 1007 344 curulem
1045 307 1385 345 reuuntiaueruut.
1437 306 1602 346 aedilem
1639 308 1707 358 qui

176 372 331 409 comitia
359 370 542 422 hahebat,
576 376 692 421 negat
719 372 916 422 accipere,
950 383 1077 422 neque
1105 370 1180 409 sihi
1214 371 1387 422 plaeere,
1420 373 1487 422 qui
1515 373 1706 423 scriptum

176 436 338 486 faceret,
366 448 454 474 eum
483 435 647 474 aedilem
677 436 773 474 lieri.
813 436 880 473 Cn.
910 435 1085 486 Flauius,
1112 437 1213 474 Anni
1240 436 1362 487 lilius,
1390 436 1535 475 dicitur
1554 437 1709 476 tabulas

174 502 366 551 posuisse,
393 502 540 551 scriptu
569 512 654 539 sese
683 500 904 552 abdicasse3
932 502 1042 551 isque
1071 500 1208 539 aedilis
1237 501 1385 540 curulis
1413 502 1537 541 sactus
1565 508 1634 541 est.

265 565 369 604 Idem
405 565 472 604 Cn.
500 565 675 616 Flauius,
709 566 809 604 Anni
838 565 958 616 filius,
993 565 1137 604 dicitur
1169 566 1216 604 ad
1244 566 1428 617 collegam
1463 569 1621 606 uenisse
1649 569 1707 605 ui-

176 643 263 669 sere
290 636 503 681 aegrotum.
543 643 587 669 eo
614 632 653 669 in
682 630 867 669 conclaue
894 636 1100 682 postquam
1128 632 1324 682 introiuit,
1355 631 1626 671 adulescentes
1654 632 1709 671 ibi

175 695 397 747 complures
434 695 586 734 nobiles
626 695 826 734 sedebant.
878 696 918 734 hi
959 702 1256 734 contemnentes
1296 709 1384 735 eum
1426 709 1633 748 assurgere
1673 699 1708 736 ei

174 773 289 799 nemo
316 760 450 799 uoluit.
494 760 560 799 Cn.
584 760 753 811 Flauius,
780 761 881 799 Anni
918 760 1033 811 lilius,
1060 760 1197 799 aedilis
1231 760 1269 799 id
1297 763 1447 813 arrisit,
1481 762 1614 801 sellam
1643 776 1708 801 cu-

175 898 293 932 nelius
321 898 504 932 Barbatus
536 898 706 942 pontifex
737 898 921 932 maximus
948 898 1062 932 uerba
1088 898 1250 943 praeire,
1283 910 1365 932 cum
1400 911 1501 933 more
1527 900 1709 934 maiorum

175 948 329 989 negaret
358 946 430 979 nisi
464 946 653 980 consulem
687 948 752 980 aut
778 946 1040 990 imperatorem
1067 957 1174 990 posse
1207 946 1388 990 templum
1416 947 1599 982 dedicare.
1639 948 1708 982 ita-

175 1005 246 1037 que
279 1004 321 1027 ex
354 993 575 1027 auctoritate
607 996 756 1027 senatus
789 993 903 1027 latum
939 994 986 1027 ad
1018 993 1199 1038 populum
1231 996 1305 1034 est,
1337 1004 1383 1028 ne
1416 994 1498 1038 quis
1527 995 1710 1039 templum

175 1052 325 1075 aramue
352 1040 495 1074 iniussu
522 1043 670 1074 senatus
698 1043 764 1075 aut
789 1041 1019 1075 tribunorum
1048 1041 1171 1085 plebei
1199 1041 1316 1085 partis
1339 1041 1490 1075 maioris
1512 1042 1709 1077 dedicaret.

175 1088 275 1121 haud
307 1088 585 1122 memorabilem
618 1099 695 1122 rem
721 1100 788 1132 per
814 1100 870 1131 se,
902 1088 974 1122 nisi
1002 1088 1267 1123 documentum
1299 1089 1348 1122 sit
1379 1089 1556 1123 aduersus
1583 1102 1708 1134 super-

174 1135 274 1169 biam
307 1135 490 1170 nobilium
522 1135 692 1180 plebeiae
724 1135 930 1177 libertatis,
963 1137 1130 1170 referam.
1178 1136 1231 1170 ad
1264 1135 1486 1181 collegam
1526 1147 1708 1181 aegrum

175 1183 357 1217 uisendi
401 1194 537 1217 causa
570 1183 722 1217 Flauius
760 1195 844 1217 cum
881 1183 1088 1218 uenisset
1124 1194 1443 1227 consensuque
1481 1184 1709 1219 nobilium

176 1230 560 1272 adulescentium,
587 1231 663 1274 qui
690 1230 755 1264 ibi
783 1231 1076 1273 adsidebant,
1105 1231 1422 1265 adsurrectum
1446 1232 1478 1265 ei
1506 1243 1579 1265 non
1601 1234 1709 1275 esset,

175 1277 377 1312 curulem
405 1278 585 1312 adferri
607 1278 766 1312 sellam
788 1290 836 1313 eo
857 1278 1012 1322 iussit⁷
1041 1289 1083 1312 ac
1105 1279 1204 1325 (de)
1227 1278 1313 1312 sede
1334 1279 1483 1313 honoris
1505 1280 1559 1313 sui
1582 1280 1709 1314 anxios

175 1325 318 1358 inuidia
351 1325 523 1360 inimicos
556 1326 750 1370 spectauit.
798 1328 959 1360 ceterum
987 1326 1159 1360 Flauium
1185 1326 1331 1360 dixerat
1363 1326 1524 1360 aedilem
1554 1327 1711 1361 forensis

175 1372 309 1414 factio,
335 1373 403 1416 Ap.
432 1372 578 1406 Claudii
606 1384 760 1407 censura
786 1374 884 1408 uires
910 1375 1038 1416 nacta,
1065 1374 1129 1417 qui
1156 1376 1325 1407 senatum
1351 1373 1493 1418 primus
1519 1374 1709 1409 libertino-

175 1432 255 1453 rum
282 1419 368 1454 filiis
395 1420 500 1455 lectis
520 1421 782 1464 inquinauerat
802 1423 849 1463 et,
875 1422 1121 1465 posteaquam
1144 1431 1225 1455 eam
1245 1421 1443 1456 lectionem
1464 1432 1571 1456 nemo
1592 1423 1711 1456 ratam

175 1467 308 1502 habuit
338 1479 405 1502 nee
431 1468 470 1501 in
498 1468 601 1501 curia
627 1468 785 1512 adeptus
819 1470 913 1510 erat,
946 1479 1039 1512 quas
1065 1469 1226 1512 petierat
1258 1479 1345 1512 opes
1378 1469 1557 1511 urbanas⁷
1591 1470 1711 1503 humi-

174 1514 273 1549 libus
300 1526 365 1559 per
392 1526 517 1549 omnes
549 1515 669 1549 tribus
697 1516 829 1550 diuisis
862 1516 982 1550 forum
1009 1518 1047 1550 et
1079 1527 1251 1560 campum
1278 1516 1450 1560 corrupit.
1491 1518 1710 1560 tantumque

175 1562 298 1596 Flauii
320 1563 472 1596 comitia
499 1563 737 1608 indignitatis
759 1563 980 1605 habuerunt,
1006 1565 1045 1596 ut
1069 1563 1279 1607 plerique
1304 1564 1529 1598 nobilium
1550 1564 1710 1599 anulos

177 1621 337 1644 aureos
372 1612 412 1643 et
443 1610 656 1654 phaleras
693 1611 983 1654 deponerent
1036 1621 1078 1644 ex
1115 1621 1156 1645 eo
1189 1614 1356 1655 tempore
1389 1611 1426 1645 in
1460 1612 1552 1645 duas
1585 1613 1711 1656 partes

178 1657 346 1691 discessit
372 1657 519 1691 ciuitas:
548 1657 651 1692 aliud
677 1659 824 1703 integer
849 1658 1008 1702 populus
1036 1658 1160 1692 fautor
1187 1660 1224 1692 et
1245 1658 1362 1693 cultor
1384 1659 1580 1701 bonorum,
1608 1659 1712 1693 aliud

176 1705 332 1739 forensis
365 1705 478 1739 factio
510 1705 676 1747 tenebat
716 1686 833 1740 donec
869 1705 909 1747 Q.
937 1705 1074 1740 Fabius
1106 1708 1142 1740 et
1172 1705 1210 1739 P
1238 1705 1374 1740 Decius
1413 1717 1581 1740 censores
1621 1706 1711 1741 faeti

176 1754 211 1786 et
246 1752 382 1786 Fabius
416 1752 525 1786 simul
558 1753 778 1788 concordiae
813 1764 940 1795 causa
981 1752 1090 1787 simul
1125 1764 1171 1786 ne
1203 1753 1495 1787 humillimorum
1528 1754 1567 1787 in
1598 1765 1711 1789 manu

176 1800 329 1834 comitia
361 1802 501 1843 essent,
536 1811 680 1834 omnem
714 1801 896 1834 forensem
929 1800 1077 1835 turbam
1105 1803 1290 1835 excretam
1321 1801 1359 1834 in
1387 1802 1563 1845 quattuor
1594 1802 1711 1835 tribus

176 1848 336 1881 coniecit
361 1847 597 1890 urbanasque
624 1859 685 1881 eas
713 1847 927 1893 appellauit.
968 1848 1135 1891 adeoque
1162 1859 1244 1882 eam
1269 1859 1344 1882 rem
1375 1850 1567 1892 acceptam
1596 1849 1711 1893 gratis

176 1895 310 1928 animis
337 1894 472 1936 ferunt,
500 1898 539 1928 ut
564 1895 717 1928 Maximi
745 1906 966 1940 cognomen,
1001 1896 1100 1938 quod
1127 1898 1180 1929 tot
1203 1895 1372 1930 uictoriis
1405 1907 1477 1930 non
1503 1899 1712 1940 pepererat,

174 1942 246 1976 hac
285 1942 456 1976 ordinum
488 1943 758 1986 temperatione
790 1945 948 1988 pareret.
1001 1943 1047 1977 ab
1081 1943 1211 1978 eodem
1243 1943 1454 1977 institutum
1487 1944 1638 1986 dicitur,
1670 1946 1713 1978 ut

177 1991 317 2033 equites
351 1989 476 2023 idibus
510 1989 758 2031 Quinctilibus
791 1990 1124 2025 trausueherentur.
1179 1991 1328 2026 Plinius
1360 1994 1423 2033 33,
1452 1994 1594 2025 17-19
1626 1993 1713 2027 haee

176 2038 335 2072 rettulit.-
363 2037 605 2080 Frequentior
632 2040 756 2072 autem
783 2050 870 2072 usus
898 2038 1093 2072 anulorum
1120 2049 1193 2072 non
1221 2040 1305 2072 ante
1332 2037 1394 2072 Cn.
1422 2038 1595 2072 Flauium
1618 2039 1711 2073 Anci

176 2084 293 2118 filium
321 2084 620 2138 deprebenditur.
661 2085 720 2119 hic
745 2096 906 2129 namque
928 2085 1130 2129 publicatis
1151 2085 1282 2120 diebus
1303 2085 1421 2122 fastis.
1443 2097 1534 2128 quos
1554 2086 1711 2130 populos

177 2143 198 2165 a
228 2132 357 2175 paucis
391 2132 602 2176 principum
636 2133 774 2166 cotidie
806 2133 974 2177 petebat,
1013 2134 1159 2167 tantam
1196 2133 1358 2178 gratiam
1396 2133 1519 2177 plebei
1552 2133 1711 2177 adeptus

177 2182 233 2213 est
266 2178 454 2224 (libertino
487 2182 592 2223 patre
626 2180 767 2223 alioqui
800 2180 948 2225 genitus
981 2182 1018 2214 et
1049 2180 1129 2224 ipse
1162 2181 1285 2214 scriba
1316 2181 1415 2234 Appi
1448 2179 1572 2221 Caeci,
1607 2181 1710 2215 cuius

176 2227 328 2261 hortatu
355 2230 551 2270 exceperat
577 2238 638 2262 eos
665 2228 744 2261 dies
772 2228 1017 2262 consultando
1044 2227 1201 2262 adsidue
1229 2228 1355 2273 sagaci
1375 2228 1525 2272 ingenio
1549 2228 1709 2272 promul-

177 2275 384 2319 gammae),
411 2276 453 2308 ut
479 2274 611 2308 aedilis
644 2275 781 2309 curulis
809 2277 996 2309 eiearetur
1022 2286 1105 2308 cum
1133 2275 1171 2316 Q
1197 2275 1329 2309 Anicio
1356 2275 1614 2318 Praenestino,
1648 2276 1711 2319 qui

176 2321 307 2365 paucis
329 2323 415 2355 ante
443 2322 549 2356 annis
570 2322 688 2357 hostis
715 2322 856 2363 fuisset,
884 2322 1096 2367 praeteritis
1118 2321 1154 2356 C.
1176 2322 1342 2357 Poetelio
1363 2326 1399 2357 et
1419 2322 1595 2365 Domitio,
1622 2335 1712 2367 quo-

178 2380 258 2402 rum
293 2371 419 2413 patres
454 2370 624 2405 consules
659 2371 816 2404 fuerant.
857 2370 1028 2404 additum
1066 2369 1214 2412 Flauio,
1248 2372 1291 2404 ut
1326 2370 1436 2404 simul
1472 2372 1509 2404 et
1539 2370 1711 2405 tribunus

269 2497 289 2531 1
322 2506 392 2541 pro
421 2489 545 2545 tribu]
577 2495 813 2541 scripturam
845 2495 923 2531 eod.
951 2507 976 2532 a
1008 2494 1254 2540 quorzmdam
1285 2495 1512 2532 coniecturis
1544 2494 1712 2541 defendit

179 2552 334 2589 Rubino
360 2552 659 2590 Rom.Verfass.
680 2554 765 2600 Ip.
786 2554 844 2591 25
907 2549 1099 2603 curulem]
1127 2565 1260 2590 curem
1289 2553 1325 2590 V
1381 2553 1713 2590 renuntiauerunt

180 2610 337 2649 aediles.
365 2613 433 2660 qui
451 2612 670 2650 Mommsen
695 2613 718 2650 l.
739 2625 769 2650 s.
789 2624 819 2650 s.
882 2614 924 2650 at
950 2612 1089 2650 aedilis
1116 2612 1206 2650 libre·
1233 2614 1266 2649 et
1290 2613 1416 2659 uoaelglo.
1451 2615 1492 2650 at
1517 2612 1584 2649 ille
1611 2613 1712 2650 Roth.

179 2672 220 2707 at
250 2671 284 2708 is
310 2671 528 2708 Mommsen
562 2667 799 2710 staats-,1⁸
820 2684 859 2719 p.
884 2673 967 2709 194
1007 2671 1186 2708 aedilicia
1221 2671 1269 2708 L.
1291 2671 1429 2719 Lanyc
1466 2671 1634 2709 aedilem
1666 2673 1711 2711 ci.

178 2730 299 2768 Hertz
420 2731 445 2766 4
472 2732 640 2779 possisse
660 2731 811 2780 scriptu
841 2727 894 2767 V¹
920 2730 1097 2780 posuisse
1119 2731 1268 2779 scriptu
1290 2725 1346 2767 V2
1405 2726 1536 2781 isque]
1564 2743 1616 2768 an
1638 2731 1711 2768 ita-

179 2787 283 2837 que‘?
404 2790 439 2827 5.
457 2790 480 2826 6
507 2791 657 2828 iussere
684 2802 751 2827 aec
777 2791 927 2828 rocium
951 2786 1001 2827 V¹
1031 2789 1148 2837 Visu3
1174 2791 1332 2839 egrotu3
1361 2784 1418 2827 V*2
1534 2791 1556 2827 6
1587 2786 1650 2841 eo]
1681 2791 1715 2828 V

180 2850 219 2885 et
243 2848 359 2896 ttulyo
421 2848 648 2887 adulescens
678 2850 714 2887 V
828 2851 849 2886 7
878 2849 993 2887 hicon
1019 2850 1268 2898 tempnentes
1295 2849 1327 2886 V
