<?xml version="1.0" encoding="UTF-8"?>
<!DOCTYPE html PUBLIC "-//W3C//DTD XHTML 1.0 Transitional//EN"
    "http://www.w3.org/TR/xhtml1/DTD/xhtml1-transitional.dtd">
<html xmlns="http://www.w3.org/1999/xhtml" xml:lang="en" lang="en">
 <head>
  <title>
</title>
<meta http-equiv="Content-Type" content="text/html;charset=utf-8" />
  <meta name='ocr-system' content='tesseract 3.04.00' />
  <meta name='ocr-capabilities' content='ocr_page ocr_carea ocr_par ocr_line ocrx_word'/>
</head>
<body>
  <div class='ocr_page' id='page_1' title='image "./historicorumroma01peteuoft_0242.png"; bbox 0 0 2002 3342; ppageno 0'>
   <div class='ocr_carea' id='block_1_1' title="bbox 303 175 1500 219">
    <p class='ocr_par' dir='ltr' id='par_1_1' title="bbox 303 175 1500 219">
     <span class='ocr_line' id='line_1_1' title="bbox 303 175 1500 219; baseline -0.003 -6"><span class='ocrx_word' id='word_1_1' title='bbox 303 189 507 219; x_wconf 74' lang='lat' dir='ltr'>CCXXVJH</span> <span class='ocrx_word' id='word_1_2' title='bbox 635 176 696 210; x_wconf 89' lang='lat' dir='ltr'>DE</span> <span class='ocrx_word' id='word_1_3' title='bbox 724 175 1029 210; x_wconf 81' lang='lat' dir='ltr'>SCRIPTORVM</span> <span class='ocrx_word' id='word_1_4' title='bbox 1056 175 1178 210; x_wconf 87' lang='lat' dir='ltr'>VITIS</span> <span class='ocrx_word' id='word_1_5' title='bbox 1205 176 1266 210; x_wconf 89' lang='lat' dir='ltr'>ET</span> <span class='ocrx_word' id='word_1_6' title='bbox 1294 175 1500 210; x_wconf 78' lang='lat' dir='ltr'>SCRIPTIS</span> 
     </span>
    </p>
   </div>
   <div class='ocr_carea' id='block_1_2' title="bbox 298 286 1842 2100">
    <p class='ocr_par' dir='ltr' id='par_1_2' title="bbox 298 286 1842 1902">
     <span class='ocr_line' id='line_1_2' title="bbox 306 286 1841 338; baseline -0.001 -12"><span class='ocrx_word' id='word_1_7' title='bbox 306 300 410 335; x_wconf 86' lang='lat' dir='ltr'>esse,</span> <span class='ocrx_word' id='word_1_8' title='bbox 445 293 526 325; x_wconf 86' lang='lat' dir='ltr'>tum</span> <span class='ocrx_word' id='word_1_9' title='bbox 561 299 656 325; x_wconf 88' lang='lat' dir='ltr'>uero</span> <span class='ocrx_word' id='word_1_10' title='bbox 689 286 839 325; x_wconf 78' lang='lat' dir='ltr'>cladem</span> <span class='ocrx_word' id='word_1_11' title='bbox 867 292 1067 337; x_wconf 77' lang='lat' dir='ltr'><strong>acceptam</strong></span> <span class='ocrx_word' id='word_1_12' title='bbox 1095 299 1181 325; x_wconf 88' lang='lat' dir='ltr'>esse</span> <span class='ocrx_word' id='word_1_13' title='bbox 1208 287 1248 324; x_wconf 89' lang='lat' dir='ltr'>in</span> <span class='ocrx_word' id='word_1_14' title='bbox 1276 299 1320 325; x_wconf 89' lang='lat' dir='ltr'>eo</span> <span class='ocrx_word' id='word_1_15' title='bbox 1348 299 1503 337; x_wconf 85' lang='lat' dir='ltr'>camp0‚</span> <span class='ocrx_word' id='word_1_16' title='bbox 1537 287 1603 337; x_wconf 90' lang='lat' dir='ltr'>qui</span> <span class='ocrx_word' id='word_1_17' title='bbox 1629 299 1701 338; x_wconf 90' lang='lat' dir='ltr'>per</span> <span class='ocrx_word' id='word_1_18' title='bbox 1727 299 1841 325; x_wconf 88' lang='lat' dir='ltr'>arcus</span> 
     </span>
     <span class='ocr_line' id='line_1_3' title="bbox 305 351 1840 403; baseline 0 -13"><span class='ocrx_word' id='word_1_19' title='bbox 305 354 477 403; x_wconf 88' lang='lat' dir='ltr'>speciem</span> <span class='ocrx_word' id='word_1_20' title='bbox 511 364 581 403; x_wconf 87' lang='lat' dir='ltr'>per</span> <span class='ocrx_word' id='word_1_21' title='bbox 613 353 787 403; x_wconf 86' lang='lat' dir='ltr'>quinque</span> <span class='ocrx_word' id='word_1_22' title='bbox 821 351 927 390; x_wconf 92' lang='lat' dir='ltr'>milia</span> <span class='ocrx_word' id='word_1_23' title='bbox 961 364 1148 402; x_wconf 78' lang='lat' dir='ltr'>passuum</span> <span class='ocrx_word' id='word_1_24' title='bbox 1182 364 1201 389; x_wconf 90' lang='grc'>3</span> <span class='ocrx_word' id='word_1_25' title='bbox 1231 351 1317 390; x_wconf 91' lang='grc'><strong>13611</strong></span> <span class='ocrx_word' id='word_1_26' title='bbox 1344 351 1391 389; x_wconf 87' lang='lat' dir='ltr'>ad</span> <span class='ocrx_word' id='word_1_27' title='bbox 1418 357 1571 390; x_wconf 90' lang='lat' dir='ltr'>montes</span> <span class='ocrx_word' id='word_1_28' title='bbox 1598 356 1705 402; x_wconf 89' lang='lat' dir='ltr'>patet</span> <span class='ocrx_word' id='word_1_29' title='bbox 1729 357 1769 390; x_wconf 88' lang='lat' dir='ltr'>et</span> <span class='ocrx_word' id='word_1_30' title='bbox 1794 351 1840 390; x_wconf 92' lang='lat' dir='ltr'>ab</span> 
     </span>
     <span class='ocr_line' id='line_1_4' title="bbox 301 416 1840 467; baseline -0.001 -12"><span class='ocrx_word' id='word_1_31' title='bbox 301 416 505 455; x_wconf 86' lang='lat' dir='ltr'>occidente</span> <span class='ocrx_word' id='word_1_32' title='bbox 526 416 630 455; x_wconf 88' lang='lat' dir='ltr'>iuxla</span> <span class='ocrx_word' id='word_1_33' title='bbox 654 416 763 456; x_wconf 90' lang='lat' dir='ltr'>illum</span> <span class='ocrx_word' id='word_1_34' title='bbox 778 422 951 455; x_wconf 89' lang='lat' dir='ltr'>montem</span> <span class='ocrx_word' id='word_1_35' title='bbox 966 422 1204 467; x_wconf 79' lang='lat' dir='ltr'>perangusta</span> <span class='ocrx_word' id='word_1_36' title='bbox 1219 417 1282 455; x_wconf 89' lang='lat' dir='ltr'>uia</span> <span class='ocrx_word' id='word_1_37' title='bbox 1304 418 1444 455; x_wconf 88' lang='lat' dir='ltr'>intrari</span> <span class='ocrx_word' id='word_1_38' title='bbox 1464 418 1601 467; x_wconf 80' lang='lat' dir='ltr'>potuit7</span> <span class='ocrx_word' id='word_1_39' title='bbox 1623 416 1669 455; x_wconf 90' lang='lat' dir='ltr'>ab</span> <span class='ocrx_word' id='word_1_40' title='bbox 1690 417 1840 455; x_wconf 88' lang='lat' dir='ltr'>oriente</span> 
     </span>
     <span class='ocr_line' id='line_1_5' title="bbox 302 478 1840 535; baseline 0 -15"><span class='ocrx_word' id='word_1_41' title='bbox 302 478 442 535; x_wconf 83' lang='lat' dir='ltr'>(prope</span> <span class='ocrx_word' id='word_1_42' title='bbox 470 483 603 520; x_wconf 89' lang='lat' dir='ltr'>uicum</span> <span class='ocrx_word' id='word_1_43' title='bbox 630 478 890 535; x_wconf 78' lang='lat' dir='ltr'>Passignano)</span> <span class='ocrx_word' id='word_1_44' title='bbox 925 481 1000 521; x_wconf 90' lang='lat' dir='ltr'>alio</span> <span class='ocrx_word' id='word_1_45' title='bbox 1035 481 1131 520; x_wconf 90' lang='lat' dir='ltr'>colle</span> <span class='ocrx_word' id='word_1_46' title='bbox 1159 481 1315 520; x_wconf 90' lang='lat' dir='ltr'>clausus</span> <span class='ocrx_word' id='word_1_47' title='bbox 1343 487 1412 520; x_wconf 88' lang='lat' dir='ltr'>est.</span> <span class='ocrx_word' id='word_1_48' title='bbox 1452 494 1530 520; x_wconf 92' lang='lat' dir='ltr'>non</span> <span class='ocrx_word' id='word_1_49' title='bbox 1557 487 1617 520; x_wconf 81' lang='lat' dir='ltr'>est</span> <span class='ocrx_word' id='word_1_50' title='bbox 1641 494 1772 520; x_wconf 90' lang='lat' dir='ltr'>meum</span> <span class='ocrx_word' id='word_1_51' title='bbox 1800 483 1840 520; x_wconf 92' lang='lat' dir='ltr'>in</span> 
     </span>
     <span class='ocr_line' id='line_1_6' title="bbox 301 546 1840 599; baseline 0 -14"><span class='ocrx_word' id='word_1_52' title='bbox 301 552 513 597; x_wconf 76' lang='lat' dir='ltr'>certamen,</span> <span class='ocrx_word' id='word_1_53' title='bbox 540 546 607 585; x_wconf 91' lang='lat' dir='ltr'>ubi</span> <span class='ocrx_word' id='word_1_54' title='bbox 630 559 671 585; x_wconf 90' lang='lat' dir='ltr'>re</span> <span class='ocrx_word' id='word_1_55' title='bbox 692 559 787 585; x_wconf 91' lang='lat' dir='ltr'>uera</span> <span class='ocrx_word' id='word_1_56' title='bbox 808 559 937 598; x_wconf 83' lang='lat' dir='ltr'>pugna</span> <span class='ocrx_word' id='word_1_57' title='bbox 959 548 1169 585; x_wconf 89' lang='lat' dir='ltr'>commissa</span> <span class='ocrx_word' id='word_1_58' title='bbox 1191 548 1252 597; x_wconf 82' lang='lat' dir='ltr'>sit,</span> <span class='ocrx_word' id='word_1_59' title='bbox 1282 546 1539 599; x_wconf 78' lang='lat' dir='ltr'>descendere3</span> <span class='ocrx_word' id='word_1_60' title='bbox 1567 551 1717 585; x_wconf 81' lang='lat' dir='ltr'>restant</span> <span class='ocrx_word' id='word_1_61' title='bbox 1737 547 1840 585; x_wconf 86' lang='lat' dir='ltr'>enim</span> 
     </span>
     <span class='ocr_line' id='line_1_7' title="bbox 301 611 1840 662; baseline 0 -12"><span class='ocrx_word' id='word_1_62' title='bbox 301 612 565 650; x_wconf 81' lang='lat' dir='ltr'>dubitationes</span> <span class='ocrx_word' id='word_1_63' title='bbox 594 611 640 650; x_wconf 91' lang='lat' dir='ltr'>de</span> <span class='ocrx_word' id='word_1_64' title='bbox 667 611 763 650; x_wconf 90' lang='lat' dir='ltr'>locis</span> <span class='ocrx_word' id='word_1_65' title='bbox 790 613 1012 651; x_wconf 79' lang='lat' dir='ltr'>accuratius</span> <span class='ocrx_word' id='word_1_66' title='bbox 1041 611 1288 662; x_wconf 82' lang='lat' dir='ltr'>definiendis,</span> <span class='ocrx_word' id='word_1_67' title='bbox 1321 611 1417 650; x_wconf 93' lang='lat' dir='ltr'>illud</span> <span class='ocrx_word' id='word_1_68' title='bbox 1445 611 1542 650; x_wconf 90' lang='lat' dir='ltr'>addo</span> <span class='ocrx_word' id='word_1_69' title='bbox 1569 613 1673 650; x_wconf 90' lang='lat' dir='ltr'>uiam</span> <span class='ocrx_word' id='word_1_70' title='bbox 1700 611 1840 650; x_wconf 90' lang='lat' dir='ltr'>Roma-</span> 
     </span>
     <span class='ocr_line' id='line_1_8' title="bbox 300 676 1841 728; baseline 0 -13"><span class='ocrx_word' id='word_1_71' title='bbox 300 690 389 715; x_wconf 88' lang='lat' dir='ltr'>nam</span> <span class='ocrx_word' id='word_1_72' title='bbox 418 678 652 728; x_wconf 82' lang='lat' dir='ltr'>antiquitus,</span> <span class='ocrx_word' id='word_1_73' title='bbox 680 689 770 716; x_wconf 91' lang='lat' dir='ltr'>cum</span> <span class='ocrx_word' id='word_1_74' title='bbox 796 689 909 716; x_wconf 88' lang='lat' dir='ltr'>mons</span> <span class='ocrx_word' id='word_1_75' title='bbox 938 676 1158 715; x_wconf 88' lang='lat' dir='ltr'>Gualandro</span> <span class='ocrx_word' id='word_1_76' title='bbox 1188 676 1305 715; x_wconf 91' lang='lat' dir='ltr'>undis</span> <span class='ocrx_word' id='word_1_77' title='bbox 1333 676 1440 715; x_wconf 90' lang='lat' dir='ltr'>lacus</span> <span class='ocrx_word' id='word_1_78' title='bbox 1468 677 1693 727; x_wconf 83' lang='lat' dir='ltr'>allueretur,</span> <span class='ocrx_word' id='word_1_79' title='bbox 1721 689 1841 727; x_wconf 89' lang='lat' dir='ltr'>super</span> 
     </span>
     <span class='ocr_line' id='line_1_9' title="bbox 300 741 1840 793; baseline -0.001 -12"><span class='ocrx_word' id='word_1_80' title='bbox 300 755 390 781; x_wconf 89' lang='lat' dir='ltr'>eum</span> <span class='ocrx_word' id='word_1_81' title='bbox 424 748 598 781; x_wconf 90' lang='lat' dir='ltr'>montem</span> <span class='ocrx_word' id='word_1_82' title='bbox 632 741 787 781; x_wconf 88' lang='lat' dir='ltr'>ductam</span> <span class='ocrx_word' id='word_1_83' title='bbox 819 755 905 781; x_wconf 89' lang='lat' dir='ltr'>esse</span> <span class='ocrx_word' id='word_1_84' title='bbox 933 742 1249 793; x_wconf 85' lang='lat' dir='ltr'>Flaminiumque</span> <span class='ocrx_word' id='word_1_85' title='bbox 1277 743 1380 780; x_wconf 87' lang='lat' dir='ltr'>intra</span> <span class='ocrx_word' id='word_1_86' title='bbox 1407 754 1497 781; x_wconf 90' lang='lat' dir='ltr'>eum</span> <span class='ocrx_word' id='word_1_87' title='bbox 1524 747 1652 780; x_wconf 88' lang='lat' dir='ltr'>castra</span> <span class='ocrx_word' id='word_1_88' title='bbox 1678 742 1840 792; x_wconf 79' lang='lat' dir='ltr'>locasse,</span> 
     </span>
     <span class='ocr_line' id='line_1_10' title="bbox 300 804 1839 859; baseline -0.001 -13"><span class='ocrx_word' id='word_1_89' title='bbox 300 821 376 858; x_wconf 89' lang='lat' dir='ltr'>quo</span> <span class='ocrx_word' id='word_1_90' title='bbox 409 809 523 858; x_wconf 83' lang='lat' dir='ltr'>graui</span> <span class='ocrx_word' id='word_1_91' title='bbox 554 813 785 858; x_wconf 80' lang='lat' dir='ltr'>argumento</span> <span class='ocrx_word' id='word_1_92' title='bbox 818 807 1034 858; x_wconf 81' lang='lat' dir='ltr'>Kromayer</span> <span class='ocrx_word' id='word_1_93' title='bbox 1066 813 1173 846; x_wconf 86' lang='lat' dir='ltr'>recte</span> <span class='ocrx_word' id='word_1_94' title='bbox 1207 808 1443 846; x_wconf 88' lang='lat' dir='ltr'>sententiam</span> <span class='ocrx_word' id='word_1_95' title='bbox 1477 820 1587 846; x_wconf 90' lang='lat' dir='ltr'>suam</span> <span class='ocrx_word' id='word_1_96' title='bbox 1615 804 1839 859; x_wconf 77' lang='lat' dir='ltr'>defendit.¹)</span> 
     </span>
     <span class='ocr_line' id='line_1_11' title="bbox 306 871 1841 924; baseline -0.001 -13"><span class='ocrx_word' id='word_1_97' title='bbox 306 872 476 924; x_wconf 90' lang='lat' dir='ltr'>denique</span> <span class='ocrx_word' id='word_1_98' title='bbox 497 885 547 911; x_wconf 92' lang='lat' dir='ltr'>ne</span> <span class='ocrx_word' id='word_1_99' title='bbox 572 873 671 923; x_wconf 83' lang='lat' dir='ltr'>fugit</span> <span class='ocrx_word' id='word_1_100' title='bbox 691 872 849 924; x_wconf 91' lang='lat' dir='ltr'>quidem</span> <span class='ocrx_word' id='word_1_101' title='bbox 871 872 1028 911; x_wconf 91' lang='lat' dir='ltr'>Liuium</span> <span class='ocrx_word' id='word_1_102' title='bbox 1050 872 1260 911; x_wconf 89' lang='lat' dir='ltr'>diuersitas</span> <span class='ocrx_word' id='word_1_103' title='bbox 1281 872 1367 911; x_wconf 87' lang='lat' dir='ltr'>loci.</span> <span class='ocrx_word' id='word_1_104' title='bbox 1406 884 1496 911; x_wconf 91' lang='lat' dir='ltr'>nam</span> <span class='ocrx_word' id='word_1_105' title='bbox 1517 872 1619 923; x_wconf 91' lang='lat' dir='ltr'>apud</span> <span class='ocrx_word' id='word_1_106' title='bbox 1639 871 1841 923; x_wconf 74' lang='lat' dir='ltr'>Polybium</span> 
     </span>
     <span class='ocr_line' id='line_1_12' title="bbox 298 936 1841 989; baseline -0.001 -13"><span class='ocrx_word' id='word_1_107' title='bbox 298 937 493 976; x_wconf 87' lang='lat' dir='ltr'>Hannibal</span> <span class='ocrx_word' id='word_1_108' title='bbox 525 938 571 976; x_wconf 90' lang='lat' dir='ltr'>ab</span> <span class='ocrx_word' id='word_1_109' title='bbox 605 943 772 989; x_wconf 86' lang='lat' dir='ltr'>utraque</span> <span class='ocrx_word' id='word_1_110' title='bbox 808 943 918 988; x_wconf 86' lang='lat' dir='ltr'>parte</span> <span class='ocrx_word' id='word_1_111' title='bbox 955 943 1044 988; x_wconf 89' lang='lat' dir='ltr'>post</span> <span class='ocrx_word' id='word_1_112' title='bbox 1077 943 1230 976; x_wconf 89' lang='lat' dir='ltr'>montes</span> <span class='ocrx_word' id='word_1_113' title='bbox 1266 937 1412 976; x_wconf 87' lang='lat' dir='ltr'>milites</span> <span class='ocrx_word' id='word_1_114' title='bbox 1449 949 1540 976; x_wconf 91' lang='lat' dir='ltr'>suos</span> <span class='ocrx_word' id='word_1_115' title='bbox 1577 936 1841 976; x_wconf 82' lang='lat' dir='ltr'>circumduxit</span> 
     </span>
     <span class='ocr_line' id='line_1_13' title="bbox 302 997 1842 1056; baseline -0.001 -14"><span class='ocrx_word' id='word_1_116' title='bbox 302 999 426 1056; x_wconf 76' lang='grc' dir='ltr'><em>(τοὺς</em></span> <span class='ocrx_word' id='word_1_117' title='bbox 447 1003 680 1055; x_wconf 76' lang='grc' dir='ltr'><em>Βαλιαρεΐς</em></span> <span class='ocrx_word' id='word_1_118' title='bbox 706 999 778 1042; x_wconf 85' lang='grc' dir='ltr'>καὶ</span> <span class='ocrx_word' id='word_1_119' title='bbox 801 1002 1110 1055; x_wconf 77' lang='grc' dir='ltr'><em>λογχοφόρους</em></span> <span class='ocrx_word' id='word_1_120' title='bbox 1129 1000 1238 1042; x_wconf 75' lang='grc' dir='ltr'><em>κατὰ</em></span> <span class='ocrx_word' id='word_1_121' title='bbox 1264 1000 1345 1054; x_wconf 81' lang='grc' dir='ltr'>τὴν</span> <span class='ocrx_word' id='word_1_122' title='bbox 1365 1001 1697 1054; x_wconf 75' lang='grc' dir='ltr'>πρωτοπορείαν</span> <span class='ocrx_word' id='word_1_123' title='bbox 1723 997 1842 1041; x_wconf 78' lang='grc' dir='ltr'><strong><em>ἐκπε-</em></strong></span> 
     </span>
     <span class='ocr_line' id='line_1_14' title="bbox 298 1064 1840 1121; baseline -0.001 -14"><span class='ocrx_word' id='word_1_124' title='bbox 298 1066 467 1119; x_wconf 76' lang='grc' dir='ltr'><em>ριάγων</em></span> <span class='ocrx_word' id='word_1_125' title='bbox 494 1065 578 1108; x_wconf 88' lang='grc' dir='ltr'>ὑπὸ</span> <span class='ocrx_word' id='word_1_126' title='bbox 605 1067 710 1115; x_wconf 78' lang='grc' dir='ltr'><em>τοὺς</em></span> <span class='ocrx_word' id='word_1_127' title='bbox 735 1064 783 1107; x_wconf 81' lang='grc' dir='ltr'>ἐν</span> <span class='ocrx_word' id='word_1_128' title='bbox 812 1064 933 1121; x_wconf 77' lang='grc' dir='ltr'><em>δεξιᾷ</em></span> <span class='ocrx_word' id='word_1_129' title='bbox 967 1067 1163 1118; x_wconf 74' lang='grc' dir='ltr'><em>βουνοὺς</em></span> <span class='ocrx_word' id='word_1_130' title='bbox 1188 1072 1277 1106; x_wconf 86' lang='grc' dir='ltr'>τῶν</span> <span class='ocrx_word' id='word_1_131' title='bbox 1303 1066 1419 1119; x_wconf 76' lang='grc' dir='ltr'><em>παρὰ</em></span> <span class='ocrx_word' id='word_1_132' title='bbox 1448 1065 1528 1106; x_wconf 84' lang='grc' dir='ltr'>τὸν</span> <span class='ocrx_word' id='word_1_133' title='bbox 1554 1064 1733 1106; x_wconf 78' lang='grc' dir='ltr'><em>αὐλῶνα</em></span> <span class='ocrx_word' id='word_1_134' title='bbox 1757 1080 1840 1106; x_wconf 82' lang='grc' dir='ltr'><em>κει-</em></span> 
     </span>
     <span class='ocr_line' id='line_1_15' title="bbox 299 1128 1842 1185; baseline -0.001 -13"><span class='ocrx_word' id='word_1_135' title='bbox 299 1130 447 1185; x_wconf 80' lang='grc' dir='ltr'><em>μένων</em></span> <span class='ocrx_word' id='word_1_136' title='bbox 475 1129 543 1172; x_wconf 82' lang='grc' dir='ltr'>ἐπὶ</span> <span class='ocrx_word' id='word_1_137' title='bbox 569 1133 683 1172; x_wconf 80' lang='grc' dir='ltr'><em>πολὺ</em></span> <span class='ocrx_word' id='word_1_138' title='bbox 710 1133 979 1185; x_wconf 78' lang='grc' dir='ltr'><em>παρατείνας</em></span> <span class='ocrx_word' id='word_1_139' title='bbox 1005 1129 1249 1172; x_wconf 75' lang='grc' dir='ltr'><em>ὑπέστειλε·</em></span> <span class='ocrx_word' id='word_1_140' title='bbox 1277 1131 1381 1179; x_wconf 81' lang='grc' dir='ltr'><em>τοὺς</em></span> <span class='ocrx_word' id='word_1_141' title='bbox 1407 1128 1445 1171; x_wconf 75' lang='grc' dir='ltr'>δ’</span> <span class='ocrx_word' id='word_1_142' title='bbox 1474 1131 1620 1178; x_wconf 77' lang='grc' dir='ltr'><em>ἱππεῖς</em></span> <span class='ocrx_word' id='word_1_143' title='bbox 1646 1128 1717 1171; x_wconf 81' lang='grc' dir='ltr'>καὶ</span> <span class='ocrx_word' id='word_1_144' title='bbox 1738 1131 1842 1179; x_wconf 78' lang='grc' dir='ltr'><em>τοὺς</em></span> 
     </span>
     <span class='ocr_line' id='line_1_16' title="bbox 304 1195 1840 1251; baseline -0.001 -14"><span class='ocrx_word' id='word_1_145' title='bbox 304 1198 499 1245; x_wconf 78' lang='grc' dir='ltr'><em>Κελτοὺς</em></span> <span class='ocrx_word' id='word_1_146' title='bbox 520 1195 682 1248; x_wconf 76' lang='grc' dir='ltr'><em>ὁμοίως</em></span> <span class='ocrx_word' id='word_1_147' title='bbox 701 1203 790 1237; x_wconf 84' lang='grc' dir='ltr'>τῶν</span> <span class='ocrx_word' id='word_1_148' title='bbox 810 1195 1052 1248; x_wconf 79' lang='grc' dir='ltr'><em>εὐωνύμων</em></span> <span class='ocrx_word' id='word_1_149' title='bbox 1072 1198 1252 1249; x_wconf 85' lang='grc' dir='ltr'><em>βουνῶν</em></span> <span class='ocrx_word' id='word_1_150' title='bbox 1271 1196 1416 1251; x_wconf 75' lang='grc' dir='ltr'><em>κύκλῳ</em></span> <span class='ocrx_word' id='word_1_151' title='bbox 1437 1195 1719 1249; x_wconf 75' lang='grc' dir='ltr'><em>περιαγαγὼν</em></span> <span class='ocrx_word' id='word_1_152' title='bbox 1735 1210 1840 1249; x_wconf 80' lang='grc' dir='ltr'><em>παρ-</em></span> 
     </span>
     <span class='ocr_line' id='line_1_17' title="bbox 298 1258 1839 1316; baseline -0.002 -13"><span class='ocrx_word' id='word_1_153' title='bbox 298 1260 480 1310; x_wconf 81' lang='grc' dir='ltr'><em>εξέτεινε</em></span> <span class='ocrx_word' id='word_1_154' title='bbox 514 1268 712 1315; x_wconf 81' lang='grc' dir='ltr'><em>συνεχεῖς</em></span> <span class='ocrx_word' id='word_1_155' title='bbox 745 1276 777 1302; x_wconf 93' lang='grc'>6.</span> <span class='ocrx_word' id='word_1_156' title='bbox 800 1259 1017 1316; x_wconf 75' lang='lat' dir='ltr'>83‚3sq.),</span> <span class='ocrx_word' id='word_1_157' title='bbox 1052 1268 1187 1301; x_wconf 89' lang='lat' dir='ltr'>contra</span> <span class='ocrx_word' id='word_1_158' title='bbox 1220 1262 1323 1314; x_wconf 89' lang='lat' dir='ltr'>apud</span> <span class='ocrx_word' id='word_1_159' title='bbox 1356 1262 1513 1301; x_wconf 90' lang='lat' dir='ltr'>Liuium</span> <span class='ocrx_word' id='word_1_160' title='bbox 1547 1258 1598 1315; x_wconf 85' lang='lat' dir='ltr'>(c.</span> <span class='ocrx_word' id='word_1_161' title='bbox 1619 1260 1658 1312; x_wconf 84' lang='lat'>4,</span> <span class='ocrx_word' id='word_1_162' title='bbox 1674 1258 1719 1316; x_wconf 82' lang='lat'>3)</span> <span class='ocrx_word' id='word_1_163' title='bbox 1753 1260 1839 1300; x_wconf 86' lang='lat' dir='ltr'>‘Ba-</span> 
     </span>
     <span class='ocr_line' id='line_1_18' title="bbox 302 1327 1841 1379; baseline -0.001 -12"><span class='ocrx_word' id='word_1_164' title='bbox 302 1329 419 1367; x_wconf 92' lang='lat' dir='ltr'>liares</span> <span class='ocrx_word' id='word_1_165' title='bbox 441 1334 692 1379; x_wconf 83' lang='lat' dir='ltr'>ceteramque</span> <span class='ocrx_word' id='word_1_166' title='bbox 714 1328 843 1367; x_wconf 92' lang='lat' dir='ltr'>leuem</span> <span class='ocrx_word' id='word_1_167' title='bbox 859 1333 1097 1367; x_wconf 87' lang='lat' dir='ltr'>armaturam</span> <span class='ocrx_word' id='word_1_168' title='bbox 1118 1333 1207 1379; x_wconf 92' lang='lat' dir='ltr'>post</span> <span class='ocrx_word' id='word_1_169' title='bbox 1226 1333 1379 1366; x_wconf 89' lang='lat' dir='ltr'>montes</span> <span class='ocrx_word' id='word_1_170' title='bbox 1395 1327 1668 1378; x_wconf 77' lang='lat' dir='ltr'>circumducit,</span> <span class='ocrx_word' id='word_1_171' title='bbox 1689 1328 1841 1378; x_wconf 83' lang='lat' dir='ltr'>equites</span> 
     </span>
     <span class='ocr_line' id='line_1_19' title="bbox 298 1391 1841 1445; baseline -0.001 -13"><span class='ocrx_word' id='word_1_172' title='bbox 298 1394 346 1432; x_wconf 91' lang='lat' dir='ltr'>ad</span> <span class='ocrx_word' id='word_1_173' title='bbox 367 1395 472 1445; x_wconf 90' lang='lat' dir='ltr'>ipsas</span> <span class='ocrx_word' id='word_1_174' title='bbox 495 1394 626 1432; x_wconf 86' lang='lat' dir='ltr'>fauces</span> <span class='ocrx_word' id='word_1_175' title='bbox 647 1393 769 1433; x_wconf 88' lang='lat' dir='ltr'>saltus</span> <span class='ocrx_word' id='word_1_176' title='bbox 790 1393 952 1432; x_wconf 89' lang='lat' dir='ltr'>tumulis</span> <span class='ocrx_word' id='word_1_177' title='bbox 973 1398 1061 1444; x_wconf 87' lang='lat' dir='ltr'>apte</span> <span class='ocrx_word' id='word_1_178' title='bbox 1083 1392 1308 1444; x_wconf 82' lang='lat' dir='ltr'>tegentibus</span> <span class='ocrx_word' id='word_1_179' title='bbox 1329 1391 1464 1445; x_wconf 79' lang='lat' dir='ltr'>locat&#39;3</span> <span class='ocrx_word' id='word_1_180' title='bbox 1491 1394 1680 1431; x_wconf 88' lang='lat' dir='ltr'>nimirum</span> <span class='ocrx_word' id='word_1_181' title='bbox 1701 1392 1747 1431; x_wconf 90' lang='lat' dir='ltr'>ab</span> <span class='ocrx_word' id='word_1_182' title='bbox 1768 1392 1841 1431; x_wconf 90' lang='lat' dir='ltr'>hac</span> 
     </span>
     <span class='ocr_line' id='line_1_20' title="bbox 299 1455 1839 1513; baseline -0.001 -15"><span class='ocrx_word' id='word_1_183' title='bbox 299 1464 409 1511; x_wconf 85' lang='lat' dir='ltr'>parte</span> <span class='ocrx_word' id='word_1_184' title='bbox 436 1459 543 1498; x_wconf 89' lang='lat' dir='ltr'>lacus</span> <span class='ocrx_word' id='word_1_185' title='bbox 569 1458 765 1498; x_wconf 91' lang='lat' dir='ltr'>Romanos</span> <span class='ocrx_word' id='word_1_186' title='bbox 799 1455 1076 1513; x_wconf 74' lang='lat' dir='ltr'>incluse1·at.2).</span> <span class='ocrx_word' id='word_1_187' title='bbox 1117 1460 1234 1497; x_wconf 88' lang='lat' dir='ltr'>etiam</span> <span class='ocrx_word' id='word_1_188' title='bbox 1262 1459 1302 1497; x_wconf 90' lang='lat' dir='ltr'>in</span> <span class='ocrx_word' id='word_1_189' title='bbox 1329 1459 1454 1509; x_wconf 87' lang='lat' dir='ltr'>ipsius</span> <span class='ocrx_word' id='word_1_190' title='bbox 1481 1470 1635 1509; x_wconf 83' lang='lat' dir='ltr'>pugnae</span> <span class='ocrx_word' id='word_1_191' title='bbox 1666 1457 1839 1509; x_wconf 89' lang='lat' dir='ltr'>descrip-</span> 
     </span>
     <span class='ocr_line' id='line_1_21' title="bbox 298 1523 1839 1575; baseline -0.001 -12"><span class='ocrx_word' id='word_1_192' title='bbox 298 1526 405 1563; x_wconf 88' lang='lat' dir='ltr'>tione</span> <span class='ocrx_word' id='word_1_193' title='bbox 439 1524 724 1575; x_wconf 86' lang='lat' dir='ltr'>discrepantias</span> <span class='ocrx_word' id='word_1_194' title='bbox 759 1523 948 1575; x_wconf 87' lang='lat' dir='ltr'>quasdam</span> <span class='ocrx_word' id='word_1_195' title='bbox 981 1523 1084 1562; x_wconf 92' lang='lat' dir='ltr'>Liuii</span> <span class='ocrx_word' id='word_1_196' title='bbox 1110 1523 1339 1575; x_wconf 82' lang='lat' dir='ltr'>Polybiique</span> <span class='ocrx_word' id='word_1_197' title='bbox 1371 1523 1618 1562; x_wconf 82' lang='lat' dir='ltr'>offendimus,</span> <span class='ocrx_word' id='word_1_198' title='bbox 1657 1535 1747 1562; x_wconf 88' lang='lat' dir='ltr'>nam</span> <span class='ocrx_word' id='word_1_199' title='bbox 1780 1535 1839 1562; x_wconf 86' lang='lat' dir='ltr'>se-</span> 
     </span>
     <span class='ocr_line' id='line_1_22' title="bbox 299 1589 1839 1640; baseline -0.002 -11"><span class='ocrx_word' id='word_1_200' title='bbox 299 1590 472 1629; x_wconf 91' lang='lat' dir='ltr'>cundum</span> <span class='ocrx_word' id='word_1_201' title='bbox 499 1590 655 1629; x_wconf 92' lang='lat' dir='ltr'>Liuium</span> <span class='ocrx_word' id='word_1_202' title='bbox 683 1589 877 1628; x_wconf 89' lang='lat' dir='ltr'>Hannibal</span> <span class='ocrx_word' id='word_1_203' title='bbox 910 1601 1000 1628; x_wconf 90' lang='lat' dir='ltr'>cum</span> <span class='ocrx_word' id='word_1_204' title='bbox 1026 1589 1130 1628; x_wconf 78' lang='lat' dir='ltr'>Afris</span> <span class='ocrx_word' id='word_1_205' title='bbox 1157 1589 1419 1640; x_wconf 88' lang='lat' dir='ltr'>Hispanisque</span> <span class='ocrx_word' id='word_1_206' title='bbox 1453 1590 1493 1627; x_wconf 89' lang='lat' dir='ltr'>in</span> <span class='ocrx_word' id='word_1_207' title='bbox 1520 1593 1685 1639; x_wconf 86' lang='lat' dir='ltr'>aperto</span> <span class='ocrx_word' id='word_1_208' title='bbox 1713 1593 1839 1627; x_wconf 86' lang='lat' dir='ltr'>castra</span> 
     </span>
     <span class='ocr_line' id='line_1_23' title="bbox 299 1650 1839 1709; baseline -0.001 -16"><span class='ocrx_word' id='word_1_209' title='bbox 299 1655 443 1694; x_wconf 86' lang='lat' dir='ltr'>locauit</span> <span class='ocrx_word' id='word_1_210' title='bbox 477 1650 530 1708; x_wconf 80' lang='lat' dir='ltr'>(c.</span> <span class='ocrx_word' id='word_1_211' title='bbox 550 1653 595 1705; x_wconf 84' lang='lat'>4,</span> <span class='ocrx_word' id='word_1_212' title='bbox 611 1651 676 1709; x_wconf 84' lang='lat'>3),</span> <span class='ocrx_word' id='word_1_213' title='bbox 713 1656 766 1693; x_wconf 90' lang='lat' dir='ltr'>ita</span> <span class='ocrx_word' id='word_1_214' title='bbox 798 1660 842 1694; x_wconf 91' lang='lat' dir='ltr'>ut</span> <span class='ocrx_word' id='word_1_215' title='bbox 873 1654 1089 1693; x_wconf 89' lang='lat' dir='ltr'>Flaminius</span> <span class='ocrx_word' id='word_1_216' title='bbox 1123 1654 1226 1705; x_wconf 91' lang='lat' dir='ltr'>quod</span> <span class='ocrx_word' id='word_1_217' title='bbox 1258 1654 1431 1693; x_wconf 90' lang='lat' dir='ltr'>hostium</span> <span class='ocrx_word' id='word_1_218' title='bbox 1464 1666 1510 1692; x_wconf 87' lang='lat' dir='ltr'>ex</span> <span class='ocrx_word' id='word_1_219' title='bbox 1543 1653 1710 1692; x_wconf 89' lang='lat' dir='ltr'>aduerso</span> <span class='ocrx_word' id='word_1_220' title='bbox 1744 1660 1839 1706; x_wconf 81' lang='lat' dir='ltr'>erat,</span> 
     </span>
     <span class='ocr_line' id='line_1_24' title="bbox 301 1714 1838 1771; baseline -0.001 -12"><span class='ocrx_word' id='word_1_221' title='bbox 301 1725 494 1771; x_wconf 84' lang='lat' dir='ltr'>cerneret,</span> <span class='ocrx_word' id='word_1_222' title='bbox 522 1720 568 1758; x_wconf 92' lang='lat' dir='ltr'>ab</span> <span class='ocrx_word' id='word_1_223' title='bbox 596 1725 706 1770; x_wconf 81' lang='lat' dir='ltr'>tergo</span> <span class='ocrx_word' id='word_1_224' title='bbox 733 1719 848 1758; x_wconf 92' lang='lat' dir='ltr'>modo</span> <span class='ocrx_word' id='word_1_225' title='bbox 875 1732 919 1758; x_wconf 89' lang='lat' dir='ltr'>ac</span> <span class='ocrx_word' id='word_1_226' title='bbox 947 1731 1067 1771; x_wconf 86' lang='lat' dir='ltr'>super</span> <span class='ocrx_word' id='word_1_227' title='bbox 1087 1724 1203 1770; x_wconf 84' lang='lat' dir='ltr'>caput</span> <span class='ocrx_word' id='word_1_228' title='bbox 1225 1719 1453 1770; x_wconf 88' lang='lat' dir='ltr'>deciperent</span> <span class='ocrx_word' id='word_1_229' title='bbox 1474 1714 1695 1770; x_wconf 77' lang='lat' dir='ltr'>insidiae3),</span> <span class='ocrx_word' id='word_1_230' title='bbox 1723 1724 1838 1769; x_wconf 89' lang='lat' dir='ltr'>atque</span> 
     </span>
     <span class='ocr_line' id='line_1_25' title="bbox 301 1782 1839 1838; baseline -0.001 -14"><span class='ocrx_word' id='word_1_231' title='bbox 301 1791 384 1824; x_wconf 81' lang='lat' dir='ltr'>tum</span> <span class='ocrx_word' id='word_1_232' title='bbox 407 1785 577 1836; x_wconf 88' lang='lat' dir='ltr'>demum,</span> <span class='ocrx_word' id='word_1_233' title='bbox 605 1797 695 1824; x_wconf 91' lang='lat' dir='ltr'>cum</span> <span class='ocrx_word' id='word_1_234' title='bbox 716 1782 893 1838; x_wconf 81' lang='lat' dir='ltr'>(omnes)</span> <span class='ocrx_word' id='word_1_235' title='bbox 914 1784 1110 1823; x_wconf 86' lang='lat' dir='ltr'>Romanos</span> <span class='ocrx_word' id='word_1_236' title='bbox 1131 1784 1285 1823; x_wconf 88' lang='lat' dir='ltr'>clausos</span> <span class='ocrx_word' id='word_1_237' title='bbox 1312 1784 1399 1823; x_wconf 90' lang='lat' dir='ltr'>lacu</span> <span class='ocrx_word' id='word_1_238' title='bbox 1420 1797 1463 1822; x_wconf 89' lang='lat' dir='ltr'>ac</span> <span class='ocrx_word' id='word_1_239' title='bbox 1484 1783 1684 1823; x_wconf 86' lang='lat' dir='ltr'>montibus</span> <span class='ocrx_word' id='word_1_240' title='bbox 1706 1789 1744 1823; x_wconf 83' lang='lat' dir='ltr'>et</span> <span class='ocrx_word' id='word_1_241' title='bbox 1764 1785 1839 1823; x_wconf 90' lang='lat' dir='ltr'>cir-</span> 
     </span>
     <span class='ocr_line' id='line_1_26' title="bbox 300 1847 1839 1902; baseline -0.002 -12"><span class='ocrx_word' id='word_1_242' title='bbox 300 1851 501 1890; x_wconf 86' lang='lat' dir='ltr'>cumfusos</span> <span class='ocrx_word' id='word_1_243' title='bbox 535 1851 617 1889; x_wconf 89' lang='lat' dir='ltr'>suis</span> <span class='ocrx_word' id='word_1_244' title='bbox 651 1851 775 1901; x_wconf 88' lang='lat' dir='ltr'>copiis</span> <span class='ocrx_word' id='word_1_245' title='bbox 808 1849 988 1900; x_wconf 83' lang='lat' dir='ltr'>haberet,</span> <span class='ocrx_word' id='word_1_246' title='bbox 1021 1851 1177 1900; x_wconf 78' lang='lat' dir='ltr'>signum</span> <span class='ocrx_word' id='word_1_247' title='bbox 1210 1849 1423 1889; x_wconf 90' lang='lat' dir='ltr'>inuadendi</span> <span class='ocrx_word' id='word_1_248' title='bbox 1453 1848 1560 1888; x_wconf 88' lang='lat' dir='ltr'>dedit</span> <span class='ocrx_word' id='word_1_249' title='bbox 1586 1849 1636 1899; x_wconf 82' lang='lat' dir='ltr'>(c.</span> <span class='ocrx_word' id='word_1_250' title='bbox 1656 1847 1839 1902; x_wconf 79' lang='lat' dir='ltr'>4‚4sq.)‚</span> 
     </span>
    </p>

    <p class='ocr_par' dir='ltr' id='par_1_3' title="bbox 298 1914 1840 2100">
     <span class='ocr_line' id='line_1_27' title="bbox 388 1914 1838 1967; baseline -0.001 -13"><span class='ocrx_word' id='word_1_251' title='bbox 388 1916 506 1967; x_wconf 89' lang='lat' dir='ltr'>Atqui</span> <span class='ocrx_word' id='word_1_252' title='bbox 531 1928 579 1954; x_wconf 85' lang='lat' dir='ltr'>ex</span> <span class='ocrx_word' id='word_1_253' title='bbox 606 1917 663 1954; x_wconf 90' lang='lat' dir='ltr'>eis</span> <span class='ocrx_word' id='word_1_254' title='bbox 690 1917 788 1966; x_wconf 88' lang='lat' dir='ltr'>ipsis</span> <span class='ocrx_word' id='word_1_255' title='bbox 810 1915 940 1965; x_wconf 78' lang='lat' dir='ltr'>rebus,</span> <span class='ocrx_word' id='word_1_256' title='bbox 968 1927 1065 1966; x_wconf 87' lang='lat' dir='ltr'>quas</span> <span class='ocrx_word' id='word_1_257' title='bbox 1087 1915 1223 1954; x_wconf 80' lang='lat' dir='ltr'>Liuius</span> <span class='ocrx_word' id='word_1_258' title='bbox 1244 1914 1401 1966; x_wconf 83' lang='lat' dir='ltr'>Polybio</span> <span class='ocrx_word' id='word_1_259' title='bbox 1423 1915 1603 1965; x_wconf 84' lang='lat' dir='ltr'>inseruit,</span> <span class='ocrx_word' id='word_1_260' title='bbox 1630 1927 1724 1953; x_wconf 89' lang='lat' dir='ltr'>casu</span> <span class='ocrx_word' id='word_1_261' title='bbox 1744 1927 1838 1965; x_wconf 93' lang='lat' dir='ltr'>quo-</span> 
     </span>
     <span class='ocr_line' id='line_1_28' title="bbox 300 1979 1840 2032; baseline -0.001 -12"><span class='ocrx_word' id='word_1_262' title='bbox 300 1981 388 2020; x_wconf 86' lang='lat' dir='ltr'>dam</span> <span class='ocrx_word' id='word_1_263' title='bbox 415 1982 591 2031; x_wconf 81' lang='lat' dir='ltr'>contigit,</span> <span class='ocrx_word' id='word_1_264' title='bbox 619 1986 663 2019; x_wconf 91' lang='lat' dir='ltr'>ut</span> <span class='ocrx_word' id='word_1_265' title='bbox 683 1980 870 2032; x_wconf 88' lang='lat' dir='ltr'>quasdam</span> <span class='ocrx_word' id='word_1_266' title='bbox 892 1993 939 2019; x_wconf 83' lang='lat' dir='ltr'>ex</span> <span class='ocrx_word' id='word_1_267' title='bbox 961 1980 1091 2019; x_wconf 90' lang='lat' dir='ltr'>Coelio</span> <span class='ocrx_word' id='word_1_268' title='bbox 1120 1986 1295 2031; x_wconf 87' lang='lat' dir='ltr'>sumptas</span> <span class='ocrx_word' id='word_1_269' title='bbox 1317 1992 1406 2019; x_wconf 89' lang='lat' dir='ltr'>esse</span> <span class='ocrx_word' id='word_1_270' title='bbox 1428 1984 1673 2031; x_wconf 86' lang='lat' dir='ltr'>compertum</span> <span class='ocrx_word' id='word_1_271' title='bbox 1698 1979 1840 2018; x_wconf 89' lang='lat' dir='ltr'>habea-</span> 
     </span>
     <span class='ocr_line' id='line_1_29' title="bbox 298 2042 1839 2100; baseline 0 -16"><span class='ocrx_word' id='word_1_272' title='bbox 298 2059 386 2085; x_wconf 89' lang='lat' dir='ltr'>mus</span> <span class='ocrx_word' id='word_1_273' title='bbox 409 2042 475 2100; x_wconf 77' lang='lat' dir='ltr'>(fr.</span> <span class='ocrx_word' id='word_1_274' title='bbox 502 2043 566 2085; x_wconf 87' lang='lat'>19.</span> <span class='ocrx_word' id='word_1_275' title='bbox 589 2043 646 2084; x_wconf 79' lang='lat'>20</span> <span class='ocrx_word' id='word_1_276' title='bbox 667 2058 699 2084; x_wconf 94' lang='grc'>6.</span> <span class='ocrx_word' id='word_1_277' title='bbox 721 2042 884 2100; x_wconf 64' lang='lat' dir='ltr'>adnot).</span> <span class='ocrx_word' id='word_1_278' title='bbox 925 2045 1030 2085; x_wconf 90' lang='lat' dir='ltr'>haud</span> <span class='ocrx_word' id='word_1_279' title='bbox 1058 2045 1284 2085; x_wconf 82' lang='lat' dir='ltr'>dubitanter</span> <span class='ocrx_word' id='word_1_280' title='bbox 1309 2047 1431 2096; x_wconf 85' lang='lat' dir='ltr'>igitur</span> <span class='ocrx_word' id='word_1_281' title='bbox 1457 2057 1556 2097; x_wconf 88' lang='lat' dir='ltr'>quae</span> <span class='ocrx_word' id='word_1_282' title='bbox 1577 2045 1741 2084; x_wconf 87' lang='lat' dir='ltr'>Liuiana</span> <span class='ocrx_word' id='word_1_283' title='bbox 1761 2058 1839 2084; x_wconf 93' lang='lat' dir='ltr'>non</span> 
     </span>
    </p>
   </div>
   <div class='ocr_carea' id='block_1_3' title="bbox 297 2141 1840 2880">
    <p class='ocr_par' dir='ltr' id='par_1_4' title="bbox 297 2141 1840 2453">
     <span class='ocr_line' id='line_1_30' title="bbox 396 2141 1839 2191; baseline -0.001 -14"><span class='ocrx_word' id='word_1_284' title='bbox 396 2144 429 2186; x_wconf 85' lang='lat'>1&gt;</span> <span class='ocrx_word' id='word_1_285' title='bbox 456 2142 604 2187; x_wconf 83' lang='lat' dir='ltr'>Scripta</span> <span class='ocrx_word' id='word_1_286' title='bbox 625 2141 789 2176; x_wconf 88' lang='lat' dir='ltr'>uirorum</span> <span class='ocrx_word' id='word_1_287' title='bbox 811 2143 1006 2177; x_wconf 88' lang='lat' dir='ltr'>doctorum</span> <span class='ocrx_word' id='word_1_288' title='bbox 1027 2141 1161 2183; x_wconf 79' lang='lat' dir='ltr'>omnia,</span> <span class='ocrx_word' id='word_1_289' title='bbox 1184 2141 1318 2191; x_wconf 81' lang='lat' dir='ltr'>quibus</span> <span class='ocrx_word' id='word_1_290' title='bbox 1335 2141 1379 2175; x_wconf 87' lang='lat' dir='ltr'>de</span> <span class='ocrx_word' id='word_1_291' title='bbox 1395 2142 1465 2176; x_wconf 85' lang='lat' dir='ltr'>hac</span> <span class='ocrx_word' id='word_1_292' title='bbox 1480 2141 1700 2186; x_wconf 70' lang='lat' dir='ltr'>quaestione</span> <span class='ocrx_word' id='word_1_293' title='bbox 1714 2142 1839 2176; x_wconf 87' lang='lat' dir='ltr'>actum</span> 
     </span>
     <span class='ocr_line' id='line_1_31' title="bbox 298 2194 1840 2240; baseline -0.001 -10"><span class='ocrx_word' id='word_1_294' title='bbox 298 2198 365 2239; x_wconf 84' lang='lat' dir='ltr'>est,</span> <span class='ocrx_word' id='word_1_295' title='bbox 393 2196 597 2240; x_wconf 79' lang='lat' dir='ltr'>Kromayer</span> <span class='ocrx_word' id='word_1_296' title='bbox 616 2195 640 2230; x_wconf 92' lang='grc'>1.</span> <span class='ocrx_word' id='word_1_297' title='bbox 662 2207 688 2229; x_wconf 93' lang='grc'><strong>5.</strong></span> <span class='ocrx_word' id='word_1_298' title='bbox 710 2208 745 2240; x_wconf 87' lang='lat' dir='ltr'>p.</span> <span class='ocrx_word' id='word_1_299' title='bbox 765 2199 949 2230; x_wconf 81' lang='lat'>148—150</span> <span class='ocrx_word' id='word_1_300' title='bbox 977 2194 1222 2238; x_wconf 75' lang='lat' dir='ltr'>enumeranit,</span> <span class='ocrx_word' id='word_1_301' title='bbox 1249 2205 1406 2239; x_wconf 89' lang='lat' dir='ltr'>quorum</span> <span class='ocrx_word' id='word_1_302' title='bbox 1432 2195 1732 2238; x_wconf 80' lang='lat' dir='ltr'>quattuordecim</span> <span class='ocrx_word' id='word_1_303' title='bbox 1753 2205 1840 2229; x_wconf 85' lang='lat' dir='ltr'>cau-</span> 
     </span>
     <span class='ocr_line' id='line_1_32' title="bbox 299 2248 1839 2294; baseline -0.001 -10"><span class='ocrx_word' id='word_1_304' title='bbox 299 2261 379 2284; x_wconf 84' lang='lat' dir='ltr'>sam</span> <span class='ocrx_word' id='word_1_305' title='bbox 410 2250 549 2284; x_wconf 88' lang='lat' dir='ltr'>montis</span> <span class='ocrx_word' id='word_1_306' title='bbox 576 2249 780 2294; x_wconf 77' lang='lat' dir='ltr'>colognola</span> <span class='ocrx_word' id='word_1_307' title='bbox 813 2251 1073 2294; x_wconf 83' lang='lat' dir='ltr'>susceperunt,</span> <span class='ocrx_word' id='word_1_308' title='bbox 1107 2249 1263 2293; x_wconf 84' lang='lat' dir='ltr'>triginta</span> <span class='ocrx_word' id='word_1_309' title='bbox 1295 2248 1368 2282; x_wconf 84' lang='lat' dir='ltr'>duo</span> <span class='ocrx_word' id='word_1_310' title='bbox 1396 2259 1495 2291; x_wconf 80' lang='lat' dir='ltr'>eam,</span> <span class='ocrx_word' id='word_1_311' title='bbox 1530 2249 1633 2283; x_wconf 89' lang='lat' dir='ltr'>cuius</span> <span class='ocrx_word' id='word_1_312' title='bbox 1659 2250 1839 2292; x_wconf 85' lang='lat' dir='ltr'>patronus</span> 
     </span>
     <span class='ocr_line' id='line_1_33' title="bbox 298 2301 1840 2348; baseline -0.001 -11"><span class='ocrx_word' id='word_1_313' title='bbox 298 2303 435 2338; x_wconf 87' lang='lat' dir='ltr'>Nissen</span> <span class='ocrx_word' id='word_1_314' title='bbox 462 2302 607 2337; x_wconf 79' lang='lat' dir='ltr'>exstitit</span> <span class='ocrx_word' id='word_1_315' title='bbox 626 2305 755 2348; x_wconf 86' lang='lat' dir='ltr'>(prope</span> <span class='ocrx_word' id='word_1_316' title='bbox 775 2302 902 2336; x_wconf 89' lang='lat' dir='ltr'>uicum</span> <span class='ocrx_word' id='word_1_317' title='bbox 923 2302 1071 2346; x_wconf 81' lang='lat' dir='ltr'>Tuom),</span> <span class='ocrx_word' id='word_1_318' title='bbox 1099 2313 1163 2337; x_wconf 83' lang='lat' dir='ltr'>sex</span> <span class='ocrx_word' id='word_1_319' title='bbox 1181 2302 1220 2336; x_wconf 86' lang='lat' dir='ltr'>in</span> <span class='ocrx_word' id='word_1_320' title='bbox 1244 2302 1413 2337; x_wconf 86' lang='lat' dir='ltr'>diuersas</span> <span class='ocrx_word' id='word_1_321' title='bbox 1439 2303 1566 2346; x_wconf 86' lang='lat' dir='ltr'>partes</span> <span class='ocrx_word' id='word_1_322' title='bbox 1587 2302 1760 2336; x_wconf 84' lang='lat' dir='ltr'>abierunt</span> <span class='ocrx_word' id='word_1_323' title='bbox 1778 2301 1840 2336; x_wconf 86' lang='lat' dir='ltr'>uel</span> 
     </span>
     <span class='ocr_line' id='line_1_34' title="bbox 299 2354 1839 2401; baseline -0.001 -11"><span class='ocrx_word' id='word_1_324' title='bbox 299 2356 344 2390; x_wconf 88' lang='lat' dir='ltr'>de</span> <span class='ocrx_word' id='word_1_325' title='bbox 371 2357 472 2390; x_wconf 87' lang='lat' dir='ltr'>certo</span> <span class='ocrx_word' id='word_1_326' title='bbox 498 2356 579 2391; x_wconf 92' lang='grc'><strong>1060</strong></span> <span class='ocrx_word' id='word_1_327' title='bbox 607 2356 913 2401; x_wconf 80' lang='lat' dir='ltr'>desperauerunt3</span> <span class='ocrx_word' id='word_1_328' title='bbox 942 2357 1092 2400; x_wconf 83' lang='lat' dir='ltr'>praeter</span> <span class='ocrx_word' id='word_1_329' title='bbox 1118 2366 1225 2390; x_wconf 86' lang='lat' dir='ltr'>suam</span> <span class='ocrx_word' id='word_1_330' title='bbox 1251 2355 1415 2399; x_wconf 87' lang='lat' dir='ltr'>quinque</span> <span class='ocrx_word' id='word_1_331' title='bbox 1441 2354 1582 2389; x_wconf 87' lang='lat' dir='ltr'>tabulis</span> <span class='ocrx_word' id='word_1_332' title='bbox 1608 2354 1757 2389; x_wconf 84' lang='lat' dir='ltr'>tabulas</span> <span class='ocrx_word' id='word_1_333' title='bbox 1785 2355 1839 2389; x_wconf 82' lang='lat' dir='ltr'>di-</span> 
     </span>
     <span class='ocr_line' id='line_1_35' title="bbox 297 2408 992 2453; baseline -0.001 -10"><span class='ocrx_word' id='word_1_334' title='bbox 297 2420 487 2444; x_wconf 81' lang='lat' dir='ltr'>versarum</span> <span class='ocrx_word' id='word_1_335' title='bbox 516 2409 785 2444; x_wconf 82' lang='lat' dir='ltr'>sententiarum</span> <span class='ocrx_word' id='word_1_336' title='bbox 814 2408 992 2453; x_wconf 85' lang='lat' dir='ltr'>depinxit.</span> 
     </span>
    </p>

    <p class='ocr_par' dir='ltr' id='par_1_5' title="bbox 298 2460 1840 2773">
     <span class='ocr_line' id='line_1_36' title="bbox 395 2460 1839 2507; baseline -0.001 -11"><span class='ocrx_word' id='word_1_337' title='bbox 395 2464 429 2507; x_wconf 82' lang='lat'>2&gt;</span> <span class='ocrx_word' id='word_1_338' title='bbox 456 2463 581 2507; x_wconf 85' lang='lat' dir='ltr'>Longe</span> <span class='ocrx_word' id='word_1_339' title='bbox 608 2462 684 2496; x_wconf 79' lang='lat' dir='ltr'>alia</span> <span class='ocrx_word' id='word_1_340' title='bbox 709 2462 855 2496; x_wconf 83' lang='lat' dir='ltr'>ratione</span> <span class='ocrx_word' id='word_1_341' title='bbox 876 2461 1081 2497; x_wconf 82' lang='lat' dir='ltr'>Kahrstedt</span> <span class='ocrx_word' id='word_1_342' title='bbox 1100 2461 1123 2496; x_wconf 93' lang='lat' dir='ltr'>l.</span> <span class='ocrx_word' id='word_1_343' title='bbox 1146 2473 1172 2496; x_wconf 86' lang='grc'><strong>5.</strong></span> <span class='ocrx_word' id='word_1_344' title='bbox 1194 2473 1228 2506; x_wconf 90' lang='lat' dir='ltr'>p.</span> <span class='ocrx_word' id='word_1_345' title='bbox 1247 2465 1311 2496; x_wconf 85' lang='lat'>191</span> <span class='ocrx_word' id='word_1_346' title='bbox 1326 2473 1378 2506; x_wconf 86' lang='lat' dir='ltr'>sq.</span> <span class='ocrx_word' id='word_1_347' title='bbox 1406 2462 1445 2495; x_wconf 90' lang='grc'>111</span> <span class='ocrx_word' id='word_1_348' title='bbox 1465 2461 1535 2495; x_wconf 86' lang='grc'><strong>1136</strong></span> <span class='ocrx_word' id='word_1_349' title='bbox 1554 2473 1682 2506; x_wconf 86' lang='lat' dir='ltr'>pugna</span> <span class='ocrx_word' id='word_1_350' title='bbox 1702 2460 1839 2496; x_wconf 87' lang='lat' dir='ltr'>descri-</span> 
     </span>
     <span class='ocr_line' id='line_1_37' title="bbox 298 2514 1839 2559; baseline -0.001 -9"><span class='ocrx_word' id='word_1_351' title='bbox 298 2516 423 2550; x_wconf 86' lang='lat' dir='ltr'>benda</span> <span class='ocrx_word' id='word_1_352' title='bbox 442 2515 598 2559; x_wconf 82' lang='lat' dir='ltr'>Polybio</span> <span class='ocrx_word' id='word_1_353' title='bbox 619 2515 767 2550; x_wconf 88' lang='lat' dir='ltr'>Liuium</span> <span class='ocrx_word' id='word_1_354' title='bbox 793 2515 960 2550; x_wconf 88' lang='lat' dir='ltr'>nondum</span> <span class='ocrx_word' id='word_1_355' title='bbox 984 2526 1091 2549; x_wconf 88' lang='lat' dir='ltr'>usum</span> <span class='ocrx_word' id='word_1_356' title='bbox 1112 2526 1191 2549; x_wconf 85' lang='lat' dir='ltr'>esse</span> <span class='ocrx_word' id='word_1_357' title='bbox 1212 2515 1278 2549; x_wconf 85' lang='lat' dir='ltr'>sed</span> <span class='ocrx_word' id='word_1_358' title='bbox 1297 2514 1514 2550; x_wconf 78' lang='lat' dir='ltr'>memoriam</span> <span class='ocrx_word' id='word_1_359' title='bbox 1534 2525 1639 2548; x_wconf 85' lang='lat' dir='ltr'>suam</span> <span class='ocrx_word' id='word_1_360' title='bbox 1660 2526 1703 2548; x_wconf 83' lang='lat' dir='ltr'>ex</span> <span class='ocrx_word' id='word_1_361' title='bbox 1725 2525 1839 2549; x_wconf 83' lang='lat' dir='ltr'>anna-</span> 
     </span>
     <span class='ocr_line' id='line_1_38' title="bbox 298 2568 1840 2613; baseline -0.001 -10"><span class='ocrx_word' id='word_1_362' title='bbox 298 2569 397 2603; x_wconf 80' lang='lat' dir='ltr'>libus</span> <span class='ocrx_word' id='word_1_363' title='bbox 419 2570 456 2603; x_wconf 87' lang='lat' dir='ltr'>et</span> <span class='ocrx_word' id='word_1_364' title='bbox 476 2570 626 2603; x_wconf 85' lang='lat' dir='ltr'>auctore</span> <span class='ocrx_word' id='word_1_365' title='bbox 649 2568 961 2613; x_wconf 71' lang='lat' dir='ltr'>Carthaginiensi,</span> <span class='ocrx_word' id='word_1_366' title='bbox 989 2568 1054 2612; x_wconf 88' lang='lat' dir='ltr'>qui</span> <span class='ocrx_word' id='word_1_367' title='bbox 1073 2568 1225 2612; x_wconf 86' lang='lat' dir='ltr'>quidem</span> <span class='ocrx_word' id='word_1_368' title='bbox 1244 2568 1423 2603; x_wconf 84' lang='lat' dir='ltr'>maiorem</span> <span class='ocrx_word' id='word_1_369' title='bbox 1444 2568 1477 2602; x_wconf 91' lang='lat' dir='ltr'>ei</span> <span class='ocrx_word' id='word_1_370' title='bbox 1499 2568 1676 2602; x_wconf 85' lang='lat' dir='ltr'>materiae</span> <span class='ocrx_word' id='word_1_371' title='bbox 1694 2569 1840 2612; x_wconf 84' lang='lat' dir='ltr'>partem</span> 
     </span>
     <span class='ocr_line' id='line_1_39' title="bbox 298 2620 1838 2667; baseline -0.001 -11"><span class='ocrx_word' id='word_1_372' title='bbox 298 2621 550 2667; x_wconf 76' lang='lat' dir='ltr'>praebuisset,</span> <span class='ocrx_word' id='word_1_373' title='bbox 578 2622 870 2656; x_wconf 77' lang='lat' dir='ltr'>contaminatam</span> <span class='ocrx_word' id='word_1_374' title='bbox 895 2621 1020 2656; x_wconf 89' lang='lat' dir='ltr'>Coelio</span> <span class='ocrx_word' id='word_1_375' title='bbox 1048 2621 1193 2663; x_wconf 82' lang='lat' dir='ltr'>debere,</span> <span class='ocrx_word' id='word_1_376' title='bbox 1222 2632 1335 2666; x_wconf 86' lang='lat' dir='ltr'>quam</span> <span class='ocrx_word' id='word_1_377' title='bbox 1360 2621 1458 2655; x_wconf 88' lang='lat' dir='ltr'>nihil</span> <span class='ocrx_word' id='word_1_378' title='bbox 1484 2620 1584 2655; x_wconf 84' lang='lat' dir='ltr'>aliud</span> <span class='ocrx_word' id='word_1_379' title='bbox 1613 2631 1726 2665; x_wconf 84' lang='lat' dir='ltr'>quam</span> <span class='ocrx_word' id='word_1_380' title='bbox 1747 2621 1838 2655; x_wconf 87' lang='lat' dir='ltr'>scite</span> 
     </span>
     <span class='ocr_line' id='line_1_40' title="bbox 300 2673 1838 2720; baseline -0.001 -11"><span class='ocrx_word' id='word_1_381' title='bbox 300 2677 336 2710; x_wconf 89' lang='lat' dir='ltr'>et</span> <span class='ocrx_word' id='word_1_382' title='bbox 356 2675 562 2709; x_wconf 82' lang='lat' dir='ltr'>dramatice</span> <span class='ocrx_word' id='word_1_383' title='bbox 583 2675 826 2720; x_wconf 79' lang='lat' dir='ltr'>exposuisset.</span> <span class='ocrx_word' id='word_1_384' title='bbox 860 2676 899 2709; x_wconf 86' lang='lat' dir='ltr'>at</span> <span class='ocrx_word' id='word_1_385' title='bbox 913 2674 979 2719; x_wconf 88' lang='lat' dir='ltr'>qui</span> <span class='ocrx_word' id='word_1_386' title='bbox 997 2675 1075 2709; x_wconf 85' lang='lat' dir='ltr'>arte</span> <span class='ocrx_word' id='word_1_387' title='bbox 1091 2675 1373 2709; x_wconf 82' lang='lat' dir='ltr'>contaminandi</span> <span class='ocrx_word' id='word_1_388' title='bbox 1388 2674 1504 2709; x_wconf 88' lang='lat' dir='ltr'>Coelii</span> <span class='ocrx_word' id='word_1_389' title='bbox 1518 2674 1666 2709; x_wconf 84' lang='lat' dir='ltr'>Liuium</span> <span class='ocrx_word' id='word_1_390' title='bbox 1687 2673 1838 2720; x_wconf 80' lang='lat' dir='ltr'>spoliat,</span> 
     </span>
     <span class='ocr_line' id='line_1_41' title="bbox 299 2728 1158 2773; baseline -0.001 -10"><span class='ocrx_word' id='word_1_391' title='bbox 299 2740 366 2773; x_wconf 91' lang='lat' dir='ltr'>pro</span> <span class='ocrx_word' id='word_1_392' title='bbox 392 2739 431 2763; x_wconf 87' lang='lat' dir='ltr'>re</span> <span class='ocrx_word' id='word_1_393' title='bbox 457 2730 559 2763; x_wconf 84' lang='lat' dir='ltr'>certa</span> <span class='ocrx_word' id='word_1_394' title='bbox 584 2739 704 2773; x_wconf 84' lang='lat' dir='ltr'>paene</span> <span class='ocrx_word' id='word_1_395' title='bbox 730 2729 927 2763; x_wconf 85' lang='lat' dir='ltr'>obscuram</span> <span class='ocrx_word' id='word_1_396' title='bbox 953 2728 1158 2762; x_wconf 84' lang='lat' dir='ltr'>substituit.</span> 
     </span>
    </p>

    <p class='ocr_par' dir='ltr' id='par_1_6' title="bbox 299 2779 1838 2880">
     <span class='ocr_line' id='line_1_42' title="bbox 396 2779 1838 2826; baseline 0 -11"><span class='ocrx_word' id='word_1_397' title='bbox 396 2784 431 2826; x_wconf 84' lang='lat'>3)</span> <span class='ocrx_word' id='word_1_398' title='bbox 456 2782 498 2815; x_wconf 88' lang='lat' dir='ltr'>In</span> <span class='ocrx_word' id='word_1_399' title='bbox 530 2781 599 2816; x_wconf 86' lang='grc'><strong>1136</strong></span> <span class='ocrx_word' id='word_1_400' title='bbox 632 2793 671 2816; x_wconf 82' lang='grc'>16</span> <span class='ocrx_word' id='word_1_401' title='bbox 704 2781 797 2816; x_wconf 85' lang='lat' dir='ltr'>facit</span> <span class='ocrx_word' id='word_1_402' title='bbox 829 2793 910 2816; x_wconf 90' lang='lat' dir='ltr'>cum</span> <span class='ocrx_word' id='word_1_403' title='bbox 941 2781 1048 2816; x_wconf 87' lang='lat' dir='ltr'>Liuio</span> <span class='ocrx_word' id='word_1_404' title='bbox 1075 2781 1237 2816; x_wconf 87' lang='lat' dir='ltr'>Zonaras</span> <span class='ocrx_word' id='word_1_405' title='bbox 1259 2785 1291 2824; x_wconf 86' lang='grc'>8,</span> <span class='ocrx_word' id='word_1_406' title='bbox 1307 2785 1350 2815; x_wconf 82' lang='grc'>25</span> <span class='ocrx_word' id='word_1_407' title='bbox 1378 2781 1437 2816; x_wconf 79' lang='grc' dir='ltr'>ἐπὶ</span> <span class='ocrx_word' id='word_1_408' title='bbox 1463 2782 1646 2825; x_wconf 80' lang='grc' dir='ltr'><em>μετεώρου</em></span> <span class='ocrx_word' id='word_1_409' title='bbox 1673 2781 1739 2815; x_wconf 83' lang='grc' dir='ltr'>σὺν</span> <span class='ocrx_word' id='word_1_410' title='bbox 1766 2779 1838 2815; x_wconf 79' lang='grc' dir='ltr'><strong><em>ὀλί-</em></strong></span> 
     </span>
     <span class='ocr_line' id='line_1_43' title="bbox 299 2834 1186 2880; baseline 0 -11"><span class='ocrx_word' id='word_1_411' title='bbox 299 2849 381 2880; x_wconf 81' lang='grc' dir='ltr'><em>γοις</em></span> <span class='ocrx_word' id='word_1_412' title='bbox 406 2835 520 2870; x_wconf 80' lang='grc' dir='ltr'><em>αὐτὸν</em></span> <span class='ocrx_word' id='word_1_413' title='bbox 547 2835 638 2870; x_wconf 77' lang='grc' dir='ltr'><em>ἰδών</em></span> <span class='ocrx_word' id='word_1_414' title='bbox 664 2835 884 2880; x_wconf 79' lang='lat' dir='ltr'>(Flaminius</span> <span class='ocrx_word' id='word_1_415' title='bbox 910 2834 1186 2879; x_wconf 76' lang='lat' dir='ltr'>Hannibalem).</span> 
     </span>
    </p>
   </div>
   <div class='ocr_carea' id='block_1_4' title="bbox 474 2117 589 2119">
    <p class='ocr_par' dir='ltr' id='par_1_7' title="bbox 474 2117 589 2119">
     <span class='ocr_line' id='line_1_44' title="bbox 474 2117 589 2119; baseline 0 0"><span class='ocrx_word' id='word_1_416' title='bbox 474 2117 589 2119; x_wconf 95' lang='lat' dir='ltr'> </span> 
     </span>
    </p>
   </div>
   <div class='ocr_carea' id='block_1_5' title="bbox 1948 0 2002 3342">
    <p class='ocr_par' dir='ltr' id='par_1_8' title="bbox 1948 0 2002 3342">
     <span class='ocr_line' id='line_1_45' title="bbox 1948 0 2002 3342; baseline 0 0"><span class='ocrx_word' id='word_1_417' title='bbox 1948 0 2002 3342; x_wconf 95' lang='lat' dir='ltr'> </span> 
     </span>
    </p>
   </div>
  </div>
 </body>
</html>
