2002 3342
608 175 644 208 L.
667 174 934 209 CORNELIVS
962 175 1166 210 SISENNA
1487 191 1652 221 CCCXLI

209 285 262 324 De
300 286 487 324 Sisennae
527 285 629 324 l'ide
666 287 836 324 auctoris
874 286 1174 338 locupletissimi
1211 290 1481 327 testimouium
1515 295 1652 340 exstat,

120 350 307 402 Sallustii,
334 352 401 402 qui
428 353 466 389 in
495 351 596 389 hello
618 351 792 401 Iugurth.
815 348 938 403 95,“.),
965 352 1068 402 quod
1092 352 1137 390 de
1159 353 1288 392 Sullae
1309 359 1446 392 natura
1476 355 1650 405 ingenio-

120 428 194 466 que
221 429 344 467 pauca
370 418 633 467 proposuerit,
661 418 712 455 ita
741 423 916 456 excusat:
944 419 1082 465 Neque
1107 421 1210 457 enim
1236 421 1316 458 allo
1337 422 1423 458 loco
1445 421 1494 458 de
1516 421 1652 459 Sullae

118 483 238 520 rebus
266 484 419 520 dicturi
443 494 588 532 sumus,
617 488 653 520 el
678 483 721 520 L.
744 483 951 521 Sisenna
972 488 1159 532 optume
1180 489 1227 522 et
1254 485 1651 531 diliyentlssume

118 550 320 585 omnium
349 550 430 595 qui
449 559 529 586 eas
556 560 633 586 res
654 549 828 586 differe
849 554 1142 596 persecutus
1160 560 1336 597 parum
1357 552 1473 589 milei
1492 552 1651 589 libero

117 624 200 650 ore
220 615 413 651 locutus
435 609 680 664 uldetn7·.¹)
722 612 895 651 laudauit
915 614 1036 663 igitur
1057 614 1245 651 Sisennae
1273 620 1395 652 artem
1424 621 1538 665 atque
1565 615 1649 653 dili—

117 678 288 726 gentiam
316 682 430 727 atque
459 679 541 728 ipse
569 690 657 715 eum
686 679 861 715 imitatus
883 683 953 728 est,
980 678 1019 715 id
1041 677 1144 728 quod
1166 678 1395 728 fragmentis
1417 682 1649 731 rmnparatis

115 741 362 781 Woelstlinus
382 741 482 780 uidit
504 738 701 795 (Literar.
729 744 944 782 Centralbl.
970 740 1075 781 1871
1102 756 1138 794 p.
1155 741 1252 782 276.
1280 743 1359 782 uid.
1382 744 1467 782 adn.
1490 745 1536 783 ad
1558 744 1592 784 7.
1612 745 1649 785 8.

116 804 211 861 21);
238 819 327 846 uam
356 813 393 845 et
420 807 642 846 leuissimas
664 820 838 858 quasque
868 820 930 846 res
951 813 1132 847 accurate
1156 815 1388 859 persecutus
1410 810 1543 848 uerbis
1571 824 1649 849 uon

115 874 291 923 pepercit
313 878 351 911 et
373 872 733 911 diuersissimarum
758 886 888 911 rerum
912 879 1092 924 correpta
1114 875 1305 913 uarietate
1327 874 1366 913 id
1387 877 1477 925 egit,
1505 881 1547 914 ut
1568 878 1648 914 ani-

114 950 198 975 mos
232 938 445 988 legentium
477 937 708 988 oblectaret„
742 938 1022 989 permulceret,
1052 938 1241 978 titillaret.
1281 941 1337 978 sic
1364 939 1648 990 Epicureorum

116 1002 161 1041 de
179 1003 236 1041 dis
252 1015 466 1054 eorumque
486 1015 619 1041 rerum
635 1003 894 1042 humanarum
912 1016 1004 1042 cura
1022 1003 1238 1042 doctrinam
1255 1007 1461 1055 proposuit
1476 1003 1648 1058 (s1·.123,

114 1068 160 1106 cf.
183 1068 331 1106 Seneca
354 1067 399 1106 de
421 1068 548 1107 henes.
571 1067 676 1119 4,4‚
696 1067 738 1122 1)
773 1068 1068 1120 disputauitque
1104 1067 1165 1108 ‘ab
1198 1069 1394 1120 Epicureo
1428 1070 1557 1122 aliquo
1589 1073 1648 1109 in-

114 1131 269 1172 ductus'
299 1139 433 1172 contra
461 1135 611 1172 somnia
646 1140 684 1172 et
710 1140 863 1172 ostenta
891 1131 958 1187 (fr.
980 1131 1026 1189 5)
1055 1140 1093 1173 et
1120 1133 1223 1173 idem
1257 1141 1418 1186 propter
1448 1136 1568 1174 uerha
1596 1136 1647 1174 la-

113 1200 221 1237 sciua
257 1198 538 1237 industriosius
575 1201 751 1250 quaesita
788 1199 976 1238 Frontoni
1012 1199 1160 1250 placuit
1195 1197 1328 1253 (epist.
1356 1200 1404 1239 ad
1431 1201 1539 1240 Caes.
1560 1199 1648 1252 4‚3

111 1276 146 1315 p.
163 1260 251 1317 62),
278 1263 382 1314 quod
410 1263 584 1302 studium
611 1264 796 1303 Aristidis
824 1266 1081 1316 interpretem
1110 1277 1186 1303 uon
1215 1267 1316 1304 intra
1338 1265 1535 1305 Milesiaca
1557 1279 1647 1305 con-

111 1330 275 1367 tinuisse
302 1329 504 1380 probabile
536 1325 652 1383 esst),
689 1329 757 1368 sed
785 1329 1002 1368 secundum
1030 1336 1155 1369 artem
1189 1332 1305 1369 etiam
1338 1331 1524 1370 historias
1557 1344 1647 1370 eum

113 1395 381 1445 composuisse
404 1395 634 1445 fragmentis
656 1396 878 1434 orationum
901 1397 956 1433 eis
978 1397 1215 1434 insertarum
1239 1391 1296 1448 (5.
1322 1393 1416 1435 109.
1438 1395 1531 1435 110.
1552 1395 1647 1435 112.

114 1457 216 1511 113)
244 1466 281 1498 et
309 1459 460 1498 duobus
488 1460 582 1498 loeis
611 1459 812 1498 Ciceronis
839 1462 1112 1513 confirmatur-3
1153 1473 1243 1499 nam
1270 1463 1402 1512 priore
1430 1459 1646 1514 (ss1·ut..64‚

111 1522 215 1576 2⁸28)
251 1524 472 1563 facultatem
509 1527 594 1563 eius
630 1527 840 1563 oratoriam
876 1538 921 1563 ex
960 1525 1123 1564 historia
1160 1527 1284 1576 ipsius
1321 1528 1494 1578 perspici
1530 1539 1646 1578 posse

110 1602 232 1640 eaque
255 1602 390 1628 ornnes
413 1592 638 1641 superiores
661 1592 785 1629 uictos
807 1603 893 1629 esse
917 1590 1041 1641 docet,
1069 1591 1190 1629 altero
1213 1588 1279 1644 (de
1295 1591 1392 1642 legg.
1412 1591 1446 1642 1,
1462 1590 1500 1642 2,
1517 1589 1561 1646 7)
1583 1594 1647 1630 At-

206 1719 238 1760 1)
267 1716 401 1750 Mirum
435 1721 489 1750 est
521 1717 621 1759 quod
649 1716 807 1750 Gerlach
830 1716 917 1751 Sall.
940 1716 1011 1750 uol.
1034 1717 1082 1751 ΠΙ
1102 1729 1135 1761 p.
1153 1721 1198 1752 48
1231 1717 1324 1751 haee
1351 1718 1467 1752 uerba
1494 1718 1547 1752 ita
1572 1729 1646 1752 non

106 1768 308 1811 intellexit,
335 1772 376 1803 ut
404 1769 621 1803 Sallustium
649 1770 687 1803 in
714 1769 880 1804 historiis
907 1770 1110 1804 scribendis
1137 1771 1176 1805 id
1204 1770 1324 1816 egisse
1352 1771 1578 1815 opinaretur,
1606 1774 1647 1805 ut

108 1821 283 1856 Sisennae
315 1822 450 1856 librum
479 1822 722 1857 continuaret.
764 1823 826 1857 sed
855 1823 946 1857 satis
973 1835 1057 1858 eum
1090 1825 1165 1858 iarn
1191 1824 1453 1858 refutauerunt
1478 1824 1581 1859 Kritz
1607 1825 1644 1859 in

107 1875 264 1920 praefat.
287 1876 334 1909 ad
357 1875 443 1909 Sall.
466 1876 508 1909 fr.
530 1875 631 1910 XVII
653 1879 690 1911 et
710 1876 847 1910 Linker
862 1875 948 1910 Sall.
966 1877 1051 1911 hist.
1067 1888 1228 1922 prooem.
1251 1889 1285 1921 p.
1304 1882 1355 1912 1-2.
1386 1899 1427 1903 —
1452 1877 1645 1912 Sisennam

107 1929 220 1963 etiam
248 1929 322 1963 alio
349 1929 430 1963 loco
458 1940 479 1963 a
507 1929 684 1963 Sallustio
711 1929 814 1964 Kritz
836 1930 976 1975 (histor.
1000 1930 1042 1964 fr.
1065 1931 1078 1964 Ι
1099 1931 1142 1965 fr.
1158 1936 1179 1965 4
1199 1944 1234 1976 p.
1251 1936 1281 1965 4.
1305 1936 1324 1965 2
1346 1943 1381 1976 p.
1398 1936 1417 1965 3
1433 1931 1496 1977 M.)
1529 1932 1645 1976 signi-

106 1982 258 2017 ficatum
285 1994 364 2017 esse
396 1983 558 2026 censuit,
592 1994 676 2017 cum
702 1983 802 2028 apud
830 1983 1039 2018 Charisium
1062 1988 1080 2018 2
1102 1997 1136 2029 p.
1154 1989 1221 2020 216
1236 1985 1276 2019 K.
1305 1996 1371 2029 pro
1397 1986 1510 2029 scrip,
1545 1986 1644 2029 quod

108 2038 164 2070 est
188 2036 226 2070 in
254 2036 390 2079 codice,
419 2036 608 2080 suppleret
632 2038 787 2081 scripsit.
828 2048 885 2071 res
912 2038 1036 2072 tamen
1063 2049 1213 2082 prorsus
1240 2039 1381 2072 ineerta
1407 2041 1472 2073 est.

202 2092 236 2134 2)
262 2089 307 2124 N.
330 2089 520 2131 Heinsius,
547 2089 587 2124 E.
609 2089 740 2125 Rohde
768 2091 836 2125 ΚΖ.
859 2090 958 2126 Schr.
980 2092 1077 2135 Hp.
1091 2094 1138 2126 30
1149 2103 1239 2135 sqq„
1267 2091 1409 2125 Schanz
1429 2091 1443 2125 Ι
1465 2091 1505 2125 2⁵
1524 2104 1559 2136 p.
1577 2096 1643 2125 116

106 2143 220 2177 etiam
239 2143 307 2177 hoc
330 2142 517 2177 distichon
533 2142 659 2177 Ouidii
676 2144 784 2187 (trist.
801 2145 924 2188 2‚443)
946 2144 993 2178 ad
1013 2143 1188 2179 historias
1204 2144 1381 2179 Sisennae
1401 2144 1643 2179 rettulerunt:

446 2197 557 2231 Vertit
584 2197 775 2231 Aristiden
802 2197 970 2239 Sisenna,
996 2209 1061 2233 nec
1086 2199 1205 2241 obfuit
1230 2199 1288 2233 illi

489 2250 663 2285 historiae
693 2255 815 2294 turpes
840 2251 1036 2285 inseruisse
1060 2252 1166 2286 iocos.

104 2302 251 2337 locutus
277 2305 403 2337 tamen
430 2306 484 2337 est
513 2303 550 2337 in
571 2303 695 2337 indice
717 2315 782 2338 suo
805 2304 850 2337 de
871 2303 960 2338 solis
980 2304 1114 2348 poetis,
1141 2305 1302 2349 primurn
1324 2306 1369 2339 de
1392 2305 1542 2339 Graecis
1563 2307 1643 2339 tum

106 2355 150 2390 de
177 2356 330 2399 Latinis,
357 2356 469 2400 idque
496 2357 560 2400 ita,
588 2358 630 2390 ut
655 2356 779 2390 Latini
807 2358 958 2392 Graecis
984 2359 1248 2402 respondeant,
1275 2359 1345 2393 hoc
1372 2358 1558 2393 distichon
1584 2358 1642 2392 his

109 2409 252 2443 duobus
281 2409 522 2444 Graecorum:

393 2465 514 2498 izinaeit
542 2464 725 2499 Aristides
752 2465 904 2499 Milesia
930 2466 1088 2500 erimina
1113 2477 1243 2508 secum,

430 2518 564 2560 pulsus
591 2517 773 2552 Aristides
798 2529 861 2552 nee
888 2522 1007 2552 tamen
1033 2519 1122 2553 urbe
1147 2530 1216 2553 sua
1242 2524 1303 2561 est,

391 2582 453 2604 nec
478 2571 541 2614 qui
566 2570 756 2614 descripsit
781 2573 968 2614 eorrumpi
992 2573 1130 2606 semina
1159 2577 1326 2614 matrum,

439 2623 595 2665 Eubius,
623 2624 791 2667 impurae
817 2624 982 2658 conditor
1007 2625 1190 2660 historiae.

103 2675 169 2708 ubi
190 2675 260 2709 etsi
281 2675 390 2719 quale
411 2675 521 2710 Eubii
543 2676 722 2711 historiae
742 2687 859 2721 genus
881 2676 1004 2720 fuerit,
1025 2678 1239 2722 ignoramus
1261 2679 1389 2723 (etiam
1410 2682 1495 2723 post
1515 2679 1554 2713 O.
1571 2679 1642 2712 Im-

104 2728 304 2762 mischium
324 2727 455 2763 Philol.
472 2728 584 2763 LXXI
598 2741 632 2773 p.
650 2732 840 2774 563—66),
858 2730 1026 2764 uersibus
1047 2733 1186 2775 tamen,
1210 2734 1250 2766 ut
1272 2732 1347 2766 alia
1366 2743 1461 2775 quae
1483 2731 1641 2767 Ouidius

106 2781 293 2815 recensuit
319 2792 443 2825 opera,
472 2782 677 2826 composita
703 2782 788 2825 fuit,
816 2783 990 2818 historias
1016 2785 1141 2818 autem
1169 2784 1308 2819 Seneca
1335 2797 1391 2830 ep.
1417 2789 1469 2827 13,
1485 2789 1504 2819 3
1521 2788 1603 2830 (88)⁷
1620 2788 1640 2819 3

105 2833 317 2868 fabularum
344 2835 521 2869 memoria
547 2835 719 2880 explicat.
