2002 3342
262 193 411 223 ccccx
599 179 661 213 DE
690 178 994 214 SCRIPTORVM
1021 178 1144 213 vrris
1171 179 1231 213 ET
1259 177 1465 213 SCRIPTIS

261 303 363 330 nem
391 291 414 329 l.
437 304 462 328 s.
488 304 535 342 s.,
563 303 680 341 quem
709 296 837 328 tamen
865 289 969 341 quod
996 289 1212 328 Mommsen
1240 286 1400 342 (Chron.
1422 303 1457 341 p.
1474 287 1528 328 95
1542 286 1618 343 sq.)
1645 292 1684 328 in
1712 292 1795 341 epi·

264 357 364 395 stula
398 356 445 394 ad
472 356 632 394 Pactum
660 356 746 393 fort.
775 352 889 393 a.46.
914 352 997 393 708
1033 354 1118 393 data
1147 350 1245 407 (uid.
1267 355 1352 393 adn.
1375 354 1421 393 ad
1443 350 1580 409 s1·.13)
1612 355 1794 394 consules

262 434 293 460 a.
311 419 409 458 443.
432 418 515 459 311
546 426 583 458 et
609 421 757 470 primos
785 432 971 458 censores
999 433 1029 458 a.
1058 421 1303 470 insequentis
1330 420 1487 458 haurire
1514 432 1591 457 non
1618 421 1793 470 potuisse

264 487 341 524 nisi
369 498 388 524 e
411 485 552 523 Licinii
578 485 794 523 mendaciis
821 485 1025 535 conclusit,
1053 498 1097 523 ea
1119 486 1344 523 coniectura
1366 484 1482 523 simul
1504 497 1592 523 cum
1615 486 1794 523 restituta

264 551 454 589 librorum
482 550 694 589 linteorum
722 551 952 589 auctoritate
982 549 1164 588 concidit.

353 616 408 654 Ex
437 617 682 666 insequentis
710 617 846 654 aetatis
879 614 1139 666 scriptoribus
1166 614 1302 654 Liuius
1329 620 1478 666 septem
1507 610 1572 668 (fr.
1591 611 1799 669 13—19),

264 681 472 732 Dionysius
500 693 567 719 sex
595 680 690 719 locis
713 676 779 734 (fr.
801 677 838 720 ἔ).
862 676 1027 733 8—12)
1054 681 1285 718 nominatim
1305 680 1500 718 Licinium
1520 680 1692 718 Macrum
1714 679 1796 718 lau-

266 746 419 797 darunt,
446 752 561 797 atque
582 746 647 784 liic
668 759 756 785 eum
779 747 819 784 in
840 745 1032 784 nobilium
1053 745 1331 783 historicorum
1346 744 1610 783 Romanorum
1632 757 1799 784 numero

264 812 397 863 posuit
421 807 478 864 (1,
496 808 572 862 7,3
601 809 642 849 οἱ
669 809 779 862 πρὸς
806 808 952 849 αὐτῶν
980 807 1289 861 ἐπαινούμενοι
1311 806 1561 863 Ῥωμαίων),
1588 822 1608 848 a
1630 822 1796 860 quorum

265 876 433 915 lectione
461 878 501 914 in
529 875 738 914 scribendo
766 877 851 927 ipse
879 876 1081 926 profectus
1106 881 1220 914 esset.
1260 874 1361 926 apud
1382 875 1567 914 Liuium
1594 887 1690 914 uero
1712 876 1797 914 eius

265 954 360 980 usus
392 943 519 992 prima
554 940 697 979 decade
732 942 972 991 continetur,
1003 942 1042 978 in
1076 942 1188 979 cuius
1221 940 1332 978 libris
1368 940 1460 979 solis
1493 940 1550 978 IV.
1572 940 1648 979 VII.
1675 939 1737 978 IX.
1764 939 1798 978 X

266 1008 350 1045 eius
376 1007 524 1044 mentio
552 1006 651 1044 facta
686 1012 755 1045 est.
797 1007 1011 1057 quaeritur,
1038 1018 1133 1044 num
1161 1007 1277 1044 etiam
1305 1005 1391 1044 aliis
1418 1005 1514 1044 locis
1541 1018 1630 1044 eum
1657 1018 1799 1044 consu-

266 1071 396 1110 luerit.
436 1071 504 1109 sed
527 1073 748 1110 accuratius
768 1072 809 1109 in
832 1084 917 1109 eam
940 1083 1023 1109 rem
1045 1072 1246 1122 inquirere
1267 1084 1345 1109 non
1367 1076 1426 1110 est
1444 1071 1562 1110 huius
1584 1071 1669 1109 loci.
1708 1083 1798 1109 nam

266 1139 341 1176 etsi
357 1136 515 1175 Nitzsch
531 1133 697 1188 (Amzctl.
715 1150 749 1187 p.
763 1134 845 1176 26?
864 1149 946 1187 sqq.
963 1134 1045 1174 351
1062 1132 1165 1189 sqq.)
1182 1141 1220 1174 et
1234 1136 1368 1175 Soltau
1384 1133 1593 1189 (Fleckeis.
1607 1148 1693 1174 ann.
1708 1135 1800 1174 CLV

264 1215 302 1253 p.
317 1199 402 1240 409
416 1215 498 1252 sqq.
526 1202 666 1240 Livius
692 1214 728 1252 p.
747 1199 831 1240 104
844 1214 926 1252 sqq.
949 1198 1034 1240 209
1047 1197 1123 1254 sq.)
1158 1214 1177 1240 a
1211 1201 1379 1240 diuersis
1412 1202 1535 1240 initiis
1568 1203 1698 1240 exorsi
1729 1213 1801 1252 per

266 1273 387 1306 totam
414 1278 536 1317 paene
560 1265 746 1305 decadem
768 1262 854 1317 (lib.
875 1263 1023 1320 II—X)
1049 1267 1215 1317 uestigia
1237 1266 1379 1304 Licinii
1400 1266 1617 1305 manufesta
1638 1278 1659 1304 a
1679 1278 1720 1305 se
1742 1267 1801 1304 in-

267 1332 402 1383 dagata
431 1344 517 1370 esse
551 1336 808 1382 putauerunt,
841 1333 895 1370 ita
920 1337 963 1370 ut
993 1331 1057 1370 ille
1084 1344 1162 1370 non
1190 1331 1316 1370 solum
1343 1337 1471 1370 certas
1499 1331 1685 1382 quasdam
1712 1343 1800 1382 par-

266 1397 406 1436 ticulas
428 1392 491 1450 (ut
510 1395 549 1447 2,
565 1393 759 1450 29—33)
783 1409 828 1435 ex
853 1409 898 1435 eo
921 1396 1134 1435 deduceret
1154 1396 1223 1435 sed
1244 1398 1361 1435 etiam
1388 1409 1460 1448 per
1480 1398 1648 1435 maiores
1668 1402 1805 1447 partes

267 1465 353 1501 eius
380 1462 540 1501 annales
569 1461 731 1501 subesse
760 1467 963 1513 statueret,
990 1462 1053 1500 hic
1073 1461 1216 1501 multas
1241 1462 1505 1513 paragraphos
1527 1467 1565 1500 et
1586 1463 1712 1513 capita
1732 1461 1799 1500 ali-

267 1533 362 1579 quot
388 1527 435 1566 ad
462 1540 550 1565 eum
577 1528 746 1566 referret
773 1528 1020 1578 primamque
1044 1527 1229 1566 decadem
1250 1529 1355 1566 inter
1375 1527 1582 1577 Valerium,
1609 1527 1806 1577 Pisonem,

268 1593 441 1632 Macrum
463 1592 793 1643 Tuberonemque
815 1594 1042 1643 partiretur,
1069 1598 1197 1631 tamen
1218 1598 1376 1643 praeter
1396 1594 1480 1631 eius
1501 1592 1802 1644 popularitatem

268 1658 366 1697 nihil
394 1659 491 1696 certi
518 1658 610 1696 hinc
638 1657 684 1696 ad
712 1657 887 1696 indolem
915 1659 999 1696 eius
1027 1659 1158 1709 operis
1181 1657 1467 1709 depingendam
1493 1657 1696 1696 redundat.
1733 1659 1802 1695 ita-

268 1736 344 1775 que
377 1735 439 1761 me
472 1724 574 1760 intra
602 1723 700 1761 fines
730 1722 821 1761 libri
848 1725 977 1774 quarti
1005 1725 1199 1773 continui,
1232 1725 1271 1761 in
1299 1736 1375 1774 quo
1403 1736 1492 1761 cum
1520 1722 1566 1761 ad
1594 1723 1804 1761 intestinas

270 1789 539 1827 dissensiones
575 1784 846 1842 accederet1>‚
879 1787 1027 1838 largam
1060 1790 1264 1827 materiam
1292 1794 1329 1827 et
1356 1801 1488 1827 rerum
1516 1794 1555 1826 et
1581 1789 1802 1827 orationum

271 1853 374 1904 apud
395 1865 483 1892 eum
513 1852 737 1903 reperiebat
765 1858 804 1891 et
829 1859 986 1904 praeter
1006 1853 1158 1892 Aelium
1178 1853 1427 1892 Tuberonem
1454 1859 1491 1891 et
1510 1853 1707 1892 Valerium
1727 1854 1805 1892 An·

270 1920 416 1969 tiatem,
444 1919 511 1969 qui
537 1930 616 1956 uno
644 1918 727 1956 loco
760 1918 805 1956 de
834 1918 968 1956 eadem
997 1931 1051 1969 re,
1080 1918 1126 1957 de
1153 1912 1228 1970 qu‘a
1255 1920 1371 1957 etiam
1399 1918 1539 1969 Macer,
1566 1920 1674 1957 citati
1701 1925 1804 1969 sunt,

270 1984 376 2023 solus
410 1983 585 2021 Licinius
618 1983 749 2021 Macer
781 1983 909 2022 tribus
943 1983 1039 2022 locis
1073 2006 1128 2010 —
1163 1985 1275 2035 isque
1309 1996 1465 2035 semper
1497 1996 1586 2022 cum
1612 1983 1804 2022 librorum

270 2050 482 2088 linteorum
505 2050 738 2087 auctoritate
757 2050 991 2087 coniunctus
1006 2071 1059 2075 —
1076 2048 1190 2087 nobis
1211 2050 1395 2088 occurrit.
1422 2061 1511 2087 nam
1532 2050 1572 2087 in
1593 2049 1666 2088 hoc
1687 2050 1805 2087 etiam

270 2114 342 2153 alia
370 2115 486 2153 tacite
514 2126 562 2152 ex
589 2113 727 2152 eodem
758 2119 911 2164 sumpta
934 2126 1019 2152 esse
1040 2113 1238 2165 uidentur,
1264 2120 1308 2153 ut
1327 2112 1366 2159 4,
1384 2111 1450 2165 13,
1467 2112 1489 2151 7
1518 2113 1710 2152 librorum
1730 2113 1804 2152 lin-

270 2186 423 2218 teorum
445 2180 777 2229 commemoratio,
801 2191 899 2229 quos
921 2184 1027 2217 certe
1048 2180 1154 2230 ipsos
1172 2179 1309 2218 Liuius
1330 2192 1407 2218 non
1428 2181 1601 2230 inspexit
1616 2176 1666 2231 (c.
1682 2176 1750 2228 20,
1765 2176 1804 2217 3.

271 2245 316 2283 fr.
334 2240 407 2297 15)
418 2240 465 2298 2),
492 2256 523 2282 c.
547 2242 583 2294 8,
601 2241 622 2280 7
649 2244 688 2282 L.
705 2244 852 2295 Papirii
872 2243 1059 2294 Mugilani
1081 2250 1119 2282 et
1138 2244 1179 2282 L.
1197 2244 1419 2295 Sempronii
1439 2244 1606 2282 Atratini
1627 2256 1807 2295 censura,

271 2322 370 2361 quae
397 2315 475 2347 tam
503 2315 584 2347 arte
615 2322 703 2348 cum
732 2322 869 2348 eorum
896 2309 1101 2348 consulatu
1123 2304 1189 2362 (fr.
1208 2306 1281 2363 13)
1309 2321 1454 2347 conexa
1479 2314 1548 2359 est,
1574 2314 1619 2348 ut
1637 2314 1808 2360 utraque

272 2387 335 2413 res
356 2387 433 2412 non
454 2376 578 2425 possit
599 2387 676 2413 non
699 2387 786 2414 esse
808 2376 973 2426 repetita
995 2387 1040 2413 ex
1063 2374 1200 2413 eodem
1222 2380 1380 2413 auctore
1403 2370 1638 2427 (Mommsen
1653 2370 1810 2413 chron?

272 2436 482 2492 1).958(1.).
524 2439 667 2478 deinde
695 2441 880 2491 quoniam
908 2441 1050 2478 ceteris
1077 2440 1172 2478 locis
1199 2440 1335 2478 Liuius
1361 2439 1464 2478 haud
1489 2440 1542 2478 ita
1568 2439 1673 2490 plebi
1700 2439 1806 2478 fauet

271 2510 507 2556 patrumque
534 2510 666 2555 partes
696 2505 878 2556 amplecti
899 2505 1009 2556 solet,
1035 2506 1121 2543 iure
1144 2504 1348 2543 offendunt
1367 2517 1465 2555 quae
1487 2517 1519 2543 c.
1534 2501 1602 2555 51,
1617 2501 1643 2543 5
1672 2504 1719 2543 de
1738 2516 1807 2555 pa-

272 2577 377 2608 trum
405 2575 539 2620 aperta
568 2571 712 2608 iniuria
739 2572 1012 2621 conqueritur:
1046 2571 1305 2619 Aptissimum
1332 2575 1484 2619 tempus
1504 2569 1645 2619 fuerat
1671 2570 1806 2608 uindi-

372 2685 404 2727 1)
430 2683 485 2717 De
510 2683 568 2717 his
590 2683 719 2717 Solbau
738 2683 761 2717 1.
784 2695 809 2717 s.
832 2683 1011 2718 Fleckeis.
1033 2695 1116 2718 ann.
1136 2695 1171 2728 p.
1188 2687 1374 2717 417-—423
1395 2683 1564 2727 pluribus
1586 2682 1807 2727 disputauit.

369 2738 402 2780 2)
430 2735 529 2770 Infra
555 2736 653 2770 hunc
679 2737 801 2771 locum
822 2737 957 2771 Licinii
982 2737 1149 2780 reliquiis
1176 2736 1443 2777 subiunximus,
1472 2738 1510 2770 et:
1532 2737 1620 2780 quia
1640 2736 1807 2770 dubitari

271 2789 337 2822 uix
360 2790 511 2833 poterit,
539 2790 628 2833 quin
655 2801 698 2824 ex
718 2790 843 2824 Macro
865 2792 1032 2834 sumptus
1054 2791 1114 2834 sit,
1140 2791 1178 2824 et
1196 2791 1238 2824 ut:
1258 2790 1382 2824 omnia
1408 2789 1584 2824 librorum
1606 2790 1807 2824 linteorum

271 2842 485 2887 fragmenta
511 2842 708 2877 coniuncta
734 2843 900 2877 haberes.
