2002 3342
282 218 418 248 exem
619 203 682 237 DE
709 202 1015 237 SCRIPTORVM
1041 202 1165 236 VITIS
1192 202 1252 236 ET
1280 201 1486 237 SCRIPTIS

372 315 482 366 Apud
510 313 740 352 Ciceronem
774 319 901 361 autem
937 312 1103 351 multum
1137 325 1226 351 eum
1258 319 1483 352 uersantem
1513 313 1695 352 uidemus
1722 327 1812 352 cum

282 382 464 420 Africano
502 381 665 430 eiusque
702 380 839 417 amicis
875 384 1086 429 partesque
1123 378 1308 429 quasdam
1345 378 1588 417 obtinentem
1624 380 1663 417 in
1703 379 1815 417 libris

280 459 381 498 quos
409 446 454 484 de
483 458 524 483 re
552 444 707 495 publica
735 449 772 482 et
800 443 846 482 de
867 445 1039 482 amicitia
1061 444 1291 494 composuit,
1319 455 1445 494 neque
1469 443 1670 482 dissimilis
1692 444 1814 482 fuisse

281 511 442 550 uidetur
475 510 696 548 eruditione
731 515 767 547 et
802 509 977 547 doctrina
1004 508 1161 547 illorum
1189 508 1409 559 hominum,
1445 510 1477 547 si
1505 508 1663 559 quidem
1692 507 1815 548 Laelii

282 578 409 615 soceri
436 576 616 614 instituto
644 580 681 613 et
707 574 976 626 philosophiae
1010 586 1167 624 operam
1197 573 1303 612 dedit
1328 573 1635 624 Panaetiumque
1664 573 1815 612 audiuit

280 648 320 680 et
347 653 484 680 causas
513 640 774 678 defensitauit.
819 639 1024 678 facultates
1055 651 1151 677 uero
1184 638 1423 677 Fanniorum
1458 651 1618 677 suorum
1647 639 1814 677 duorum

281 708 471 745 oratorias
504 707 554 744 ita
590 705 768 744 distinxit
801 705 937 743 Cicero
971 704 1081 742 Bruti
1108 703 1131 742 l.
1159 716 1206 753 5.,
1239 709 1282 742 ut
1309 703 1378 742 Gai
1413 703 1536 742 silium
1563 717 1641 743 cos.
1663 717 1694 742 a.
1718 702 1814 742 122.

282 770 367 811 632
396 773 469 810 etsi
495 773 535 810 in
562 770 828 809 mediocribus
855 768 1094 819 oratoribus,
1124 781 1339 820 numquam
1367 775 1495 808 tamen
1523 769 1720 820 elinguem
1747 769 1815 808 ha-

280 837 406 876 bitum
440 849 527 876 esse
562 836 711 874 diceret
750 847 948 885 unamque
988 835 1204 873 orationem
1243 834 1384 872 bonam
1419 840 1457 873 et
1488 834 1660 873 nobilem
1694 834 1740 872 ab
1768 847 1813 873 eo

281 902 459 941 relictam
487 914 590 953 esse3
619 900 741 939 Laelii
768 912 958 951 generum
981 899 1179 938 duriorem
1201 912 1345 950 genere
1368 899 1523 938 dicendi
1544 900 1664 938 fuisse
1685 912 1814 950 neque

278 967 402 1006 multa
436 980 455 1005 e
489 966 757 1018 philosophiae
792 965 922 1004 studio
955 965 1002 1003 ad
1037 964 1245 1003 dicendum
1280 964 1457 1003 attulisse
1490 966 1708 1016 exiguaque
1736 964 1815 1003 elo-

277 1034 440 1083 quentia
468 1032 647 1070 ssoruisse
676 1026 765 1084 (31,
789 1027 904 1084 118).
951 1042 1047 1081 quae
1081 1030 1240 1081 quidem
1274 1029 1418 1068 iudicia
1451 1042 1527 1068 non
1562 1031 1614 1068 ita
1641 1031 1746 1068 inter
1772 1042 1815 1068 se

280 1097 525 1148 discrepant,
562 1099 628 1135 uix
663 1102 707 1135 ut
743 1109 786 1135 ex
826 1095 1003 1134 eiusdem
1040 1095 1210 1134 hominis
1247 1095 1490 1134 orationibus
1528 1095 1694 1134 deducta
1727 1107 1814 1133 esse

279 1164 443 1214 possint,
464 1163 698 1214 praesertim
720 1174 807 1200 cum
831 1161 1034 1200 Ciceronis
1056 1166 1181 1199 aetate
1202 1161 1350 1199 suerint
1370 1162 1437 1211 qui
1458 1162 1674 1199 orationem
1695 1160 1815 1210 illam,

278 1241 355 1279 qua
382 1227 584 1266 nitebatur
609 1228 694 1265 eius
723 1226 769 1265 de
796 1228 928 1277 priore
955 1226 1102 1264 Fannio
1136 1225 1344 1275 iudicium,
1378 1227 1523 1277 quippe
1550 1238 1648 1276 quae
1675 1225 1816 1264 melior

276 1299 387 1331 esset
413 1305 527 1344 quam
556 1304 654 1343 quae
682 1305 702 1330 a
728 1292 877 1330 Fannio
905 1292 1052 1342 scripta
1079 1303 1165 1329 esse
1198 1290 1420 1342 uideretur,
1456 1291 1502 1329 ab
1536 1290 1623 1329 aliis
1656 1303 1814 1342 compo-

277 1359 396 1396 sitam
425 1370 512 1396 esse
540 1362 748 1396 censerent
777 1353 903 1410 (Brut.
927 1354 994 1407 26,
1016 1353 1070 1394 99
1087 1352 1177 1410 sq.)

368 1423 411 1461 ln
444 1423 667 1468 historia,
701 1434 815 1473 quam
850 1422 968 1460 latine
1002 1423 1179 1472 scripsit,
1219 1421 1393 1460 medium
1429 1420 1624 1473 quendam
1664 1421 1813 1460 Fannio

278 1488 406 1527 locum
435 1488 659 1539 adsignauit
685 1487 822 1526 Cicero
850 1489 891 1526 in
918 1487 1038 1525 Bruto
1067 1482 1111 1539 (l.
1132 1499 1162 1525 s.
1183 1483 1226 1539 l.)
1254 1486 1487 1538 frigidisque
1514 1486 1695 1525 laudibus
1722 1499 1812 1525 eum

275 1559 512 1605 persecutus
534 1559 605 1603 est,
633 1558 768 1591 contra
791 1552 837 1591 de
858 1552 957 1603 legg.
976 1551 1010 1602 1,
1027 1550 1065 1603 2,
1081 1550 1118 1603 6,
1145 1558 1188 1591 ut
1214 1557 1366 1591 ceteros
1394 1551 1498 1590 illius
1519 1554 1657 1591 aetatis
1678 1564 1813 1591 rerum

277 1620 505 1670 scriptores,
532 1619 584 1657 ita
612 1620 728 1657 etiam
755 1619 859 1656 hunc
886 1617 991 1656 idem
1019 1630 1194 1656 summae
1219 1617 1405 1656 exilitatis
1430 1617 1687 1666 insimulauit,
1715 1630 1813 1669 quae

277 1684 541 1736 discrepantia
570 1696 615 1722 ex
644 1683 798 1722 consilii
825 1683 1066 1733 diuersitate,
1094 1695 1169 1733 quo
1196 1688 1363 1734 utroque
1385 1682 1469 1721 loco
1491 1695 1580 1721 eum
1602 1684 1814 1733 recensuit,

276 1750 372 1788 satis
406 1749 634 1800 explicatur.
680 1749 874 1799 grauioris
906 1748 1095 1786 momenti
1128 1753 1188 1786 est
1220 1747 1324 1799 quod
1356 1747 1403 1786 M.
1424 1748 1560 1786 Iunius
1592 1748 1737 1787 Brutus
1768 1753 1814 1787 ut

278 1814 400 1853 Coelii
428 1821 465 1852 et
484 1813 635 1865 Polyhii
662 1815 713 1852 ita
742 1815 859 1852 etiam
881 1813 1020 1851 Fannii
1046 1813 1234 1852 historiae
1263 1815 1474 1864 epitomam
1502 1814 1670 1852 confecit
1691 1810 1756 1866 (fr.
1773 1810 1812 1851 9.

276 1879 357 1918 uid.
378 1879 455 1918 uol.
476 1879 509 1917 II
536 1892 571 1930 p.
594 1875 690 1932 LVI)
719 1885 757 1917 et
790 1878 1017 1927 Sallustius,
1050 1877 1166 1916 iudex
1195 1880 1431 1929 acerrimus,
1463 1879 1504 1916 in
1531 1878 1679 1917 Fannio
1706 1879 1814 1917 ueri-

275 1950 395 1983 tatem
424 1945 545 1983 suisse
574 1945 733 1995 scripsit
760 1939 923 1997 (Victor.
948 1942 983 1993 1,
1004 1941 1060 1982 20
1086 1956 1122 1995 p.
1138 1941 1223 1982 203
1245 1943 1289 1982 H.
1323 1944 1368 1982 fr.
1384 1941 1410 1982 3
1431 1957 1467 1994 p.
1488 1942 1515 1982 4
1536 1943 1600 1982 Kr.
1626 1957 1662 1995 p.
1684 1942 1712 1982 4
1732 1940 1813 1997 M.),

274 2022 393 2061 quam
427 2011 512 2061 ipse
544 2011 731 2048 uirtutem
768 2015 926 2060 praeter
962 2009 1197 2048 breuitatem
1230 2009 1448 2048 aemulatus
1482 2015 1552 2048 est.
1565 2006 1596 2062 ¹)
1643 2009 1811 2048 admira-

275 2077 383 2114 tione
424 2077 545 2126 igitur
585 2074 851 2113 Gracchorum
889 2087 1041 2125 usuque
1078 2074 1199 2114 libelli
1240 2075 1346 2113 illius
1383 2074 1452 2113 Gai
1491 2070 1589 2127 (uid.
1623 2087 1741 2126 supra
1773 2087 1811 2126 p.

275 2149 482 2179 CLXXXIX
499 2137 574 2194 sq.)
601 2142 748 2179 ueritas
775 2152 853 2178 non
880 2141 1031 2178 minuta
1058 2152 1144 2178 esse
1172 2141 1207 2179 ei
1233 2140 1454 2179 uidebatur.

367 2206 735 2256 Inscriptionem
778 2206 846 2256 qui
887 2206 1011 2256 ipsam
1054 2205 1285 2256 attulerunt,
1328 2207 1574 2256 scripserunt
1611 2205 1810 2244 annalium

275 2267 343 2324 (fr.
369 2270 403 2309 1.
426 2269 462 2309 2.
485 2269 522 2309 3.
545 2268 582 2309 5.
604 2271 690 2309 adn.
714 2267 777 2325 7),
804 2283 933 2321 neque
960 2272 1065 2309 enim
1094 2270 1230 2309 Cicero
1258 2283 1347 2309 cum
1376 2270 1422 2309 de
1451 2270 1588 2309 Fannii
1616 2267 1810 2309 ‘historia’

275 2336 505 2387 loqueretur
533 2332 740 2389 (f1·.9adn.
758 2334 794 2374 T.
816 2335 923 2375 Brut.
940 2336 962 2374 l.
978 2348 1006 2374 s.
1024 2331 1087 2389 5.),
1113 2337 1243 2387 ipsum
1264 2335 1421 2374 titulum
1448 2335 1608 2374 laudare
1634 2334 1810 2374 uoluisse

273 2493 373 2526 alten
395 2491 598 2526 Geschz'chte
618 2503 657 2536 p.
679 2494 825 2536 2139),
859 2491 1112 2535 adstipulatus
1139 2492 1212 2533 θεὶς
1241 2491 1506 2526 dubitauerunt:
1533 2490 1573 2525 O.
1595 2490 1810 2525 Hirschfeld

274 2544 313 2578 in
341 2544 437 2578 stud.
459 2544 619 2579 vindob.
641 2544 689 2578 VI
716 2547 835 2589 (1884)
861 2557 896 2589 p.
922 2548 999 2585 128,
1027 2544 1090 2588 qui
1116 2547 1265 2588 propter
1290 2545 1333 2579 fr.
1356 2548 1375 2578 9
1404 2543 1520 2578 Attici
1546 2543 1811 2578 auctoritatem

275 2598 474 2632 Hortensio
500 2598 675 2643 praefert,
708 2601 745 2632 et
771 2598 945 2632 Muenzer
970 2598 993 2632 l.
1016 2610 1041 2632 s.
1064 2609 1092 2632 c.
1116 2602 1217 2636 1988,
1245 2598 1309 2642 qui
1337 2597 1490 2632 alterius
1518 2597 1553 2631 C.
1575 2597 1708 2631 Fannii
1734 2607 1810 2632 me·

274 2651 433 2686 moriam
460 2651 559 2696 apud
587 2651 782 2695 Polybium
810 2655 878 2696 (28,
899 2657 930 2694 4,
956 2654 988 2695 1)
1013 2651 1261 2686 resuscitauit.

374 2706 405 2748 1)
435 2704 486 2739 Cf.
503 2704 608 2739 Catil.
625 2710 657 2746 4,
670 2709 706 2738 3:
736 2706 850 2750 2'9z'tm·
869 2705 910 2740 de
932 2705 1114 2740 Catilinae
1133 2706 1384 2739 coniuratione
1404 2716 1511 2748 quam
1531 2705 1728 2739 verissume
1742 2715 1809 2748 po-

275 2762 361 2799 tero,
382 2760 515 2802 paneis
541 2759 737 2793 absolzmm.
784 2762 839 2799 38,
863 2763 898 2793 3:
926 2769 1092 2802 namque,
1118 2762 1160 2792 ut
1182 2759 1314 2801 paucis
1339 2769 1465 2792 uerum
1492 2757 1697 2799 absoluam,
1724 2761 1809 2801 post

276 2812 343 2845 illa
370 2811 527 2857 [Sullae]
560 2815 719 2855 tempora
752 2832 795 2837 -—
829 2812 960 2846 bonum
989 2812 1175 2855 publicum
1207 2812 1418 2845 simulantes
1456 2822 1520 2855 pro
1553 2822 1623 2845 sua
1661 2811 1810 2854 quisque

277 2866 436 2908 potentia
462 2865 648 2899 certabant
