2002 3342
297 188 429 219 CCCVI
629 174 692 209 DE
720 174 1026 210 SCRIPTORVM
1052 175 1175 209 VITIS
1201 175 1263 209 ET
1290 175 1496 210 SCRIPTIS

294 287 479 325 Muenzer
505 283 548 339 (1.
570 298 599 324 s.
620 298 656 337 p.
673 282 747 339 60)
777 292 815 324 et
841 286 950 324 illum
978 291 1017 324 et
1044 286 1147 324 hunc
1174 286 1404 325 historicum
1428 287 1611 326 clientem
1638 288 1824 338 patriciae

294 353 422 402 gentis
450 352 569 390 fuisse
597 356 892 396 argumentatus
920 347 1028 404 estl)

383 417 517 467 ltaque
546 415 664 454 rebus
691 417 812 466 gestis
839 416 1005 454 Antiatis
1032 416 1211 454 historici
1237 428 1380 454 nomen
1407 428 1484 454 non
1511 416 1712 467 inclaruit,
1744 429 1824 456 me-

294 483 417 520 moria
446 482 670 520 continetur
702 480 833 532 libris,
867 483 933 532 qui
961 486 1026 519 aut
1058 481 1292 519 historiae
1320 487 1385 520 aut
1411 481 1605 520 annales
1632 481 1826 520 inscribe-

293 546 448 585 bantur.
485 559 532 585 ex
554 551 738 597 quattuor
759 548 863 585 enim
885 546 993 597 locis,
1015 545 1157 597 quibus
1179 547 1329 584 auctori
1350 546 1449 585 liber
1469 552 1649 585 accurate
1671 547 1827 585 additus

295 617 365 662 est,
394 611 468 650 duo
493 611 593 650 hanc
615 608 756 663 (Prisc.
778 611 824 650 fr.
844 609 908 649 16.
937 610 1032 649 Gell.
1054 607 1142 661 60),
1171 610 1246 649 duo
1267 611 1371 649 illam
1395 608 1510 664 (Gell.
1526 609 1593 650 57.
1617 609 1683 650 62.
1711 612 1758 650 cs.
1781 612 1826 650 sr.

298 676 333 715 1.
350 673 426 730 21)
447 678 747 727 inscriptionem
769 675 967 714 exhibent.
1002 675 1093 713 libri
1114 677 1322 714 minimum
1344 676 1503 714 suerunt
1523 677 1827 727 septuaginta

295 743 504 793 quinque
533 737 598 794 (fr.
621 737 716 795 62),
751 741 797 780 de
825 754 900 792 quo
931 753 1095 779 numero
1123 754 1141 779 a
1171 740 1294 779 Gellio
1322 740 1463 779 tradito
1491 746 1596 779 certa
1625 740 1828 779 dubitandi

296 819 411 845 causa
439 820 517 845 non
545 806 696 859 subest3
724 819 813 845 nam
842 807 958 844 etiam
986 805 1077 844 libri
1104 806 1383 856 septuagesimi
1407 806 1536 856 quarti
1563 805 1685 844 uerba
1711 818 1827 856 quae·

297 871 383 910 dam
411 871 636 909 Priscianus
664 872 841 909 seruauit
868 867 933 924 (fr.
956 867 1051 925 61),
1082 871 1136 909 ita
1162 876 1223 921 ut,
1251 871 1434 921 quoniam
1462 870 1501 909 L.
1530 870 1671 909 Licinii
1698 870 1828 909 Crassi

295 942 462 975 mortem
484 932 535 989 (3.
558 933 626 975 91.
648 934 745 974 663.
774 936 820 975 fr.
841 932 916 988 64)
944 937 1280 986 commemorauit,
1307 935 1406 974 libro
1428 937 1716 986 septuagesimo
1741 948 1827 986 sep-

296 1002 390 1040 timo
416 1014 542 1053 usque
569 1001 616 1040 ad
644 1001 773 1040 Sullae
801 1006 968 1039 mortem
994 1002 1226 1052 peruenisse
1249 996 1480 1053 uideatur.2)
1521 1013 1609 1039 cum
1636 1013 1732 1040 uero
1759 1002 1830 1052 qui

296 1072 385 1105 ante
412 1079 502 1105 eum
529 1068 738 1117 scripsere,
766 1067 843 1104 iam
871 1065 1149 1104 discessissent
1175 1065 1221 1104 ab
1248 1065 1313 1104 illo
1341 1071 1523 1104 ueterum
1550 1066 1828 1104 historicorum

296 1144 404 1170 more
420 1144 483 1170 res
498 1131 692 1169 Romanas
707 1130 753 1169 ab
769 1130 879 1169 urbis
894 1132 1007 1170 initio
1030 1130 1251 1169 deducendi
1271 1136 1310 1169 et
1323 1136 1474 1182 partem
1491 1130 1697 1181 quandam,
1713 1143 1829 1182 quam

296 1197 438 1236 melius
466 1203 640 1248 nossent,
667 1197 889 1235 accuratius
915 1195 1158 1235 tractandam
1186 1197 1466 1247 suscepissent,
1493 1195 1557 1234 hic
1585 1195 1633 1234 ad
1659 1197 1829 1247 priscam

296 1262 401 1301 illam
423 1263 614 1300 rationem
635 1273 842 1312 regressus
870 1263 986 1300 etiam
1008 1273 1052 1299 ea
1073 1266 1261 1312 tempora,
1288 1273 1385 1311 quae
1407 1261 1593 1299 historiae
1614 1261 1701 1300 luce
1723 1273 1830 1300 care-

295 1334 385 1366 rent
411 1333 449 1366 et
469 1333 557 1366 ante
580 1339 669 1365 eum
690 1329 826 1378 paucis
848 1333 886 1365 et
906 1327 1050 1365 ieiunis
1070 1325 1206 1364 uerbis
1229 1325 1425 1376 descripta
1446 1331 1590 1377 essent,
1615 1328 1770 1377 copiosa
1793 1332 1832 1364 et

297 1393 382 1431 fusa
403 1393 627 1431 narratione
656 1391 854 1431 illustrare
877 1399 1039 1430 conatus
1069 1396 1138 1430 est.
1177 1391 1309 1441 itaque
1330 1390 1451 1430 altero
1478 1390 1578 1429 libro
1596 1391 1643 1429 ad
1665 1390 1830 1430 Numam

295 1463 534 1509 peruenerat
555 1453 621 1511 (fr.
638 1454 675 1496 5.
693 1454 753 1511 6),
778 1458 969 1496 uicesimo
991 1456 1125 1506 altero,
1147 1468 1264 1506 quem
1285 1455 1434 1495 Gellius
1455 1456 1500 1494 fr.
1518 1454 1572 1495 57
1596 1453 1655 1508 (et
1673 1462 1833 1507 praeter

297 1535 386 1562 eum
409 1522 610 1561 Charisius
632 1522 677 1560 fr.
700 1518 776 1575 58)
805 1523 953 1573 citauit,
980 1520 1027 1560 ad
1055 1534 1086 1559 a.
1110 1518 1205 1559 136.
1227 1517 1370 1574 618³),
1398 1522 1541 1560 ceteris
1568 1521 1687 1561 rebus
1714 1523 1829 1560 mini-

297 1601 405 1627 mum
432 1589 719 1639 quinquaginta
744 1593 826 1626 tres
853 1587 974 1625 libros
1003 1586 1193 1638 expleuit,
1226 1587 1359 1638 plures
1386 1599 1502 1638 quam
1530 1586 1666 1626 Liuius
1693 1587 1830 1626 eodem

298 1654 489 1704 temporis
517 1654 654 1703 spatio.

389 1718 543 1757 Genus
571 1717 819 1756 scribendi
845 1719 1103 1757 inuenustum
1136 1718 1258 1756 fuisse
1291 1716 1483 1756 iudicauit
1514 1717 1658 1755 Fronto
1687 1713 1728 1770 (l.
1751 1729 1780 1755 s.
1802 1730 1832 1756 s.

298 1796 335 1835 p.
358 1780 607 1836 CCLXXXV),
632 1784 756 1834 prisci
782 1784 977 1821 sermonis
1005 1782 1192 1833 laudator,
1225 1783 1291 1833 qui
1319 1781 1425 1821 solus
1454 1782 1553 1820 hanc
1581 1794 1665 1820 rem
1693 1782 1835 1833 tetigit,

397 1936 428 1978 1)
457 1933 527 1975 Qui
560 1932 674 1979 uulgo
707 1932 860 1967 affertur
891 1931 994 1966 locus
1020 1931 1114 1965 Plin.
1137 1944 1171 1966 11.
1192 1931 1227 1965 11.
1248 1931 1406 1975 praefat.
1430 1935 1473 1965 24
1507 1931 1554 1964 ad
1583 1929 1747 1964 Antiatis
1774 1941 1834 1964 co-

299 1998 459 2032 gnomen
486 1986 759 2030 explicandum,
787 1988 843 2020 est
869 1985 1057 2029 profectus
1079 1996 1123 2019 ex
1143 1984 1315 2018 Rhenani
1341 1983 1648 2028 interpolatione3
1675 1983 1712 2017 in
1734 1983 1835 2018 codi-

299 2041 404 2075 cibus
436 2050 506 2075 nee
537 2039 702 2074 Antiatis
735 2049 803 2074 nec
824 2038 963 2073 Valerii
997 2049 1131 2073 nomen
1158 2039 1291 2072 exstat.
1331 2037 1376 2072 ef.
1398 2036 1574 2071 Priscian.
1597 2041 1616 2070 5
1637 2049 1672 2081 p.
1690 2042 1755 2071 155
1772 2037 1833 2071 H.:

299 2095 340 2128 in
374 2094 444 2129 ‘as'
479 2094 621 2128 Latina
652 2095 686 2128 si
709 2096 785 2128 sint
809 2094 973 2136 patriae,
1005 2093 1205 2127 communis
1230 2096 1315 2126 sunt
1340 2091 1489 2137 yenerz's.
1518 2111 1563 2115 ——
1590 2091 1834 2125 inueniuntur

298 2152 420 2182 tamen
458 2148 535 2182 alia
573 2158 710 2191 quoque
742 2147 899 2191 propria
931 2147 971 2180 in
1005 2146 1161 2188 formam
1198 2145 1389 2190 yentilium
1422 2145 1589 2188 prolata,
1626 2148 1668 2178 ut
1699 2145 1836 2178 Antias

299 2201 501 2236 historicus.

397 2254 431 2295 2)
458 2251 677 2286 Gutsehmid
697 2251 721 2285 l.
742 2262 769 2286 s.
791 2263 826 2296 p.
843 2255 922 2286 527.
961 2252 1135 2287 Muenzer
1155 2253 1226 2296 (Zu
1246 2251 1315 2286 den
1337 2251 1583 2296 Fraymenten
1606 2251 1666 2285 (les
1687 2250 1765 2284 Val.
1786 2251 1834 2285 A.

300 2305 455 2340 Hermes
471 2309 514 2339 32
529 2307 777 2350 p.469-474)
798 2315 970 2339 numeros
991 2305 1034 2338 fr.
1051 2308 1094 2339 60
1110 2304 1187 2349 (lib.
1202 2304 1325 2349 XLV),
1353 2308 1394 2338 61
1412 2303 1597 2348 (LXXIV),
1619 2307 1662 2337 62
1677 2302 1835 2348 (LXXV)

300 2358 472 2392 uanitate
497 2358 828 2404 grammaticorum
860 2358 964 2393 fictos
995 2369 1074 2393 esse
1101 2357 1313 2402 suspicatus
1339 2368 1532 2391 numerum
1559 2355 1748 2390 annalium
1776 2368 1835 2390 us-

302 2423 373 2456 que
401 2412 447 2446 ad
474 2412 632 2456 triginta
657 2411 735 2446 fere
761 2412 906 2446 minuit.

397 2468 432 2509 3)
459 2464 635 2500 Consulto
662 2465 770 2499 omisi
796 2465 895 2509 quod
918 2465 1073 2508 Plinius,
1099 2466 1142 2498 ut
1160 2475 1258 2498 nunc
1280 2463 1394 2508 uulgo
1415 2463 1599 2505 scribitur,
1627 2462 1673 2496 ab
1695 2473 1737 2496 eo
1758 2472 1834 2496 rem

303 2518 491 2562 quandam
518 2529 550 2552 a.
569 2521 646 2552 181.
668 2522 736 2552 573
762 2518 801 2552 in
826 2518 938 2552 tertio
964 2517 1060 2552 libro
1087 2519 1299 2552 enarratam
1326 2527 1405 2551 esse
1425 2526 1712 2551 commemorare
1731 2515 1836 2549 uide-

301 2573 364 2605 tur
387 2571 442 2616 (fr.
462 2573 528 2615 15).
568 2583 653 2606 nam
679 2572 710 2606 is
736 2583 912 2606 numerus
939 2574 995 2606 est
1022 2572 1228 2615 corruptus,
1257 2570 1329 2604 nisi
1348 2570 1494 2604 Numae
1520 2569 1635 2603 libros
1661 2568 1834 2603 inuentos

303 2626 341 2659 et
366 2624 579 2659 combustos
606 2635 685 2660 esse
710 2636 778 2669 per
804 2625 896 2659 duos
921 2624 1036 2659 libros
1063 2626 1277 2658 enarratum
1298 2634 1377 2657 esse
1398 2622 1599 2666 suspicaris
1621 2623 1686 2656 aut
1705 2621 1835 2655 Antia-

303 2680 378 2712 tem
405 2689 468 2712 eas
494 2689 563 2721 res,
590 2689 686 2722 quae
714 2689 736 2712 a
761 2678 885 2712 Numa
910 2689 1027 2722 usque
1048 2678 1097 2711 ad
1118 2687 1149 2711 a.
1167 2681 1245 2711 181.
1267 2680 1334 2710 573
1361 2678 1490 2721 gestae
1517 2676 1614 2717 sunt,
1639 2686 1713 2708 uno
1740 2674 1835 2708 libro

304 2731 538 2775 complexum
571 2742 666 2773 esse,
702 2731 808 2765 annis
840 2731 905 2775 qui
931 2731 1184 2775 sequebantur
1209 2729 1272 2764 uix
1298 2728 1573 2773 quinquaginta
1597 2727 1836 2772 undeuiginti

304 2784 419 2818 libros
452 2784 628 2829 explesse.
678 2784 801 2830 Vnger
832 2784 949 2828 igitur
980 2784 1033 2829 (in
1059 2783 1191 2817 Philol.
1219 2782 1340 2827 suppl.
1366 2782 1416 2816 ΙΠ
1443 2786 1462 2816 2
1494 2793 1529 2825 p.
1553 2784 1638 2826 160)
1671 2779 1837 2814 restituit

305 2838 466 2879 XXIII,
494 2837 713 2872 Gutschmid
733 2837 756 2871 1.
778 2849 804 2871 s.
826 2849 860 2882 p.
876 2841 943 2872 527
972 2849 1054 2872 cum
1080 2836 1309 2881 Nipperdeio
1330 2837 1448 2871 XIII.
