2002 3342
673 180 710 214 L.
739 179 926 215 cincivs
953 181 1229 216 ALiMEN'rvs
1657 199 1715 228 m.

279 288 314 328 7.
344 290 389 329 de
416 290 550 329 uerbis
576 292 719 342 priscis
746 290 846 329 liber
872 287 993 344 (Fest.
1019 305 1047 330 s.
1068 305 1105 330 u.
1134 304 1292 331 scenam
1320 307 1353 344 p.
1377 291 1473 332 330.
1513 307 1718 345 peremere

188 368 223 406 p.
246 354 342 394 214.
383 355 644 394 reconductae
671 369 706 407 p.
729 353 826 394 277.
865 356 982 394 rodus
1009 369 1045 407 p.
1068 354 1164 396 265.
1191 380 1248 384 —
1277 357 1535 398 ss'l'uditantes
1563 374 1596 411 p.
1619 358 1718 399 35⁵2.

187 420 377 471 *gentilis
404 434 439 472 p.
461 418 528 459 94.
568 421 705 460 *natio
732 435 767 472 p.
794 418 886 460 166.
932 421 1107 460 *naccae
1135 435 1169 473 p.
1195 420 1288 461 166.
1335 423 1534 463 ³²naucum
1564 438 1597 475 p.
1628 424 1718 464 166.

188 487 373 537 *nuptias
393 499 428 537 p.
449 484 543 525 170.
571 486 784 525 *noualem
806 499 941 537 agrum
963 500 998 537 p.
1018 485 1111 526 174.
1146 487 1376 527 ssOhstitum
1398 502 1433 540 p.
1454 487 1545 529 19:23.
1574 490 1720 541 ssprae-

188 550 349 589 cidanea
370 564 486 602 porca
507 564 543 602 p.
559 549 656 590 218.
685 551 864 590 ssresriua
886 551 993 589 sabra
1014 564 1050 602 p.
1066 549 1163 591 277.
1195 552 1352 591 ssszilias
1373 555 1548 604 uirgines
1570 568 1604 605 p.
1621 553 1720 593 329.

187 615 406 655 *sinistrae
428 629 520 655 aues
547 630 582 667 p.
599 614 695 655 339.
735 616 966 655 *uindiciae
992 629 1028 667 p.
1045 614 1142 655 370.
1158 640 1215 644 —
1230 617 1375 656 ssSeru.
1398 618 1445 656 ad
1465 619 1557 658 Aen.
1580 618 1617 670 ⁶2,
1633 617 1720 659 225

189 677 255 733 (de
276 693 372 719 uoce
397 681 572 732 delubro,
598 681 665 720 ubi
693 687 735 720 ut
761 683 925 721 Cincius
951 694 997 720 cx
1024 681 1171 720 Daniel.
1193 682 1283 721 edit.
1305 683 1479 722 additum
1500 681 1589 737 est).
1623 685 1720 723 *Ar—

188 745 275 784 noh.
297 744 335 797 3,
357 744 412 785 38
448 742 514 800 (de
548 746 828 786 Nouensilihus
856 742 935 800 dis)
969 748 1015 785 cf.
1044 760 1075 786 c.
1097 744 1164 787 39.
1210 747 1392 786 sscharis.
1426 748 1443 786 1
1475 762 1510 800 p.
1531 748 1612 788 132
1634 747 1722 803 K.¹)

278 810 405 849 Facile
433 811 636 863 apparebit
668 812 740 850 hos
773 812 896 851 libros
924 811 970 851 ab
1002 812 1140 851 eodem
1172 814 1259 852 uiro
1293 813 1446 852 erudito
1481 820 1519 853 et
1551 815 1724 854 litterato

190 878 433 928 conscriptos
461 889 559 917 esse.
599 879 665 928 qui
694 879 798 916 enim
826 883 918 916 sunt
944 877 1034 916 libri
1063 877 1108 916 de
1136 879 1318 928 comitiis,
1350 878 1396 917 de
1424 879 1628 918 consulum
1655 893 1721 931 po-

192 948 349 992 testate,
377 942 422 981 de
451 943 578 981 officio
606 944 703 981 iuris
732 943 917 993 consulti,
946 944 1256 994 mystagogicon,
1288 943 1334 983 de
1360 944 1495 983 uerbis
1521 947 1675 996 priscis,
1703 959 1723 984 a

192 1007 274 1045 solo
302 1009 597 1047 commemorati
630 1014 721 1046 sunt
747 1008 881 1059 Festo,
915 1010 967 1047 ita
1000 1014 1043 1047 ut
1070 1021 1284 1059 numquam
1319 1010 1557 1060 scriptorum
1586 1010 1724 1049 discri-

190 1085 280 1111 men
308 1074 464 1112 faceret.
505 1073 646 1112 deinde
675 1073 720 1112 de
749 1086 790 1112 re
818 1074 980 1112 militari
1007 1073 1141 1125 libros,
1169 1087 1336 1125 quorum
1358 1076 1536 1114 notitiam
1558 1076 1631 1114 soli
1659 1076 1725 1115 de·

191 1137 330 1176 bemus
353 1137 488 1189 Gellio,
515 1151 592 1177 non
614 1138 661 1177 ad
682 1138 861 1178 Cincium
882 1139 1132 1189 Alimentum,
1159 1144 1337 1178 ueterem
1359 1140 1469 1179 illurn
1490 1147 1724 1192 praetorem,

190 1216 289 1254 quae
319 1204 388 1242 suit
417 1205 612 1243 sententia
633 1203 825 1242 Liebaldti
851 1217 887 1255 p.
907 1201 972 1254 16,
1000 1203 1069 1242 sed
1096 1204 1143 1242 ad
1171 1207 1469 1255 grammaticum
1492 1208 1726 1245 recentioris

192 1270 330 1307 aetatis
357 1270 556 1320 pertinere
585 1282 631 1307 ex
658 1268 732 1308 alio
760 1269 936 1308 eiusdem
965 1268 1080 1308 Gellii
1114 1269 1199 1308 loco
1227 1272 1495 1322 consequitur,
1525 1271 1592 1310 ubi
1620 1285 1726 1310 sum—

192 1347 273 1373 mas
301 1346 433 1373 rerum
461 1336 805 1385 grammaticarum
832 1335 1086 1373 auctoritates
1113 1341 1417 1375 enumeraturus
1443 1337 1608 1388 Aelium,
1636 1337 1721 1375 Cin-

191 1401 313 1450 cium,
347 1400 527 1438 Santram
554 1396 707 1454 ponit2)
743 1401 1020 1451 consociatque
1056 1400 1213 1439 eosdem
1248 1402 1462 1452 scriptores
1493 1415 1590 1453 quos
1624 1402 1728 1441 haud

191 1476 280 1503 raro
314 1466 429 1503 etiam
457 1465 558 1516 apud
592 1465 750 1504 Festum
784 1466 1027 1504 consociatos
1055 1461 1230 1519 habes.³)
1274 1465 1442 1517 denique
1471 1469 1587 1506 etiam
1623 1469 1729 1506 inter

193 1530 371 1569 Cincium
406 1530 511 1569 Festi
546 1536 585 1569 et
616 1530 803 1569 Macrobii
839 1531 1017 1581 cognatio
1055 1530 1245 1581 quaedam
1282 1532 1509 1583 intercedit,
1546 1533 1585 1571 id
1622 1532 1727 1584 quod

194 1602 299 1634 recte
333 1596 535 1646 perspexit
566 1595 683 1634 Hertz
716 1608 751 1646 p.
776 1593 848 1646 71,
881 1608 970 1634 cum
998 1597 1037 1633 in
1070 1595 1205 1634 uerbis
1238 1596 1347 1635 Pauli
1381 1610 1417 1648 p.
1442 1595 1524 1636 103
1565 1600 1728 1637 Iunium

192 1674 362 1700 mensem
391 1663 541 1700 de‘clum
560 1667 710 1710 putant
738 1674 763 1699 a
790 1662 956 1700 Iunone.
997 1663 1116 1700 iidem
1143 1664 1271 1710 ipsum
1300 1665 1489 1702 dicebant
1510 1664 1727 1702 Iunonium

193 1733 230 1766 el
251 1727 486 1765 Iunonalem
514 1731 745 1777 agnosceret
764 1727 932 1776 uestigia
953 1726 1130 1765 eiusdem
1157 1726 1357 1766 doctrinae
1379 1727 1600 1779 Cincianae,
1629 1741 1729 1780 quae

194 1793 369 1843 exposita
397 1797 456 1830 est
489 1804 507 1829 a
536 1791 732 1830 Macrohio
763 1789 883 1842 1,12,
898 1788 965 1829 30.
1007 1803 1106 1842 quae
1140 1804 1229 1830 cum
1262 1793 1314 1830 ita
1348 1794 1443 1841 sint,
1477 1794 1588 1845 siqua
1622 1800 1729 1832 certa

194 1858 383 1908 temporis
411 1869 486 1907 quo
507 1869 609 1895 unus
637 1869 682 1895 ex
710 1857 770 1895 his
798 1856 909 1895 libris
932 1858 1171 1908 compositus
1193 1858 1254 1908 sit,
1282 1857 1426 1896 indicia
1448 1860 1619 1897 inueniri
1640 1872 1729 1910 pos·

196 1928 298 1973 sunt,
327 1921 462 1961 eadem
491 1921 635 1961 cadunt
661 1923 701 1960 in
729 1926 893 1961 ceteros.

293 2044 325 2087 1)
350 2042 405 2077 De
431 2041 574 2085 Cincio,
608 2054 717 2086 quem
743 2042 885 2076 Plinius
918 2041 1015 2076 inter
1048 2043 1217 2077 auctores
1250 2042 1335 2077 libri
1363 2043 1516 2078 XXXVI
1542 2044 1580 2078 in
1606 2044 1731 2078 indice

197 2098 398 2138 enumerat,
425 2107 483 2130 res
504 2096 654 2130 omnino
674 2096 815 2131 incerta
836 2098 902 2131 est.
924 2117 967 2120 —
989 2095 1188 2129 Praeterea
1209 2095 1413 2130 Mommsen
1434 2097 1470 2132 C.
1492 2097 1517 2132 I.
1540 2097 1578 2132 L.
1599 2097 1614 2131 I
1634 2110 1669 2141 p.
1686 2102 1731 2131 26

196 2162 255 2194 ap.
278 2149 509 2184 Macrobium
529 2149 566 2183 in
588 2151 655 2184 sat.
673 2153 703 2191 3,
720 2154 752 2191 2,
770 2154 809 2184 11
837 2160 904 2194 pro
924 2149 1010 2183 Tito
1031 2148 1223 2182 substituit
1243 2147 1361 2183 Cincii
1381 2161 1526 2185 nomen.
1548 2172 1591 2176 —
1614 2150 1732 2185 Omisi

199 2204 319 2239 Cincii
339 2204 516 2238 Alimenti
534 2204 723 2238 historiam
744 2203 785 2237 de
808 2203 947 2248 Gorgia
967 2202 1160 2245 Leontino,
1181 2202 1269 2245 quia
1290 2202 1367 2237 sola
1386 2204 1521 2238 nititur
1540 2204 1732 2249 Fulgentii

196 2259 236 2300 (s,
257 2268 292 2290 u.
320 2256 527 2291 silicernius
553 2269 588 2301 p.
605 2260 683 2290 560.
712 2260 779 2291 390
801 2256 856 2301 G.)
883 2255 1117 2296 auctoritate,
1145 2266 1241 2298 quae
1267 2255 1371 2291 nulla
1392 2259 1458 2292 est.
1493 2257 1552 2291 Ad
1573 2258 1731 2292 eundem

197 2310 335 2344 librum
361 2309 503 2344 Krause
528 2322 564 2355 p.
585 2313 626 2344 75
654 2309 774 2344 locum
801 2309 955 2344 Arnobii
982 2313 1013 2350 3,
1030 2311 1086 2351 38,
1112 2307 1177 2342 ubi
1204 2309 1249 2342 de
1277 2309 1332 2344 dis
1359 2310 1625 2345 Nouensilibus
1653 2311 1732 2355 agi-

197 2367 268 2407 tur,
300 2363 462 2405 rettulit,
495 2375 607 2407 quam
638 2363 898 2397 incredibilem
929 2362 1207 2408 neglegentiam
1235 2362 1346 2397 Hertz
1374 2375 1409 2408 p.
1432 2368 1474 2398 57
1503 2364 1659 2399 notauit.
1690 2385 1730 2389 —

200 2418 302 2459 Quae
329 2417 503 2452 asterisco
530 2417 749 2461 significaui,
777 2419 862 2451 sunt
887 2417 1097 2462 fragmenta
1121 2415 1286 2450 incertae
1313 2417 1422 2452 sedis.

298 2473 331 2516 ⁴2)
359 2475 390 2513 7,
407 2475 461 2513 15,
478 2475 513 2505 5:
544 2482 587 2505 ne
612 2471 644 2504 si
670 2472 769 2506 Aelii
788 2471 942 2515 quidem,
971 2470 1090 2504 Cincii
1115 2473 1147 2503 et
1172 2472 1329 2506 Santrae.
1355 2472 1546 2506 dicendum
1573 2473 1627 2506 ita
1652 2483 1733 2506 cen-

201 2527 375 2567 suissent,
407 2525 656 2559 obsecuturum
688 2536 722 2559 se
752 2526 866 2568 fuisse
893 2526 946 2559 ait
977 2523 1132 2569 (amicus
1159 2526 1313 2569 quidam
1340 2524 1464 2568 Gellii)
1496 2530 1623 2560 contra
1650 2536 1733 2568 per-

196 2583 346 2622 petuam
369 2578 529 2612 Latimte
555 2578 702 2623 linquae
729 2578 1032 2613 consuetudinem.
1073 2579 1118 2613 cf.
1140 2579 1280 2614 Charis.
1307 2591 1342 2623 p.
1364 2582 1426 2612 132
1442 2578 1495 2622 Κ,
1523 2578 1587 2612 ubi
1614 2577 1734 2612 Cincii

202 2631 404 2666 auctoritas
430 2630 675 2675 grammatica
701 2631 857 2666 Varroni
885 2633 922 2666 et
948 2631 1114 2666 Ciceroni
1142 2634 1333 2676 aequatur.

299 2687 334 2729 3)
361 2684 508 2718 Cincius
541 2685 578 2718 et
611 2684 744 2718 Santra
770 2688 900 2728 p.173.
940 2685 1088 2720 Cincius
1121 2687 1159 2720 et
1184 2685 1312 2720 Aelius
1345 2697 1379 2730 p.
1397 2688 1463 2718 166
1489 2684 1615 2729 (etiam
1648 2695 1732 2717 cum

202 2738 313 2772 Ateio
333 2737 533 2782 Capitone).
574 2741 651 2771 174.
682 2741 747 2771 193
773 2738 899 2782 (etiam
921 2750 1003 2773 cum
1025 2738 1188 2783 Cloatio).
1217 2743 1295 2773 277.
1317 2743 1395 2772 329.
1424 2738 1566 2779 Santra,
1594 2737 1733 2779 Aelius,

204 2792 351 2825 Cincius
379 2803 412 2836 p.
432 2795 497 2825 170
523 2790 596 2835 (hic
622 2791 736 2824 etiam
757 2802 841 2825 cum
862 2791 1055 2826 Cornificio
1077 2795 1117 2827 ut
1138 2792 1184 2827 ab
1205 2791 1380 2833 ArnobiO,
1409 2794 1444 2825 et
1465 2802 1548 2824 cum
1569 2790 1733 2824 Curiatio

203 2847 245 2879 ut
271 2856 292 2878 a
318 2844 426 2878 Festo
453 2855 486 2888 p.
504 2845 595 2888 166).
