2002 3342
646 692 701 739 A.
740 689 1097 738 POSTVMIVS
1136 687 1411 735 ALBINVS

349 800 458 839 Fabii
486 800 690 851 Cinciique
718 799 886 849 uestigia
913 797 1007 847 legit
1033 797 1074 834 A.
1096 796 1320 834 Postumius
1341 794 1514 834 Albinus.
1559 796 1593 833 is
1614 807 1632 833 a
1656 807 1794 846 puero,

257 873 301 905 ut
341 868 393 905 ait
425 865 608 917 Polybius
624 863 674 916 ¹),
715 865 884 903 Graecae
924 863 1079 913 linguae
1121 861 1429 912 disciplinaeque
1469 873 1621 898 summo
1661 872 1793 898 amore

259 931 462 982 flagrabat,
499 931 567 969 sed
595 943 702 980 cum,
735 935 779 967 ut
811 934 895 968 erat
926 928 1041 966 homo
1076 925 1286 966 admodum
1314 926 1452 977 loquax
1481 932 1519 964 et
1544 925 1795 976 uaniloquus,

258 999 404 1036 nimius
431 998 471 1035 in
499 997 556 1035 eis
583 1001 688 1035 esset
714 997 924 1046 inepteque
952 992 1110 1031 modum
1136 992 1355 1042 excederet,
1381 990 1563 1029 omnibus
1591 990 1791 1029 fastidium

257 1062 440 1100 mouebat
468 1062 687 1112 effecitque,
714 1066 758 1099 ut
783 1065 945 1111 propter
971 1058 1080 1096 illum
1108 1057 1209 1109 apud
1236 1057 1492 1107 grauissimos
1519 1067 1695 1107 quosque
1716 1055 1793 1093 Ro-

257 1140 392 1166 manos
428 1127 649 1165 litterarum
690 1125 928 1164 Graecarum
969 1123 1142 1162 studium
1176 1122 1276 1161 male
1310 1121 1473 1160 audiret.
1520 1119 1642 1172 quid?
1686 1121 1792 1171 quod

256 1205 344 1231 cum
374 1191 612 1241 Carneades,
648 1191 859 1241 Diogenes,
893 1189 1086 1227 Critolaus
1113 1187 1334 1239 philosophi
1360 1187 1619 1225 Athenienses
1645 1185 1791 1223 Romae

256 1263 401 1308 essent,
429 1258 546 1295 etiam
573 1262 750 1307 tempore
777 1254 986 1294 admodum
1013 1255 1238 1304 importuno
1265 1257 1423 1303 praetor
1440 1264 1528 1290 cum
1557 1253 1613 1290 eis
1639 1252 1793 1289 iocatus

256 1328 325 1373 est,
353 1328 396 1361 ut
424 1322 656 1361 eruditionis
678 1321 848 1359 Graecae
871 1320 1135 1370 cognitionem
1163 1330 1257 1369 prae
1282 1330 1322 1356 se
1345 1318 1482 1369 serret;
1511 1316 1665 1355 stabant
1685 1317 1788 1354 enim

256 1394 339 1426 tum
367 1387 422 1425 illi
450 1387 643 1437 legatione
671 1385 826 1437 publica
846 1386 1129 1436 perfungentes
1150 1385 1189 1421 in
1212 1382 1401 1434 Capitolio
1422 1381 1469 1420 ad
1490 1387 1669 1420 senatum
1690 1377 1791 1434 (Cic.

256 1452 361 1491 acad.
383 1450 421 1503 2,
447 1448 654 1505 45,137).
707 1453 837 1502 itaque
874 1451 1055 1501 quamuis
1092 1454 1196 1488 esset
1232 1448 1367 1487 Latine
1407 1447 1579 1486 disertus
1618 1452 1732 1498 atque
1769 1458 1792 1483 a

257 1517 446 1556 Cicerone
475 1513 602 1571 (Brut.
624 1515 692 1566 21,
715 1513 790 1569 81)
818 1517 858 1554 in
885 1520 1084 1554 oratorum
1112 1514 1341 1553 Latinorum
1368 1525 1533 1552 numero
1561 1525 1649 1551 cum
1675 1511 1791 1550 laude

257 1583 422 1634 quadam
444 1589 669 1634 poneretur,
694 1588 824 1620 tamen
847 1593 1070 1620 sermonem
1090 1581 1261 1631 patrium
1282 1580 1399 1618 nimis
1421 1578 1559 1618 rudem
1580 1578 1793 1628 minusque·

256 1654 389 1699 aptum
424 1661 510 1687 esse
545 1647 775 1697 arbitratus,
813 1659 929 1698 quam
963 1659 1038 1698 quo
1071 1646 1234 1684 historia
1269 1644 1506 1683 conderetur
1538 1643 1790 1693 carminaque

256 1719 599 1764 componerentur,
615 1712 762 1751 Graece
780 1718 818 1751 et
831 1712 1035 1750 historiam
1052 1716 1090 1749 et.
1105 1712 1277 1749 carmina
1300 1711 1470 1761 scripsit,
1486 1708 1588 1760 quod
1610 1720 1680 1746 cur
1693 1719 1791 1746 uere

256 1784 464 1817 excusaret
490 1777 675 1828 habebat,
715 1777 783 1817 sed
811 1776 914 1828 quod
941 1778 981 1814 in
1009 1777 1195 1814 historiae
1222 1776 1435 1826 principio,
1472 1776 1504 1813 si
1531 1773 1624 1825 quid
1650 1785 1789 1824 parum

256 1845 472 1895 composite
507 1849 573 1882 aut
604 1844 735 1882 minus
769 1843 968 1892 eleganter
1001 1843 1192 1892 scriptum
1220 1846 1341 1891 esset,
1374 1841 1530 1879 ueniam
1563 1838 1795 1890 postulauit,

255 1909 327 1948 sub
355 1909 570 1948 modestiae
597 1910 728 1960 speeie
756 1907 916 1946 suberat
943 1908 1039 1945 artis
1066 1906 1285 1945 rhetoricae
1312 1906 1520 1944 ostentatio
1552 1910 1589 1943 et
1620 1905 1790 1942 iactatio.

255 1988 325 2013 suo
352 1976 473 2025 igitur
500 1976 585 2013 iure
613 1975 710 2012 scite
733 1986 821 2012 eum
844 1972 1049 2011 cauillatus
1071 1977 1130 2010 est
1150 1971 1196 2010 M.
1218 1966 1380 2009 Porcius
1402 1970 1506 2020 Cato,
1534 1969 1636 2021 quod
1657 1968 1791 2007 mallet

255 2039 409 2091 culpam
437 2039 643 2091 deprecari
672 2051 787 2090 quam
816 2038 928 2089 culpa
957 2050 1109 2076 uacare.
1162 2049 1254 2075 nam
1278 2042 1433 2086 petere,
1460 2036 1600 2086 inquit,
1627 2037 1792 2073 ueniam

252 2108 440 2153 solemus,
476 2112 546 2143 am
580 2117 670 2143 eum
703 2105 965 2153 inprudentes
998 2106 1229 2141 erravimus
1262 2108 1332 2140 aut
1365 2113 1453 2140 cum
1482 2103 1673 2150 compulsi
1689 2111 1789 2149 pee-

255 2174 448 2210 eaue'mus.
496 2172 578 2218 tibi,
606 2181 676 2209 oro
699 2175 747 2218 te,
774 2172 862 2218 quis
875 2170 1069 2218 perpulit,
1097 2173 1139 2206 ut
1160 2169 1205 2206 m
1223 2170 1500 2216 committeres,
1527 2167 1635 2214 quod
1648 2168 1789 2215 prius-

254 2249 374 2285 quam
397 2236 572 2285 faceres)
589 2241 764 2284 peteres,
792 2240 835 2273 ut
862 2235 1168 2283 2‘972osee7¹e1117·?
1184 2229 1217 2287 2)

344 2300 472 2339 Nihilo
494 2302 625 2339 minus
647 2306 684 2339 et
703 2306 862 2351 praetor
882 2300 955 2338 fuit
976 2294 1027 2352 (a.
1046 2295 1140 2337 155.
1157 2294 1262 2351 599)
1286 2302 1324 2336 et
1344 2296 1480 2335 consul
1501 2292 1551 2349 (a.
1570 2293 1663 2334 151.
1680 2292 1789 2350 603)

255 2367 446 2417 annisque
475 2367 649 2417 quinque
683 2371 772 2417 post
800 2364 987 2403 Corintho
1020 2363 1118 2403 urbe
1154 2363 1281 2402 diruta
1309 2375 1328 2400 a
1356 2367 1495 2400 senatu
1527 2373 1616 2399 cum
1651 2360 1787 2399 decem

255 2431 342 2470 aliis
369 2433 515 2470 missus
542 2437 613 2482 est,
641 2432 707 2482 qui
729 2431 913 2469 Achaiam
934 2431 974 2467 in
995 2429 1224 2480 prouinciae
1246 2428 1408 2466 formam
1437 2426 1661 2476 redigerent
1685 2421 1786 2479 (Cic.

352 2565 383 2608 1)
411 2567 467 2606 40,
483 2567 513 2598 6.
541 2563 738 2607 Polybium
760 2563 806 2596 ad
826 2562 981 2596 uerbum
1000 2559 1256 2604 transscripsit
1271 2558 1403 2592 Suidas
1418 2570 1445 2592 s.
1460 2570 1493 2592 u.
1509 2556 1629 2599 Αὖλος
1642 2556 1787 2593 Ποστό-

254 2630 335 2661 μιος
361 2617 375 2650 Ι
401 2629 435 2661 p.
457 2619 525 2651 859
552 2616 671 2660 Bhdy.

350 2674 384 2709 2]
412 2670 454 2704 fr.
478 2674 507 2703 1.
537 2669 629 2703 Gell.
652 2673 707 2711 11,
728 2672 760 2712 8,
783 2674 803 2703 4
831 2681 874 2702 ex
899 2668 994 2702 libro
1023 2666 1183 2703 Cornelii
1210 2666 1364 2710 Nepotis
1392 2665 1436 2699 de
1462 2664 1668 2699 illustribus
1695 2664 1787 2698 uiris

254 2723 353 2765 XlII3
382 2733 424 2757 ex
452 2722 572 2757 Gellio
599 2721 807 2756 Macrobius
836 2724 902 2756 sat.
931 2721 1045 2766 praef.
1069 2725 1123 2754 14.
1160 2720 1205 2754 cf.
1227 2719 1355 2763 Polyb.
1376 2722 1433 2761 40,
1455 2722 1485 2752 6.
1524 2717 1783 2753 Plut.Cat.12.

254 2775 432 2821 apophth.
455 2779 510 2810 29.
555 2775 687 2809 Iordan
715 2775 803 2809 dict.
824 2786 973 2810 memor.
997 2778 1039 2808 34
1066 2786 1100 2818 p.
1125 2776 1201 2807 102.
1240 2772 1412 2806 Imitatus
1439 2774 1493 2806 est
1518 2771 1584 2806 has
1604 2771 1785 2806 Postumii

254 2829 413 2873 ineptias
428 2829 563 2863 Fronto
584 2828 622 2862 in
644 2828 804 2872 epistula
820 2828 956 2863 Graece
978 2828 1024 2861 ad
1047 2826 1213 2861 Caesaris
1234 2827 1390 2860 matrem
1412 2826 1549 2869 scripta
1570 2827 1618 2870 (p.
1634 2829 1700 2859 242
1713 2824 1787 2868 Ν),
