2002 3342
627 178 667 220 Q.
689 178 926 213 LVTATIVS
954 179 1171 214 CATVLVS
1479 194 1665 225 CCLXVII

218 289 294 328 Sed
322 291 439 329 etiam
467 289 566 327 alius
599 289 689 327 libri
724 290 930 340 inscriptio
959 289 1030 328 sub
1059 290 1203 328 Lutatii
1230 292 1389 329 nomine
1425 291 1565 330 tradita
1594 298 1664 343 est,

128 357 445 394 communium
484 355 808 393 historiarum
847 355 911 393 uel
951 357 1228 394 communis
1267 356 1527 395 historiae.
1580 359 1664 395 eius

127 422 273 459 mentio
310 432 387 458 non
422 421 627 458 inuenitur
660 421 737 458 nisi
771 421 809 457 in
848 419 1006 458 scholiis
1041 420 1274 471 Vergilianis
1311 418 1376 474 (fr.
1399 418 1546 476 6-8),
1575 422 1663 461 reli-

127 487 253 537 quiae,
290 497 456 536 quarum
492 490 722 535 argumenta
764 484 941 535 dignosci
979 486 1149 535 possint,
1186 488 1387 536 pertinent
1423 486 1470 525 ad
1505 487 1664 526 urbium

127 550 351 589 Italicarum
387 546 610 603 01·igines.1)
658 562 746 588 cum
780 562 875 588 uero
912 562 1001 588 cum
1035 549 1196 588 Graecis
1224 553 1571 601 coniungerentur,
1599 565 1665 591 eas

130 628 194 654 res
220 615 284 654 uel
310 614 472 665 fabulas,
500 627 598 665 quae
625 614 809 653 Italorum
838 614 1157 666 Graecorumque
1190 629 1419 655 communes
1448 623 1590 668 essent,
1619 630 1663 656 eo

129 680 228 719 libro
257 686 440 719 tractatas
467 693 554 718 esse
582 680 798 718 Mommsen
825 680 847 718 l.
870 693 899 719 s.
921 680 1133 719 arbitratus
1161 687 1236 733 est3
1264 681 1367 732 quod
1394 683 1552 733 quidem
1581 688 1661 721 stu-

128 745 236 785 dium
269 746 454 797 quoniam
481 744 583 796 apud
610 744 806 783 Romanos
839 745 1125 797 increbruerat„
1158 747 1458 797 inscriptionem
1486 749 1610 798 ipsam
1644 761 1664 786 a

128 811 287 849 Graecis
313 810 508 849 Lutatium
531 816 752 849 mutuatum
775 823 860 849 esse
883 812 1105 861 suspicatus
1127 823 1252 863 eram3
1279 814 1536 850 memineram
1559 814 1664 851 enim

125 889 146 915 a
181 875 340 927 Polybio
373 873 432 926 (8,
452 873 491 926 4,
517 873 588 929 11)
621 874 869 926 καθολικὴν
900 873 973 914 καὶ
1004 874 1161 926 κοινὴν
1189 875 1389 927 ἱστορίαν
1415 879 1600 928 coniungi
1627 884 1665 916 et

126 941 276 979 Timaei
303 941 487 979 historias
520 939 669 987 κοινὰς
704 939 898 992 ἱστορίας
932 954 951 979 a
984 940 1168 992 Dionysio
1196 938 1257 987 (in
1284 942 1476 980 archaeol.
1502 942 1536 994 1,
1558 941 1595 993 6,
1619 940 1662 996 1)

123 1006 313 1057 appellari
340 1006 385 1045 ab
413 1005 629 1056 eodemque
657 1004 715 1059 (1,
736 1003 774 1055 2,
800 1002 843 1060 1)
872 1002 1133 1056 singularium
1160 1008 1336 1057 gentium
1363 1007 1569 1046 historiam
1595 1021 1662 1059 op-

124 1073 217 1123 poni
243 1076 294 1124 τῇ
314 1076 438 1122 κοινῇ·
466 1070 637 1124 ἱστορίᾳ
660 1071 922 1122 similiterque
946 1084 965 1109 a
987 1070 1154 1110 Diodoro
1165 1068 1217 1125 2);
1244 1084 1315 1123 pro
1337 1085 1412 1123 quo
1434 1080 1663 1123 argumento

125 1136 167 1175 G.
188 1136 378 1175 Wissowa
412 1132 562 1190 (Reliq.
586 1139 621 1175 d.
644 1133 803 1175 Boemf’
822 1149 858 1187 p.
881 1133 957 1191 67)
992 1137 1272 1175 similitudines
1306 1137 1492 1188 quasdam
1527 1151 1573 1176 ex
1605 1139 1664 1177 hi-

125 1203 257 1251 storia,
286 1203 365 1240 uita
387 1202 573 1253 cultuque
593 1201 862 1241 Romanorum
890 1207 928 1240 et
949 1202 1188 1241 Graecorum
1214 1215 1234 1240 a
1255 1202 1410 1241 Lutatio
1433 1203 1556 1242 dictas
1577 1216 1663 1242 esse

123 1267 272 1305 maluit.
312 1273 349 1306 at
382 1273 419 1306 et
451 1267 553 1306 ultra
586 1267 685 1305 hanc
713 1269 796 1306 uim
829 1273 935 1318 patet
968 1267 1131 1306 historia
1158 1269 1447 1307 communionis
1479 1269 1541 1307 uel
1574 1282 1664 1309 κοι-

92 1360 97 1365 .
130 1331 312 1383 νότητος
334 1329 479 1386 (potest
502 1334 605 1371 enim
629 1331 674 1371 ad
698 1332 846 1383 aliquot
867 1345 930 1371 res
950 1333 1182 1371 hominesue
1204 1334 1356 1384 referri⁷
1384 1333 1431 1372 ad
1452 1347 1549 1385 quos
1571 1335 1664 1385 quid

123 1398 320 1448 pertineat
339 1404 405 1436 aut
418 1398 522 1436 unde
545 1403 674 1436 ortum
691 1394 773 1450 sit),
798 1403 835 1436 et
851 1398 923 1436 alia
939 1403 1153 1449 supersunt
1172 1398 1389 1449 fragmenta
1410 1402 1664 1450 grammatica

123 1460 322 1515 (9-13),
350 1476 448 1514 quae
475 1462 572 1501 nihil
600 1465 890 1502 communionis
918 1464 1154 1514 praeferant.
1188 1465 1319 1515 itaque
1347 1470 1412 1502 aut
1439 1464 1544 1503 aliud
1565 1478 1663 1516 opus

126 1528 377 1567 statuendum
411 1534 562 1567 estant
589 1528 636 1566 ad
663 1528 776 1567 aliam
810 1530 892 1567 uim
925 1530 1010 1567 eius
1042 1528 1225 1567 uocabuli
1259 1529 1577 1580 confugiendum.
1617 1536 1661 1569 ut

124 1593 240 1632 Riese
269 1589 387 1646 (mus.
408 1593 531 1632 Rhen.
553 1593 671 1632 XVIII
698 1607 735 1645 p.
751 1591 857 1647 448)
886 1594 1230 1632 euhemeristicam
1258 1594 1421 1633 subesse
1449 1595 1662 1634 arbitratus

128 1664 204 1710 est3
233 1658 302 1697 sed
329 1660 475 1697 rectius
503 1658 567 1696 alii
597 1658 642 1696 de
670 1658 848 1697 historiis
876 1659 919 1710 (i.
941 1671 973 1697 e.
996 1658 1156 1711 fabulis)
1184 1659 1302 1710 uulgo
1335 1662 1439 1698 notis
1466 1662 1661 1711 cogitaue-

126 1729 229 1773 runt,
258 1736 355 1774 quae
377 1725 461 1762 sine
482 1725 641 1762 nomine
662 1729 867 1762 auctorum
889 1723 1112 1774 diuulgatae
1135 1731 1277 1763 essent.
1312 1725 1417 1776 quod
1440 1725 1661 1764 litterarum

126 1801 250 1839 genus
284 1801 372 1827 cum
406 1795 530 1827 totum
565 1787 721 1839 κοινὴν
755 1787 955 1840 ἱστορίαν
989 1788 1137 1827 dictum
1175 1801 1262 1828 esse
1297 1796 1512 1840 praeeunte
1544 1791 1662 1829 Wila-

123 1855 314 1892 mowitzio
343 1852 493 1907 (Herm.
515 1853 583 1892 ΧΠ
604 1867 640 1904 p.
656 1851 759 1904 341)
789 1853 1074 1892 demonstrauit
1099 1854 1162 1892 Fr.
1184 1854 1261 1893 Leo
1271 1851 1318 1907 3),
1346 1861 1428 1894 tum
1449 1857 1661 1907 praecipue

122 1920 224 1958 uitas
251 1921 489 1970 scriptorum
516 1932 588 1970 per
615 1931 754 1958 manus
783 1919 1046 1970 complurium
1073 1921 1420 1970 grammaticorum
1445 1918 1659 1976 traditas.4)

220 2042 253 2083 1)
280 2040 563 2084 inscriptionem
585 2039 684 2084 quod
711 2039 978 2074 Reifferscheid
1004 2051 1097 2073 mus.
1118 2039 1187 2074 Rh.
1208 2052 1243 2073 n.
1264 2040 1332 2074 XV
1357 2053 1393 2084 p.
1416 2044 1482 2075 605
1509 2044 1662 2086 propter

122 2092 165 2127 fr.
177 2096 195 2126 7
211 2095 471 2137 argumentum
488 2093 526 2127 in
543 2093 795 2128 Cumanarum.
813 2094 1052 2127 historiarum
1073 2093 1159 2128 libra·
1179 2096 1402 2135 mutauerat,
1424 2094 1490 2129 Th.
1506 2095 1661 2129 Momm-

123 2156 187 2180 sen
214 2146 264 2190 (C.
286 2147 309 2180 ἶ.
331 2147 368 2180 L.
390 2146 424 2180 12
448 2159 483 2191 p.
506 2148 586 2189 313)
612 2146 801 2180 refutauit..

218 2203 251 2243 2)
281 2204 310 2240 1,
334 2205 364 2242 1,
387 2203 423 2234 3:
457 2199 499 2234 οἴ
524 2213 561 2234 τε
586 2199 652 2239 τὰς
684 2199 814 2240 κοινὰς
838 2205 902 2244 τῆς
934 2198 1153 2243 οἰκουμένης
1186 2199 1339 2242 πράξεις
1364 2200 1540 2243 καθάπερ
1574 2207 1661 2245 μιᾶς

122 2251 262 2292 πόλεως
288 2253 578 2297 ἀναγράψαντες
610 2255 685 2288 κτλ.
728 2258 758 2296 1,
781 2258 812 2296 3,
835 2257 871 2287 2;
906 2252 940 2287 οἱ
967 2255 1129 2288 πλεῖστοι
1155 2252 1220 2297 μὲν
1255 2253 1337 2293 ἑνὸς
1364 2253 1500 2294 ἔθνους
1527 2253 1548 2298 ἢ
1575 2260 1662 2299 μιᾶς

123 2305 262 2345 πόλεως
289 2307 494 2347 αὐτοτελεῖς
516 2305 696 2351 πολέμους
717 2306 950 2351 ἀνέγραψαν,
979 2304 1095 2351 ὀλίγοι
1121 2305 1154 2340 δ’
1183 2306 1257 2340 ἀπὸ
1283 2312 1357 2341 τῶν
1383 2305 1550 2352 ἀρχαίων
1575 2307 1660 2353 χρό-

123 2373 199 2394 νων
231 2360 431 2403 ἀρξάμενοι
463 2359 530 2400 τὰς
561 2359 692 2400 κοινὰς
723 2361 876 2404 πράξεις
910 2357 1152 2404 ἐπεχείρησαν
1184 2360 1420 2405 ἀναγράφειν
1452 2360 1557 2406 μέχρι
1587 2367 1659 2395 τῶν

122 2411 217 2447 καθ’
249 2413 384 2453 αὐτοὺς
409 2419 550 2455 καιρῶν
576 2415 649 2447 κτλ.

219 2470 254 2507 3)
281 2467 407 2512 Bioyr.
423 2479 458 2511 p.
474 2470 519 2500 20
534 2478 587 2511 sq.
608 2468 654 2501 cf.
670 2466 796 2508 Busse,
817 2478 908 2501 mus.
924 2466 994 2502 Rh.
1010 2470 1054 2501 49
1075 2479 1109 2510 p.
1127 2470 1182 2500 81.
1215 2466 1367 2510 Dionys.
1389 2467 1487 2502 arch.
1503 2472 1532 2510 5,
1549 2471 1604 2511 17,
1620 2471 1658 2502 3:

125 2518 182 2554 ὅτι
208 2519 248 2554 δὲ
280 2517 455 2563 Ρωμαίων
483 2520 580 2555 ἐστὶν
607 2521 766 2566 ἀρχαῖον
795 2519 934 2564 εὕρημα
960 2518 1000 2555 τὸ
1027 2520 1130 2563 παρὰ
1154 2520 1219 2560 τὰς
1236 2520 1360 2563 ταφὰς
1378 2527 1452 2555 τῶν
1473 2521 1660 2566 ἐπισήμων

123 2572 273 2614 ἀνδρῶν
312 2571 488 2613 ἐπαίνους
524 2579 589 2618 τῆς
626 2574 758 2617 ἀρετῆς
795 2574 918 2607 αὐτῶν
950 2573 1124 2617 λέγεσθαι
1163 2574 1226 2607 καὶ
1265 2574 1332 2618 οὐχ
1364 2571 1537 2618 ’Έλληνες
1568 2572 1658 2610 αὐτὸ

122 2625 391 2668 κατεστήσαντο
417 2632 567 2670 πρῶτοι,
594 2627 696 2669 παρὰ
721 2632 785 2671 τῆς
811 2632 939 2670 κοινῆς
962 2625 1124 2668 ἱστορία,-
1145 2623 1231 2660 οἶδα
1251 2628 1396 2671 μαθών,
1424 2625 1469 2670 ἣν
1495 2633 1659 2672 ποιητῶν

123 2690 160 2712 τε
187 2678 222 2713 οἱ
249 2677 492 2714 παλαιότατοι
517 2680 579 2714 καὶ
608 2679 853 2724 συγγραφέων
879 2679 913 2715 οἱ
940 2681 1155 2724 λογιώτατοι
1181 2681 1505 2723 παραδεδώκασιν.

219 2733 254 2775 4)
280 2731 337 2765 Ad
364 2732 482 2766 Amm.
505 2737 524 2766 3
546 2745 580 2777 p.
604 2736 671 2766 '260
699 2733 808 2767 Vsen.
837 2733 981 2778 ἀνάγκη
1003 2732 1038 2767 δ’
1065 2732 1149 2773 ἴσως
1175 2739 1339 2777 πρῶτον,
1366 2735 1414 2773 ὡς
1444 2733 1657 2780 παρέλαβον

124 2783 163 2818 ἐκ
195 2789 267 2818 τῶν
298 2791 434 2819 κοινῶν
468 2785 655 2830 ἱστοριῶν,
689 2785 711 2820 ἃ
744 2787 947 2832 κατέλαβον
979 2787 1067 2831 ἡμῖν
1101 2786 1135 2821 οἱ
1167 2788 1254 2827 τοὺς
1279 2786 1383 2833 βίους
1408 2793 1481 2823 τῶν
1507 2788 1656 2831 ἀνδρῶν

124 2837 403 2881 συνταξάμενοι,
430 2844 633 2882 προειπεῖν.
