2002 3342
302 200 412 229 CVIH
637 185 701 220 DE
730 185 1037 220 SCRIPTORVM
1062 185 1187 220 VITIS
1214 185 1275 220 ET
1305 185 1511 221 SCRIPTIS

391 296 540 335 Deinde
568 309 666 347 quae
695 296 833 335 Festus
860 309 896 347 p.
918 294 1003 335 363
1031 297 1149 335 refert
1179 309 1225 335 ex
1253 296 1406 336 Cincio:
1450 298 1649 338 Trientem
1677 303 1842 339 tertium

302 364 435 410 pondo
464 374 655 401 coronam
683 374 850 400 auream
874 363 1032 401 dedisse
1051 374 1094 401 se
1115 363 1206 401 Ioui
1233 364 1379 401 (Ionum
1398 366 1563 413 scripsit
1587 364 1625 402 T.
1652 365 1843 410 Quintius

306 430 494 475 dictator,
527 439 643 476 quom
667 439 749 476 per
782 439 924 466 nouem
958 429 1044 466 dies
1077 429 1239 466 totidem
1272 429 1392 466 urbes
1420 434 1457 466 et
1490 430 1686 468 decimam
1712 431 1839 469 Prae·

305 500 453 531 uestem
487 495 666 542 cepisset.
707 494 751 530 id
779 495 1016 541 siynificare
1050 496 1106 531 ait
1140 494 1301 531 Cincius
1333 496 1371 531 in
1406 497 1710 543 mystayoqicon
1744 497 1766 534 l.
1794 496 1849 534 II

304 559 407 596 (luas
433 559 560 596 libras
577 558 718 606 pondo
746 562 783 595 et
811 560 1012 605 trientem,
1046 557 1181 596 eadem
1208 559 1260 595 ita
1288 557 1418 596 redire
1446 558 1714 610 compluribus
1740 561 1839 598 uiris

304 621 440 673 doctis,
467 627 510 660 ut
532 621 747 660 Niebuhrio
768 622 812 660 H.
834 622 876 660 R.
898 622 932 660 ΙΙ
954 635 989 673 p.
1007 620 1105 673 662,
1132 622 1373 661 Mommseno
1395 622 1574 662 Chronol.
1590 636 1626 674 p.
1642 622 1725 663 317
1748 637 1785 664 11.
1804 623 1840 675 7,

307 687 408 738 apud
436 687 621 726 Liuium
648 686 847 738 uidentur,
873 693 917 726 ut
943 700 963 726 a
984 688 1096 726 Liuio
1123 688 1218 726 haee
1247 700 1292 726 ex
1321 689 1405 739 ipso
1427 687 1561 727 Cincio
1587 689 1725 728 hausta
1752 702 1841 728 esse

304 751 558 791 arbitrentur.
599 752 696 791 haee
723 754 828 791 enim
856 752 992 791 Liuius
1021 751 1058 803 6,
1080 751 1148 804 29,
1170 750 1213 791 8:
1252 753 1295 791 T.
1321 753 1534 799 Quinctius
1567 753 1841 803 [Cincinnatus

303 831 334 856 a.
357 815 454 856 380.
477 816 580 867 374]
601 820 722 857 semel
741 821 832 857 acie
852 821 997 866 uictor,
1025 820 1130 857 binis
1151 821 1297 857 castris
1317 820 1499 867 hostium,
1520 831 1663 858 nouem
1685 821 1842 869 oppidis

306 886 347 922 ui
374 886 516 932 captis,
543 884 765 922 Praeneste
792 887 833 922 in
859 885 1103 922 deditionem
1125 890 1291 932 accepto
1313 883 1482 922 Romam
1502 887 1674 923 reuertit
1700 887 1841 923 trium·

298 950 511 997 [dictusque
537 951 696 997 sianum
722 950 940 987 Praeneste
968 950 1178 987 deuectum
1199 949 1312 987 Iouis
1338 952 1596 998 inmeratoris
1615 952 1656 988 in
1684 950 1845 999 Capito·

303 1017 400 1053 lium
434 1017 534 1053 tulit.
575 1015 805 1052 dedicatum
833 1018 890 1052 est
923 1017 1030 1052 inter
1057 1015 1198 1052 cellam
1226 1014 1338 1052 Iouis
1364 1026 1415 1053 ac
1441 1015 1658 1053 Mineruae
1685 1016 1842 1053 tabula·

304 1091 380 1128 que
405 1081 478 1118 sub
507 1091 551 1118 eo
575 1082 683 1127 fixa,
716 1084 1011 1118 monumentum
1044 1091 1182 1117 rerum
1212 1084 1437 1128 yestarum,
1469 1081 1533 1118 bis
1554 1080 1685 1129 ferme
1712 1083 1843 1118 incisa

303 1148 450 1184 litteris
472 1145 574 1194 fuit:
601 1142 802 1194 ‘Iuffliiter
823 1149 944 1192 atque
965 1145 1053 1182 (le'ui
1073 1155 1207 1183 omnes
1226 1146 1303 1183 boc
1324 1146 1533 1193 dederunt,
1560 1150 1603 1183 ut
1628 1145 1666 1183 T.
1693 1145 1842 1190 Quinc-

305 1214 386 1250 tius
419 1212 597 1249 dictator
624 1212 772 1259 oppida
799 1222 942 1249 nouem
970 1207 1161 1258 caperet?
1201 1209 1269 1248 uhi
1297 1222 1342 1248 ex
1370 1221 1522 1248 summa
1549 1222 1625 1261 qua
1652 1216 1736 1249 erat
1760 1222 1845 1248 mo-

306 1281 585 1314 numentorum
619 1275 772 1313 incuria
800 1286 893 1313 sane
921 1280 981 1313 est
1006 1276 1093 1312 ueri
1128 1274 1372 1313 simillimum
1399 1274 1555 1314 Liuium
1582 1276 1711 1327 ipsum
1738 1275 1845 1314 huno

306 1340 481 1391 titulum,
509 1341 745 1391 praesertim
779 1352 868 1378 cum
896 1344 978 1378 tum
1006 1341 1083 1377 iam
1110 1341 1338 1378 euanuisset
1371 1342 1522 1387 (incisa
1550 1341 1668 1390 fuit)
1680 1337 1731 1394 1),
1764 1353 1844 1378 non

308 1405 473 1456 uidisse,
501 1418 574 1443 nee
601 1405 836 1444 mirabimur
862 1404 1024 1443 alteram
1052 1404 1156 1444 tituli
1182 1410 1346 1456 partem,
1377 1417 1451 1456 qua
1479 1405 1527 1443 oh
1555 1405 1641 1444 illas
1668 1418 1732 1444 res
1759 1405 1843 1444 feli-

307 1472 407 1509 citer
443 1476 572 1521 gestas
608 1471 794 1508 trientem
831 1471 991 1508 tertium
1028 1469 1157 1521 pondo
1194 1482 1378 1508 coronam
1414 1483 1571 1509 auream
1609 1484 1650 1510 se
1687 1470 1843 1510 dedisse

307 1536 514 1581 Quinctius
549 1535 751 1574 addiderat
785 1531 884 1589 (uid.
911 1535 1075 1575 Mueller
1108 1535 1154 1574 ad
1188 1535 1288 1574 Fest.
1315 1548 1350 1586 p.
1373 1533 1459 1575 362
1487 1541 1525 1575 et
1552 1535 1670 1575 Hertz
1696 1550 1732 1588 p.
1753 1531 1846 1590 44),

308 1601 554 1652 neglegentia
581 1600 684 1639 Liuii
711 1602 896 1639 omissam
924 1613 1022 1639 esse.

401 1665 476 1705 Sed
493 1665 728 1717 subiungant
744 1667 861 1704 etiam
884 1665 1049 1705 alterum
1071 1666 1198 1704 locum
1221 1666 1336 1717 Liuii,
1357 1679 1432 1717 quo
1455 1672 1678 1718 comparato
1698 1668 1847 1705 utrius-

307 1744 383 1783 que
422 1731 671 1770 difficultates
708 1731 875 1770 multum
911 1736 1097 1770 tractatae
1135 1744 1249 1782 spero
1286 1737 1459 1771 remotae
1493 1738 1620 1771 erunt.
1662 1738 1722 1771 est
1756 1732 1844 1771 hice

307 1796 364 1850 (7,
386 1793 432 1851 3)
442 1811 454 1836 .·
479 1798 563 1835 Nec
591 1803 721 1836 tamen
749 1799 937 1836 ludorum
954 1800 1135 1846 primum
1157 1800 1315 1836 initium
1332 1799 1616 1846 procurandis
1636 1800 1845 1846 reliqioni-

307 1866 380 1902 bus
408 1865 545 1901 clatum
567 1868 638 1901 am
665 1865 863 1911 rele'yione
890 1866 1045 1902 animos
1072 1868 1142 1901 aut
1170 1874 1345 1912 corpora
1368 1864 1519 1902 morbis
1544 1865 1698 1902 leuauit
1706 1877 1720 1909 ;
1746 1866 1845 1912 quin

308 1932 446 1976 eliam,
480 1940 569 1967 cum
602 1930 754 1967 medios
782 1928 892 1977 forte
925 1930 1040 1967 lua’os
1066 1931 1204 1967 circus
1234 1928 1370 1967 Tiberi
1400 1928 1614 1978 superfuso
1641 1931 1848 1977 inriyatus

308 1995 537 2043 impedisset,
566 1995 609 2032 ld
634 2006 732 2032 vuero
760 1996 870 2032 uelut
897 1996 1056 2032 auersis
1083 1997 1162 2032 iam
1184 1995 1262 2032 diis
1289 1994 1682 2042 aspernantibusque
1698 1995 1846 2042 placa—

308 2062 418 2097 mina
446 2062 536 2097 irae
564 2065 761 2097 terrorem
796 2061 996 2107 ingentem
1019 2058 1130 2108 fecit.
1170 2061 1308 2107 itaque
1340 2058 1377 2096 C.
1406 2059 1582 2097 Genucio
1610 2058 1653 2097 L.
1674 2059 1847 2097 Aemilio

310 2125 518 2163 Mamerco
541 2127 687 2163 iterum
708 2126 940 2163 consulibus
960 2136 1049 2163 cum
1061 2126 1325 2173 placatorum
1345 2126 1476 2172 magyis
1496 2125 1737 2171 conquisitio
1758 2126 1846 2162 ani-

312 2202 393 2228 mos
427 2202 546 2238 quam
580 2201 755 2239 corpora
782 2191 913 2228 morbi
945 2191 1187 2237 adficerent,
1220 2192 1432 2238 repetitum
1459 2201 1511 2227 esc
1536 2191 1740 2227 seniorum
1766 2201 1846 2227 me·

310 2258 439 2294 moria
467 2257 621 2294 (licitur
638 2258 915 2305 pestilentiam
942 2257 1144 2304 quondam
1172 2257 1289 2293 clauo
1317 2255 1367 2293 ab
1395 2255 1597 2292 dictatore
1618 2256 1704 2301 fixo
1729 2255 1847 2292 seda-

310 2328 401 2359 tam.
441 2332 490 2359 ea
509 2323 710 2369 religsione
731 2321 932 2359 adductus
957 2325 1123 2358 senatus
1144 2321 1383 2358 dictatorem
1405 2321 1514 2357 claui
1534 2320 1692 2367 fiqendi
1718 2330 1847 2357 eausa

310 2387 396 2424 diez·
428 2388 553 2424 iussit.
595 2388 729 2425 dictus
754 2386 798 2424 L.
820 2386 1002 2424 Manlius
1028 2386 1274 2434 Imperiosus
1301 2385 1344 2422 L.
1366 2385 1580 2422 Pinarium
1606 2386 1847 2432 mayi'strum

310 2454 487 2500 equitum
510 2453 626 2490 (li-rit.
660 2454 727 2490 lex
748 2456 908 2490 uetusta
934 2456 1002 2499 est,
1021 2453 1178 2500 priscis
1204 2452 1350 2488 litteris
1374 2451 1589 2498 uerbisque
1607 2451 1775 2498 scripta,
1804 2454 1846 2487 ut

310 2519 380 2565 qui
396 2522 573 2566 praetor
593 2519 795 2555 maximus
819 2519 872 2555 sit
898 2517 1031 2555 idibus
1053 2516 1353 2564 Septembribus
1376 2517 1536 2564 clauum
1553 2519 1727 2563 panyat.
1756 2516 1848 2561 fixa

306 2582 389 2631 fuit
410 2583 555 2620 dextro
582 2583 704 2620 lateri
731 2583 846 2620 aedis
867 2582 979 2620 Iouis
1005 2583 1144 2630 optimi
1169 2583 1349 2628 maximi,
1376 2592 1427 2618 ex
1448 2592 1527 2628 qua
1544 2585 1670 2628 parte
1690 2579 1845 2618 Miner·

408 2692 440 2734 1)
467 2690 504 2724 Si
536 2701 575 2724 re
608 2700 697 2724 uera
723 2688 850 2724 Cicero
877 2689 979 2724 Verr.
1001 2693 1033 2731 4,
1052 2692 1108 2732 58,
1128 2692 1194 2723 129
1222 2689 1261 2722 T.
1283 2687 1457 2730 Quinctio
1490 2686 1710 2722 Cincinnato
1743 2689 1778 2720 et
1804 2686 1844 2721 T.

311 2743 484 2786 Quinctio
506 2743 715 2777 Flaminino
743 2743 905 2777 confusis
932 2743 1002 2777 hoe
1027 2742 1175 2786 signum
1195 2741 1478 2776 Praenestinum
1504 2740 1542 2774 in
1569 2741 1693 2775 animo
1719 2740 1846 2782 habet,

311 2797 411 2840 quod
438 2796 531 2831 falso
560 2808 602 2830 ex
623 2796 845 2831 Macedonia
871 2796 1070 2830 aduectum
1092 2806 1169 2830 esse
1190 2795 1295 2836 dixit,
1323 2795 1398 2828 iam
1419 2806 1515 2828 anno
1544 2797 1598 2828 70.
1620 2797 1688 2827 684
1713 2793 1847 2827 titulus

310 2850 375 2884 1110
403 2849 547 2884 deletus
576 2852 665 2885 erat.
708 2851 747 2884 at
772 2850 849 2884 uid.
870 2849 1099 2884 Boeekhium
1127 2850 1164 2882 in
1192 2848 1227 2884 C.
1250 2849 1357 2882 inser.
1380 2847 1438 2882 Gr.
1461 2848 1492 2881 H
1512 2851 1642 2892 11976.
