2002 3342
585 169 606 203 1.
635 168 697 202 DE
725 167 1001 202 ANNALIBVS
1028 167 1231 201 MAXIMIS
1597 182 1676 211 ΧῙΧ

144 294 231 320 6556
259 280 440 319 adnotata
468 280 685 318 Mommsen
713 275 1054 331 animaduertitl),
1085 277 1131 316 ab
1160 290 1204 316 eo
1232 284 1407 328 tempore
1435 279 1563 316 031313
1592 284 1678 328 post

144 347 461 397 procurationem
496 346 535 383 in
567 344 728 394 tabulis,
759 345 799 382 in
828 343 971 394 quibus
1005 343 1097 381 solis
1124 343 1234 381 locus
1265 344 1323 381 eis
1357 343 1446 393 fuit,
1479 345 1678 393 proposita

144 423 230 449 esse
252 412 447 461 sequitur3
468 415 628 448 manent
648 414 779 447 tamen
794 409 866 447 alia
882 414 970 446 ante
993 421 1082 446 eum
1097 420 1243 446 annum
1258 409 1445 457 nuntiata,
1468 408 1513 446 de
1536 408 1678 458 quibus

144 489 215 515 cur
236 475 459 514 dubitemus
480 487 595 513 causa
617 486 694 512 non
717 479 792 512 est:
820 476 950 524 itaque
971 473 1160 512 Wuelker
1181 469 1236 525 (p.
1252 470 1307 511 58
1324 469 1429 525 sqq.)
1450 474 1526 511 iam
1548 485 1579 510 3.
1597 474 1677 511 l'ere

144 539 241 579 304.
268 538 355 579 450
386 540 565 591 prodigia
596 539 753 590 publice
793 538 935 577 litteris
974 538 1155 577 mandata
1194 550 1281 577 esse
1314 538 1462 576 maluit.
1510 537 1677 589 denique

143 606 286 645 multas
314 618 377 644 res
406 605 451 644 de
479 604 634 643 saeculo
662 606 798 655 quinto
827 617 857 642 a.
880 604 946 642 Ch.
968 609 1146 642 narratas
1173 608 1278 642 tanta
1303 603 1562 641 similitudine
1590 615 1677 641 cum

145 670 263 710 rebus
285 670 442 709 saeculo
463 675 602 721 quarto
623 671 744 721 gestis
766 668 959 708 excellere
981 666 1089 721 (Pais
1110 669 1125 707 Ι
1146 668 1172 706 2
1193 682 1229 719 p.
1246 666 1331 707 322
1349 681 1431 719 sqq.
1454 675 1492 707 et
1512 664 1678 719 passim)

142 735 260 786 uidit,
292 741 333 775 ut
367 736 437 774 has
469 736 628 774 ueritati
661 734 921 786 respondere,
954 734 1041 772 illas
1075 746 1212 772 eorum
1246 734 1423 785 exemplo
1452 735 1562 772 fictas
1593 746 1679 772 esse

144 800 448 840 existimandum
470 802 530 839 sit.
558 799 724 851 proinde
747 799 850 851 quod
872 799 1004 838 Soltau
1026 812 1061 850 p.
1079 797 1165 838 270
1181 812 1250 850 sq„
1271 799 1359 837 Pais
1382 799 1403 837 l.
1420 795 1508 853 02),
1530 798 1679 837 Κο136·

142 879 261 905 mann
288 866 536 904 Enmannum
567 870 728 904 secutus
755 878 790 916 p.
806 862 862 903 36
879 877 961 916 sqq.
989 862 1043 902 47
1075 865 1265 916 suspicati
1296 870 1404 915 sunt,
1437 870 1481 903 ut
1509 864 1680 915 aliquem

142 944 351 971 numerum
377 943 580 982 ponamuS‚
608 943 638 969 a.
661 931 741 969 sere
762 927 861 969 300.
881 928 970 969 454
997 942 1061 968 res
1083 943 1181 981 quae
1209 936 1445 981 gererentur
1471 931 1511 968 in
1535 929 1678 968 tabulis

142 1002 294 1035 notatas
323 1009 410 1035 esse
437 1008 650 1035 sumamus.

233 1061 369 1101 Fastos
403 1067 534 1100 autem
562 1061 768 1100 consulum
802 1062 879 1099 iam
907 1066 1019 1100 antea
1046 1062 1086 1099 in
1115 1066 1267 1099 certum
1295 1060 1473 1099 ordinem
1501 1059 1681 1098 redactos

143 1140 230 1166 esse
264 1140 309 1166 ex
342 1126 472 1165 indice
509 1139 645 1165 eorum
682 1126 821 1165 elucet.
861 1138 951 1165 nam
984 1132 1073 1177 post
1106 1139 1137 1165 a.
1164 1124 1263 1165 463.
1291 1122 1421 1179 291³)
1458 1125 1680 1176 multasque

143 1188 460 1246 corruptiones4)
495 1204 584 1230 raro
618 1191 664 1230 ab
693 1204 737 1230 eo
767 1191 994 1230 disceditur.
1034 1193 1165 1243 itaque
1198 1193 1276 1230 iam
1304 1197 1392 1230 ante
1420 1204 1510 1230 eum
1537 1203 1682 1229 annum

142 1259 183 1296 in
209 1259 290 1297 uita
317 1257 474 1309 publica
503 1256 743 1296 desiderium
772 1258 985 1296 excitatum
1013 1262 1097 1295 6131
1129 1257 1225 1296 11366
1251 1263 1505 1296 monumenta
1532 1262 1682 1307 tempo-

142 1336 231 1362 rum
258 1324 421 1361 rationis
448 1321 631 1361 firmandi
659 1328 697 1361 et
717 1324 829 1373 quasi
851 1321 1067 1373 sanciendi,
1095 1335 1211 1373 quam
1232 1322 1280 1361 oh
1303 1335 1386 1361 rem
1413 1321 1504 1361 talia
1525 1323 1682 1373 potissi-

142 1401 250 1428 mum
284 1394 373 1439 post
404 1387 545 1427 urbem
573 1394 847 1439 recuperatam
882 1389 1103 1438 conquisita
1137 1393 1239 1427 sunt.
1280 1400 1369 1426 cum
1395 1400 1490 1426 uero
1518 1388 1683 1426 scientia

143 1455 388 1505 antiquitatis
415 1454 455 1491 in
482 1455 564 1492 uita
591 1453 700 1491 ciuili
726 1453 884 1504 publice
912 1466 1010 1504 opus
1038 1465 1124 1492 esse
1150 1454 1346 1504 inciperet
1372 1458 1487 1504 atque
1514 1454 1554 1491 in
1576 1453 1683 1503 regia

144 1531 312 1571 quoque,
341 1524 487 1570 quanta
508 1519 593 1557 eius
614 1518 900 1558 recordationis
926 1520 1032 1557 inter
1059 1520 1168 1558 ciues
1194 1520 1257 1557 uis
1284 1524 1401 1569 esset,
1428 1523 1683 1570 perspectum

144 1590 260 1635 esset,
294 1585 411 1623 etiam
440 1584 666 1634 pontifices,
697 1586 737 1622 in
765 1596 933 1635 quorum
960 1584 1108 1622 tablino
1135 1583 1233 1635 largi
1261 1583 1529 1623 scaturiebant
1555 1584 1683 1622 fontes

143 1651 518 1689 commentariorum
546 1654 583 1687 et
609 1648 819 1701 librorum,
846 1651 1057 1688 tenacitate
1085 1649 1318 1688 sacerdotali
1345 1649 1486 1700 adiuti,
1519 1654 1562 1688 ut
1589 1661 1683 1700 qua-

143 1715 219 1754 lem
247 1715 479 1753 memoriam
507 1714 553 1752 ab
575 1715 689 1753 initio
711 1727 798 1754 esse
819 1714 979 1766 uellent,
1006 1714 1094 1753 talis
1116 1714 1361 1754 stabiliretur
1381 1721 1419 1753 et
1439 1714 1684 1766 uulgaretur‚

144 1793 228 1819 eam
256 1780 504 1819 conformare
533 1779 808 1831 decreuerunt,
837 1780 1065 1831 diligentius
1087 1793 1152 1819 eas
1174 1793 1249 1831 res,
1277 1793 1374 1832 quas
1398 1781 1588 1819 memoria
1615 1779 1684 1818 110-

143 1847 312 1895 minum,
349 1846 417 1896 qui
456 1851 539 1884 tum
571 1845 778 1897 uiuebant‚
814 1851 929 1897 atque
964 1858 1100 1884 eorum
1140 1851 1297 1897 patrum
1337 1845 1684 1897 complectebatur,

143 1911 382 1962 perscrutati
409 1916 447 1949 et
468 1912 605 1961 secuti,
631 1911 733 1949 ultra
762 1923 846 1950 eam
874 1917 1003 1950 autem
1030 1916 1287 1950 monumenta
1314 1923 1572 1962 quaecunque
1599 1916 1684 1962 pot—

143 1983 255 2015 erant
281 1977 574 2026 conquirentes,
601 1989 650 2015 ne
678 1976 820 2015 famam
847 1976 1008 2028 quidem
1030 1982 1096 2015 aut
1122 1977 1404 2015 commentaria
1431 1976 1592 2027 gentilia
1620 1981 1685 2014 aut

145 2041 291 2080 Graeca
323 2042 485 2080 inuenta
518 2047 764 2092 spernentes.
804 2043 845 2080 in
879 2043 1011 2093 specie
1044 2047 1175 2080 tamen
1209 2041 1429 2080 tabularum
1460 2041 1684 2080 similitudi-

144 2119 233 2146 nem
260 2105 489 2145 imitabatur
514 2106 579 2145 uel
599 2119 703 2145 unus
730 2106 807 2158 ille,
835 2108 902 2158 qui
930 2106 1051 2146 semel
1078 2107 1175 2146 illud
1203 2120 1300 2158 opus
1322 2107 1502 2155 confecit,
1529 2107 1593 2146 uel
1613 2119 1685 2158 per

144 2171 350 2210 interualla
378 2171 512 2222 plures
534 2171 732 2223 deinceps,
760 2184 875 2223 saepe
902 2172 1005 2211 haud
1032 2173 1173 2211 inscite
1196 2177 1234 2211 et
1253 2172 1470 2225 inerudite;
1497 2185 1586 2210 nam
1608 2174 1684 2210 iam

146 2237 386 2276 defectiones
420 2237 514 2276 solis
546 2237 638 2276 inde
671 2237 717 2276 ab
751 2252 781 2277 3.
803 2235 902 2277 403.
929 2235 1012 2277 351
1051 2234 1134 2291 (uel
1160 2235 1259 2276 400.
1282 2234 1387 2292 354)
1422 2237 1486 2276 361
1520 2250 1566 2276 ex
1599 2237 1685 2276 aliis

144 2303 411 2341 monumentis
438 2304 478 2341 in
500 2302 659 2341 annales
681 2303 901 2354 suppletam
928 2303 1217 2342 transtulerunt
1242 2303 1307 2342 uel
1328 2304 1618 2354 computatione
1647 2309 1686 2342 et

145 2369 294 2407 ratione
322 2368 398 2419 ipsi
424 2369 678 2406 inuenerunt.
689 2364 722 2422 ⁵)
764 2368 861 2407 tides
889 2374 1019 2407 tamen
1047 2368 1413 2420 supplementorum
1441 2369 1599 2407 omnino
1628 2367 1683 2406 di-

242 2460 274 2503 1)
289 2458 327 2492 in
341 2458 457 2502 praef.
469 2458 597 2492 Jahnii
610 2458 773 2502 perioch.
786 2458 932 2493 Liuiam.
949 2459 1037 2493 edit.
1055 2471 1089 2503 p.
1102 2472 1150 2493 xx
1165 2477 1208 2488 =
1225 2459 1360 2504 opusc.
1372 2458 1462 2503 phil.
1475 2471 1510 2504 p.
1525 2462 1590 2493 168
1604 2470 1682 2502 sqq.

145 2512 189 2546 cf.
210 2512 373 2556 Bernays
402 2510 536 2556 Opusc.
558 2511 589 2545 Π
614 2524 649 2556 p.
666 2515 732 2546 307
749 2523 803 2555 sq.
830 2511 1010 2546 Wuelker
1034 2525 1069 2557 p.
1087 2516 1104 2546 Τ
1122 2524 1174 2556 sq.
1203 2516 1247 2546 56
1262 2524 1341 2556 sqq.

241 2566 274 2608 2)
302 2564 535 2608 Quamquam
560 2576 635 2599 non
661 2565 811 2600 omnino
832 2566 866 2600 ei
888 2565 1094 2607 adsenti013
1122 2577 1219 2610 quae
1245 2567 1372 2600 tamen
1391 2567 1536 2600 restant
1555 2565 1683 2599 simili-

144 2618 294 2652 tudines
321 2618 369 2652 ad
395 2618 493 2652 hunc
518 2619 719 2653 terminum
746 2618 997 2653 definiendum
1024 2619 1226 2653 sufficiunt.

242 2673 276 2715 3)
301 2672 505 2706 Mommsen
531 2671 576 2706 H.
598 2671 640 2705 R.
662 2671 677 2705 I
703 2684 738 2716 p.
755 2676 835 2706 462.
877 2671 1046 2707 Chronol.
1067 2684 1101 2717 p.
1120 2676 1186 2707 110
1202 2684 1281 2716 sqq.

241 2726 275 2768 4)
303 2724 354 2758 Cf.
383 2724 574 2759 Cichorius
605 2725 663 2760 De
688 2725 797 2767 fastis
822 2725 1074 2760 consularibus
1104 2726 1370 2769 antiquissimis
1401 2725 1439 2759 13
1466 2725 1681 2771 13])ε.,18ἐαι1.

147 2777 195 2811 IX
220 2789 256 2821 p.
276 2781 339 2811 171
357 2789 436 2821 sqq.

241 2832 276 2874 ὅ)
310 2830 481 2865 Ceterum
514 2831 722 2865 admiratur
754 2832 788 2866 h.
816 2831 840 2875 1.
875 2831 1000 2866 Cicero
1033 2843 1158 2866 eorum
1193 2832 1375 2866 rationem
1409 2833 1521 2875 atque
1554 2830 1682 2865 soller-

1339 2891 1394 2924 ΙΙ*
