2002 3342
754 834 1038 901 (PAVLVS)
1067 835 1382 902 CLODIVS1)

391 943 429 982 C.
446 943 625 983 Clodium
647 944 826 983 Licinum
847 944 940 982 hinc
960 945 1000 983 in
1023 943 1189 983 alterum
1210 944 1396 983 uolumen
1419 945 1591 996 relegaui
1607 940 1662 998 (p.
1680 954 1772 984 CVII
1783 958 1842 998 sq.

301 1006 354 1047 77
370 1006 459 1061 sq),
487 1009 556 1047 sed
584 1010 701 1048 etiam
729 1021 828 1060 quae
855 1009 918 1047 hic
944 1009 1079 1048 relicta
1107 1015 1197 1048 sunt
1219 1009 1294 1048 duo
1322 1010 1540 1061 fragmenta
1566 1012 1717 1049 incerta
1738 1016 1840 1050 sunt.

301 1086 438 1113 eorum
468 1076 579 1125 prius
612 1074 726 1113 titulo
754 1087 774 1112 a
801 1074 844 1119 Q.
873 1073 1024 1113 Claudii
1051 1074 1300 1125 Quadrigarii
1327 1075 1532 1114 annalibus
1561 1075 1694 1127 distat,
1727 1089 1841 1128 argu-

299 1145 431 1178 mento
453 1146 495 1178 ut
516 1140 673 1178 initium
695 1152 831 1178 eorum
854 1139 1068 1178 defendens
1079 1136 1112 1194 2)
1141 1142 1356 1191 consentit,
1390 1140 1556 1179 alterum
1586 1143 1841 1192 praenomine

300 1204 347 1243 ab
375 1206 432 1243 eis
461 1204 728 1255 distinguitur.
770 1206 901 1256 itaque
929 1206 1112 1255 quoniam
1139 1206 1285 1244 frustra
1312 1207 1352 1244 in
1377 1204 1543 1258 Παύλῳ
1570 1208 1730 1245 1101111110
1756 1219 1842 1245 11111-

300 1269 417 1308 tando
451 1269 669 1308 laboratum
703 1266 806 1324 0513)
849 1265 964 1323 (nam
999 1271 1116 1308 etiam
1151 1271 1408 1321 praenomine
1440 1271 1550 1310 Pauli
1582 1271 1747 1310 Romani
1779 1273 1841 1311 usi

301 1340 404 1385 sunt,
430 1334 648 1373 Mommsen
669 1335 719 1374 R.
740 1336 783 1374 F.
803 1335 819 1373 I
841 1347 876 1386 p.
892 1331 1055 1389 34sq.)‚
1088 1341 1311 1386 temporum
1341 1341 1471 1374 autem
1499 1337 1650 1375 ratione
1677 1336 1841 1382 Quadri-

303 1401 436 1451 garius
471 1412 517 1439 ex
545 1400 748 1439 Ciceronis
781 1399 912 1438 indice
945 1406 1126 1439 ueterum
1159 1401 1439 1440 historicorum
1467 1401 1694 1440 Latinorum
1728 1414 1843 1453 saepe

299 1465 455 1504 laudato
483 1465 716 1516 excluditur,
742 1465 849 1504 hunc
874 1465 1037 1504 Paulum
1066 1479 1155 1504 cum
1181 1466 1383 1505 Ciceronis
1405 1466 1539 1505 Clodio
1567 1468 1844 1506 coniunximus

301 1535 340 1569 et
365 1530 438 1569 hoc
465 1530 550 1569 loco
577 1532 682 1569 inter
709 1530 885 1569 Coelium
920 1536 958 1569 et
983 1531 1221 1570 Asellionem
1251 1532 1573 1582 interposuimus.
1612 1532 1708 1570 haec
1736 1533 1842 1570 enim

397 1658 430 1700 1)
457 1656 506 1690 Vt
539 1667 733 1691 numerum
767 1668 911 1698 eorum,
945 1657 1114 1700 quitum
1150 1657 1198 1691 ad
1234 1657 1430 1692 historiam
1466 1658 1643 1692 accedere
1679 1659 1842 1702 possent,

299 1712 500 1755 angustum
527 1710 643 1744 fuisse
669 1712 882 1753 monstrem,
912 1709 1006 1745 alios
1033 1710 1181 1745 Clodios
1208 1711 1269 1744 uel
1295 1710 1471 1746 Claudios
1498 1712 1659 1756 (praeter
1685 1710 1841 1753 Quadri-

298 1763 458 1808 garium)
491 1763 709 1798 recensebo:
749 1763 893 1808 Appius
928 1762 1106 1798 Claudius
1140 1763 1300 1799 Pulcher
1327 1775 1397 1799 cos.
1420 1774 1451 1798 a.
1475 1768 1531 1798 54.
1555 1767 1638 1805 700,
1674 1766 1841 1798 mortuus

298 1827 330 1850 a.
347 1820 403 1850 49.
426 1819 504 1851 705.
544 1816 593 1860 is,
625 1818 667 1850 ut
701 1816 754 1851 ait
781 1816 907 1851 Cicero
934 1817 1050 1860 (Brut.
1069 1818 1222 1861 77,267)
1252 1817 1304 1851 ‘et
1335 1817 1425 1851 satis
1453 1817 1641 1851 studiosus
1670 1819 1707 1851 et
1731 1816 1843 1852 ualde

298 1870 440 1911 doctus,
468 1871 548 1903 tum
575 1870 691 1904 etiam
717 1869 944 1905 exercitatus
971 1871 1095 1904 orator
1115 1871 1152 1904 et
1173 1881 1257 1904 cum
1279 1869 1470 1916 auguralis
1491 1872 1569 1904 tum
1591 1870 1733 1914 publici
1753 1870 1843 1904 iuris

298 1922 613 1967 antiquitatisque
636 1924 786 1957 nostrae
812 1922 907 1957 bene
932 1923 1076 1968 peritus
1103 1915 1212 1965 fuit’s
1232 1922 1395 1966 librique
1417 1923 1495 1957 eius
1517 1923 1727 1967 augurales,
1754 1933 1845 1967 quo—

296 1988 378 2010 rum
405 1976 518 2010 etiam
544 1977 755 2022 fragmenta
780 1987 904 2021 pauca
931 1977 1033 2021 apud
1059 1977 1212 2011 Festum
1239 1976 1287 2010 ad
1313 1987 1380 2011 nos
1406 1977 1658 2021 peruenerunt
1680 1976 1845 2021 (Bremer

297 2030 368 2064 Iur.
390 2030 513 2064 anteh.
536 2030 605 2074 Ip.
623 2034 690 2064 243
701 2032 785 2074 sq.),
820 2031 1158 2065 commemorantur
1190 2041 1212 2064 a
1239 2029 1415 2064 Cicerone
1451 2029 1529 2064 eius
1556 2029 1676 2064 amico
1702 2029 1741 2063 in
1767 2028 1844 2073 epi-

298 2082 395 2117 stula
421 2083 585 2126 quadam
611 2084 659 2118 ad
686 2094 771 2118 eum
798 2085 887 2118 data
914 2083 975 2126 (ad
995 2083 1082 2117 farn.
1106 2085 1279 2127 3,11,3),
1306 2084 1501 2127 praeterea
1524 2082 1620 2117 m‘hss
1646 2083 1692 2117 de
1719 2082 1844 2117 studio

298 2136 376 2170 eius
403 2136 615 2171 litterarum
636 2137 857 2181 accepimus.
887 2137 933 2171 cf.
956 2137 1001 2171 de
1022 2147 1064 2171 eo
1085 2136 1443 2171 Drumann-Groebe
1460 2136 1493 2170 H
1511 2148 1548 2181 p.
1565 2139 1632 2170 186
1653 2138 1749 2181 (160)
1764 2148 1844 2180 sqq.

298 2189 475 2224 Muenzer
501 2191 547 2225 R.
569 2191 616 2225 E.
638 2190 688 2224 III
710 2201 738 2225 c.
756 2193 859 2225 2849.
898 2190 969 2224 Η10
997 2192 1097 2225 certe
1123 2189 1262 2224 nobilis
1289 2190 1362 2224 fuit
1387 2191 1430 2224 ut
1457 2190 1571 2224 ceteri
1598 2189 1678 2224 eius
1711 2189 1844 2224 aetatis

297 2243 484 2286 historici,
518 2245 557 2278 at
589 2243 687 2278 inter
719 2256 781 2279 eos
814 2244 938 2279 locum
972 2255 1047 2278 non
1080 2243 1325 2278 obtinuerunt
1351 2243 1501 2277 Seruius
1530 2243 1697 2286 Clodius,
1732 2253 1845 2286 eques

300 2296 506 2339 Romanus,
538 2297 636 2332 Aelii
671 2297 823 2332 Stilonis
849 2309 979 2342 gener,
1006 2297 1275 2342 grammaticus
1302 2297 1417 2342 (Suet.
1439 2296 1485 2330 de
1505 2308 1560 2342 gr.
1582 2300 1601 2330 2
1622 2309 1658 2340 p.
1677 2299 1743 2330 101
1759 2295 1844 2341 Rf.)‚

298 2349 361 2394 qui
383 2350 541 2384 multum
556 2351 594 2385 in
609 2351 743 2396 glossis
758 2350 1052 2396 interpretandis
1066 2352 1238 2385 uersatus
1259 2352 1316 2385 est
1329 2349 1455 2395 (Goetz
1471 2350 1516 2385 R.
1532 2349 1580 2384 Ε.
1595 2349 1645 2383 IV
1666 2360 1695 2383 c.
1712 2352 1754 2383 65
1764 2350 1844 2394 sq.),

299 2402 380 2437 Sex.
408 2403 559 2437 Clodius
586 2404 712 2438 rhetor
737 2403 852 2448 (Suet.
875 2404 920 2438 de
940 2416 993 2449 gr.
1015 2405 1053 2438 et
1072 2404 1126 2437 rh.
1149 2407 1190 2437 29
1212 2416 1248 2448 p.
1265 2407 1333 2437 124
1349 2403 1435 2447 1311),
1462 2403 1511 2436 Μ.
1533 2402 1686 2437 Antonii
1714 2402 1844 2436 trium-

297 2455 370 2490 uiri
396 2457 592 2502 magister,
625 2457 783 2492 fortasse
813 2458 929 2500 idem,
962 2458 1027 2501 qui
1054 2456 1194 2492 Graece
1221 2457 1267 2491 de
1294 2455 1365 2489 diis
1393 2455 1543 2499 scripsit
1569 2454 1717 2499 (Arnob.
1739 2458 1771 2497 5,
1789 2458 1843 2489 18.

296 2509 469 2545 Lactant.
490 2510 573 2545 inst.
592 2517 621 2553 1,
638 2514 693 2553 22,
712 2513 782 2555 11),
810 2511 961 2545 Clodius
982 2510 1137 2553 Tuscus,
1163 2510 1254 2544 item
1280 2508 1561 2554 grammaticus,
1589 2508 1620 2542 is
1640 2508 1705 2551 qui
1732 2507 1844 2552 ephe-

300 2563 480 2597 meridem
502 2564 662 2608 Augusti
683 2566 810 2598 aetate
831 2564 982 2608 scripsit
1002 2563 1188 2608 (Funaioli
1208 2575 1243 2607 p.
1258 2566 1339 2596 467.
1368 2561 1509 2595 Schanz
1529 2560 1616 2595 111⁸
1634 2573 1670 2605 p.
1685 2564 1753 2595 529
1763 2563 1844 2605 sq).

395 2618 428 2660 2)
453 2616 623 2651 Niebuhr
649 2617 694 2653 H.
715 2618 820 2652 Rom.
842 2618 874 2652 ΙΙ
894 2622 925 2652 3.
968 2617 1178 2661 Schwegler
1198 2616 1213 2649 Ι
1235 2620 1278 2650 39
1305 2615 1389 2651 11.Π
1407 2620 1447 2650 11
1470 2619 1553 2649 115.
1598 2613 1711 2649 Niese
1732 2615 1777 2650 R.
1793 2615 1842 2649 E.

297 2669 348 2703 HI
369 2681 398 2704 0.
415 2674 517 2704 2859.

397 2725 431 2766 3)
458 2723 605 2770 Κοΐντῳ
632 2723 693 2758 1101
720 2722 1010 2770 Κουαδριγαρίῳ
1031 2723 1372 2768 Schweighaeuser,
1401 2719 1575 2768 Πουβλίῳ
1601 2720 1663 2755 uel
1689 2718 1842 2766 Ποπλίῳ

300 2777 514 2811 Lachmann
529 2777 582 2812 De
597 2778 687 2812 sont.
705 2778 815 2813 Liu.I
836 2790 871 2822 p.
885 2781 929 2812 36
943 2789 991 2820 n.,
1018 2775 1190 2811 Πωλίωνι
1210 2776 1411 2810 Hulleman
1430 2775 1488 2810 De
1502 2775 1623 2810 Paulo
1644 2774 1707 2818 qui
1725 2775 1844 2817 fertur

300 2831 457 2866 Claudio
478 2843 513 2876 p.
527 2835 559 2866 4.
