2002 3342
317 193 428 222 an'
887 177 1217 213 PROLEGOMEN
1219 177 1285 213 ΟΝ

316 303 465 341 suoque
498 289 643 328 iudicio
681 290 853 340 seposito
890 290 1006 327 etiam
1046 289 1222 328 diuersas
1256 302 1333 328 non
1367 295 1551 340 mutatas,
1590 296 1631 329 ut
1669 292 1773 329 inter
1808 303 1849 330 se

316 361 591 406 repugnarent,
620 356 895 405 coniungeret,
934 360 1162 404 argumenta
1189 356 1310 405 igitur
1337 360 1375 393 et
1402 356 1618 394 sententiae
1646 360 1850 394 auctorum

320 422 487 458 intactae.
514 424 755 469 manserunt,
782 419 903 457 uerba
931 425 1061 457 tamen
1090 421 1173 470 pari
1201 420 1404 458 latinitatis
1429 419 1558 458 colore
1586 420 1720 459 induta
1749 426 1851 471 sunt,

315 491 474 536 praeter
501 484 681 534 Gellium,
709 485 821 522 cuius
849 485 1043 522 sermonis
1069 486 1350 535 proprietatem
1378 497 1466 523 cum
1491 486 1648 523 omnino
1677 486 1850 524 imitatus

320 555 434 600 esset,
463 563 505 588 ea
534 562 650 600 opera
679 548 939 600 supersedere
966 547 1173 600 poteratl)

408 614 585 665 Denique
612 614 780 665 plurima
808 614 1025 664 fragmenta
1053 627 1071 653 a
1099 614 1378 653 scholiastis
1412 620 1566 653 seruata
1599 621 1707 665 sunt,
1748 614 1849 666 apud

318 692 414 731 quos
443 691 578 718 eorum
608 679 704 717 fides
730 679 865 717 multis
891 679 1079 729 periculis
1106 679 1272 718 obnoxia
1299 680 1389 732 fuit3
1427 692 1517 718 nam
1550 681 1720 731 primum
1749 692 1852 718 com-

317 746 509 783 mentaria
542 757 658 795 saepe
693 745 885 794 angustiis
919 745 1052 795 spatii,
1092 745 1124 782 si
1158 745 1197 782 in
1230 746 1406 795 margine
1446 744 1747 795 adnotabantur,
1787 757 1852 796 ap-

318 809 433 848 tanda
456 815 578 860 erant,
599 815 682 848 tum
703 815 901 860 tamquam
923 811 1145 848 communia
1166 810 1267 848 bona
1293 822 1370 848 non
1393 809 1464 848 sub
1487 811 1605 848 certis
1626 809 1852 848 nominibus

318 874 637 927 propagabantur
663 881 702 913 et
727 874 851 913 libere
880 874 1144 913 mutabantur.
1196 876 1328 925 itaque
1362 876 1480 913 etiam
1508 875 1671 913 Seruius
1704 876 1853 913 seueri-

320 945 439 978 tatem
467 939 644 978 Thilonis
671 945 857 991 expertus
886 945 955 989 est,
983 952 1058 990 qua
1086 939 1181 978 locis
1209 938 1444 991 quibusdam
1471 940 1708 990 scriptorum
1736 940 1853 978 etiam

317 1017 422 1044 nunc
457 1006 715 1056 superstitum
749 1017 837 1043 cum
873 1017 917 1043 eo
945 1006 1180 1055 comparatis
1208 1017 1256 1043 ne
1285 1017 1348 1043 res
1376 1004 1534 1056 quidem
1561 1004 1705 1043 nedum
1732 1004 1853 1042 uerba

318 1083 407 1108 eum
441 1072 617 1108 tenuisse
651 1069 842 1108 iudicauit
877 1066 1061 1122 (Praefat.
1090 1083 1125 1121 p.
1153 1080 1266 1108 XXXI
1283 1066 1377 1122 sq),
1411 1082 1646 1120 quamquam
1680 1069 1854 1108 Sallustii

317 1134 475 1186 quidam
504 1136 634 1173 minus
660 1136 806 1173 misere
834 1135 957 1173 babiti
985 1140 1077 1173 sunt
1104 1132 1358 1186 (Nitzschner
1384 1134 1405 1172 l.
1428 1147 1457 1173 s.
1484 1148 1519 1186 p.
1543 1132 1597 1173 58
1614 1131 1729 1188 sqq.)

406 1200 449 1238 In
476 1199 629 1238 lubrico
656 1201 776 1251 igitur
804 1212 940 1250 campo
967 1200 1063 1238 haec
1092 1201 1309 1251 fragmenta
1339 1199 1501 1238 edentes
1521 1212 1730 1238 uersamur
1750 1211 1855 1238 sum-

317 1278 457 1316 maque
491 1266 671 1303 cautione
704 1277 801 1316 opus
829 1270 889 1303 est
920 1266 961 1303 in
988 1266 1044 1303 eis
1073 1265 1378 1315 constituendis,
1411 1266 1594 1316 quoniam
1623 1277 1670 1303 ne
1697 1271 1854 1303 ueteres

318 1330 477 1381 quidem
505 1331 736 1381 scriptoreS,
771 1330 914 1380 quibus
949 1342 992 1368 ea
1028 1330 1232 1381 debemus,
1274 1336 1379 1369 reete
1407 1331 1536 1368 omnia
1562 1329 1853 1368 intellexerunt.

319 1395 388 1434 sed
415 1408 464 1433 ne
492 1396 610 1433 nimis
638 1396 772 1445 inique
798 1395 862 1433 uel
891 1397 1004 1433 anxie
1033 1396 1206 1434 sensisse
1233 1395 1389 1445 uidear,
1417 1395 1564 1446 aliquot
1590 1396 1855 1445 corruptionis

318 1460 495 1511 exempla
520 1472 761 1511 componam.
797 1472 936 1510 agmen
958 1459 1108 1499 Nonius
1137 1460 1262 1511 ducat,
1291 1462 1356 1512 qui
1378 1473 1476 1512 quae
1498 1460 1649 1499 Claudii
1670 1465 1855 1511 quattuor

318 1526 535 1575 fragmenta
576 1537 621 1563 ex
660 1524 782 1563 Gellio
822 1523 887 1576 17,
918 1523 944 1563 2
979 1531 1247 1577 excerpserat,
1287 1526 1382 1564 falso
1422 1525 1494 1565 sub
1535 1525 1657 1564 Coelii
1694 1526 1853 1564 nomine

319 1596 501 1642 quattuor
535 1589 704 1628 diuersis
738 1590 834 1629 locis
867 1603 938 1641 per
971 1603 1068 1642 opus
1107 1603 1221 1630 suum
1256 1590 1393 1630 diuisit
1424 1587 1576 1643 (Claud.
1610 1591 1655 1630 fr.
1686 1588 1751 1629 13.
1785 1589 1853 1629 2⁷2.

319 1653 386 1695 23.
410 1653 476 1694 24.
510 1655 589 1694 uid.
611 1655 699 1694 adn.
720 1655 767 1694 ad
795 1650 843 1695 fr.
866 1651 998 1710 22).2)
1039 1661 1123 1695 tum
1143 1656 1335 1695 librorum
1361 1657 1708 1707 inscriptiones
1736 1668 1852 1707 saepe

319 1720 365 1759 ab
399 1720 582 1759 omnihus
616 1721 698 1759 sere
731 1720 958 1759 auctoribus
990 1733 1130 1772 parum
1164 1721 1347 1760 adcurate
1375 1721 1524 1760 adlatae
1555 1726 1663 1772 sunt,
1697 1720 1854 1759 Catonis

317 1787 491 1836 origines
519 1799 539 1824 a
567 1785 756 1824 Cicerone
789 1787 959 1825 oratorie
994 1785 1180 1824 dicuntur
1211 1786 1415 1836 historiae,
1452 1786 1607 1824 Pisonis
1641 1786 1800 1824 annales
1834 1799 1854 1824 a

318 1851 444 1890 Plinio
465 1850 580 1889 modo
602 1851 761 1889 annales
781 1851 897 1890 modo
913 1853 1195 1902 commentarii,
1217 1851 1359 1890 Licinii
1374 1851 1493 1889 Macri
1514 1851 1674 1889 annales
1690 1864 1709 1889 a
1728 1850 1853 1890 Nonio

320 1916 436 1955 modo
464 1917 520 1954 sic
547 1916 661 1954 modo
690 1929 823 1955 rerum
850 1916 1114 1955 Romanarum
1142 1916 1246 1955 libri.
1292 1918 1459 1955 maxime
1480 1928 1576 1955 uero
1599 1916 1853 1955 historiarum

320 1988 359 2020 et
391 1981 588 2019 annalium
623 1982 903 2032 inscriptiones
936 1983 1040 2020 inter
1067 1994 1108 2020 se
1136 1973 1369 2021 commutari
1396 1981 1539 2032 solent,
1571 1981 1681 2020 uelut
1708 1981 1854 2020 Gellius

322 2049 433 2085 uarie
456 2048 548 2085 citat
567 2046 735 2084 Antiatis
756 2046 889 2097 libros,
910 2047 1136 2085 Priscianus
1157 2047 1322 2097 Pisonis,
1343 2045 1493 2085 Nonius
1515 2046 1639 2085 Cassii
1654 2046 1856 2096 Heminae,

321 2112 457 2150 Cicero
479 2111 618 2149 Fannii
638 2107 703 2163 (fr.
720 2109 741 2149 7
766 2124 798 2150 c.
814 2108 933 2165 adn).
973 2111 1150 2150 eiusdem
1171 2112 1344 2150 leuitatis
1365 2113 1404 2150 in
1425 2111 1617 2150 librorum
1644 2113 1856 2150 numeris

320 2182 478 2215 ueteres
515 2177 729 2227 scriptores
765 2176 972 2215 incusandi
1009 2183 1109 2216 sunt.
1160 2190 1250 2216 nam
1289 2182 1332 2215 ut
1371 2178 1640 2228 apertissimos
1680 2189 1856 2228 quosque

323 2253 479 2280 errores
506 2241 570 2279 hic
596 2254 825 2292 proponam,
853 2241 956 2293 apud
982 2241 1152 2281 Nonium
1181 2242 1227 2281 de
1255 2244 1311 2281 eis
1339 2242 1434 2281 locis
1463 2242 1664 2293 Sisennae,
1692 2254 1788 2293 quos
1815 2243 1855 2280 in

323 2306 444 2345 altero
469 2307 595 2358 capite
618 2308 880 2357 coaceruauit,
908 2307 1165 2358 quadraginta
1188 2321 1233 2346 ex
1254 2307 1367 2346 libris
1388 2307 1438 2345 ΙΙΙ
1462 2313 1500 2346 et
1519 2307 1567 2345 IV
1587 2308 1732 2358 sumpti
1754 2313 1857 2355 sunt,

323 2373 497 2422 quinque
519 2384 565 2410 ex
587 2371 672 2410 aliis
694 2368 816 2425 (unus
836 2368 929 2426 bis),
958 2372 1004 2411 de
1024 2372 1085 2411 his
1109 2372 1183 2411 duo
1205 2385 1251 2411 ex
1273 2371 1397 2410 Gellio
1420 2368 1507 2425 (152,
1532 2367 1617 2425 15),
1645 2373 1711 2423 qui
1734 2384 1857 2410 unum

421 2465 453 2506 1>
480 2461 565 2496 Vid.
588 2461 627 2496 G.
644 2461 827 2496 Wissowa
853 2463 912 2498 De
933 2463 988 2497 M.
1010 2463 1308 2498 *saturnaliorum
1327 2463 1492 2506 fontibus
1511 2462 1634 2506 capita
1654 2463 1737 2496 tria.
1774 2461 1858 2495 Dis-

325 2515 477 2549 sertatio
498 2514 649 2549 Vratisl.
672 2518 763 2549 1880
784 2527 818 2559 p.
844 2519 885 2549 12
901 2527 980 2560 sqq.
1013 2516 1177 2550 Indicem
1196 2527 1317 2549 rerum
1339 2527 1361 2549 a
1380 2514 1500 2550 Gellio
1520 2514 1721 2559 petitarum
1747 2514 1858 2548 Ianus

323 2568 361 2602 in
388 2567 551 2601 editione
579 2579 646 2602 sua
671 2568 704 2601 II
730 2580 765 2612 p.
788 2572 855 2602 655
883 2569 1059 2611 confecit;
1086 2569 1161 2603 uid.
1178 2569 1361 2603 Wissowa
1386 2581 1420 2612 p.
1441 2572 1471 2603 3.

421 2622 455 2665 2>
483 2620 590 2655 Nunc
615 2622 872 2665 posteaquam,
899 2624 942 2656 ut
972 2622 1126 2665 adsolet,
1155 2621 1356 2666 diligenter
1381 2623 1419 2656 et
1448 2621 1590 2655 curiose
1613 2621 1661 2656 M.
1682 2621 1794 2654 Hertz
1820 2621 1859 2654 in

327 2673 508 2708 Gellianis
534 2686 569 2718 p.
591 2677 754 2709 85-146
779 2675 818 2708 in
840 2686 922 2709 eam
942 2687 1019 2709 rem
1040 2675 1244 2719 inquisiuit,
1271 2685 1380 2708 nemo
1402 2674 1601 2717 dubitabit,
1626 2674 1717 2718 quin
1737 2674 1858 2709 Nonio

325 2727 521 2772 primarius
554 2727 636 2762 fons
669 2727 782 2762 fuerit
812 2727 971 2771 Gellius,
1005 2729 1177 2772 quamuis
1210 2727 1339 2762 sedulo
1365 2727 1428 2762 ille
1457 2726 1566 2762 Gellii
1598 2739 1706 2761 usum
1739 2727 1858 2761 celare

327 2780 513 2815 studuerit
538 2780 665 2824 (Hertz
692 2780 714 2815 l.
737 2792 764 2815 s.
785 2793 818 2825 p.
835 2784 878 2815 98
895 2792 973 2825 sqq.
1004 2785 1067 2816 131
1085 2783 1190 2825 sqq).
1229 2781 1354 2825 itaque
1381 2781 1459 2826 ipse
1487 2781 1531 2815 de
1552 2781 1622 2814 hae
1642 2780 1859 2825 quaestione

326 2832 485 2868 multum
511 2834 700 2877 quondam
726 2836 885 2868 tractata
911 2833 1102 2878 disputare
1129 2834 1361 2878 supersedeo.
