2002 3342
686 193 723 227 L.
746 191 936 227 CASSIVS
963 192 1156 226 HEMINA
1548 205 1687 236 CLXXI

154 307 332 344 notitiam
354 304 523 343 Eusebio
546 300 601 355 (p.
624 301 709 342 263
737 302 826 341 Sch.
852 300 935 341 1⁶25
950 301 1013 355 K.)
1037 301 1237 341 debemus.
1277 303 1339 341 hic
1368 304 1472 341 enim
1501 315 1576 353 quo
1605 303 1688 340 loco

156 372 282 410 sontes
315 370 463 408 indicat
495 368 638 420 quibus
670 381 766 407 usus
801 380 864 406 res
890 367 1084 406 Romanas
1112 380 1130 405 a
1158 367 1322 406 Romulo
1351 380 1475 418 usque
1502 367 1548 405 ad
1579 380 1688 405 suam

155 441 321 475 aetatem
355 435 598 485 exposuerit,
636 445 723 472 cum
758 432 853 471 alios
887 438 1091 471 enumerat
1124 438 1205 470 tum
1234 432 1357 470 Cassii
1387 432 1551 483 Longini
1584 438 1688 470 octo-

157 500 283 539 decim
311 499 442 549 libros,
465 497 624 549 ‘quibus
645 497 885 548 olympiades
907 496 1124 535 (lcxxvlll
1149 499 1188 535 in
1211 497 1487 548 compendium
1510 495 1689 547 redegit'.

157 572 273 617 atque
295 564 472 603 Niebuhr
493 563 651 614 quidem
673 560 841 615 (lx'leine
862 563 1067 612 Schriften
1092 562 1104 599 l
1126 575 1162 612 p.
1181 559 1283 614 185)
1306 562 1352 600 de
1374 562 1604 613 philosopho
1625 562 1691 600 illo

160 631 358 681 cogitauit,
374 630 439 680 qui
456 628 558 679 quod
580 634 716 667 auctor
736 629 864 666 suerat
879 627 1072 666 Zenobiae
1094 626 1186 665 belli
1207 633 1341 665 contra
1358 627 1551 666 Romanos
1567 629 1690 666 susci-

156 695 302 747 piendi,
330 694 376 733 ab
397 693 607 732 Aureliano
635 690 687 746 (a.
709 691 807 731 273.
832 690 965 745 1026)
993 698 1052 731 est
1079 693 1246 730 occisus.
1286 691 1354 730 sed
1381 694 1594 742 quaeritur,
1621 705 1692 731 cur

156 759 375 811 olympiade
398 758 613 797 CCXXVIII
642 758 864 797 substiterit
885 757 1097 808 Longinus,
1124 769 1202 795 non
1229 756 1459 807 perduxerit
1481 769 1544 795 res
1564 770 1689 808 usque

156 825 202 864 ad
235 837 345 864 suam
380 829 558 862 aetatem.
606 830 666 862 est
692 825 812 873 igitur
838 822 1082 874 probabilius
1116 822 1295 860 Cassium
1327 821 1438 860 illum
1472 822 1690 872 Longinum

156 891 275 929 fuisse
310 889 381 928 sub
414 888 520 927 illam
554 888 831 939 olympiadem,
871 887 911 926 id
944 893 1002 926 est
1030 887 1217 926 Hadriani
1250 892 1394 937 aetate,
1434 887 1689 938 eiusdemque

155 956 292 993 aetatis
319 967 407 993 cum
434 953 665 1004 Phlegonte,
702 966 818 1004 quem
852 959 940 1004 post
966 954 1143 991 Cassium
1178 953 1235 991 sic
1263 958 1543 990 commemorat
1569 952 1689 991 Euse-

154 1019 260 1059 bius:
296 1021 335 1059 E
357 1020 665 1068 quatuordecim
692 1021 809 1058 libris
836 1020 1070 1067 Plzleqontz's
1095 1020 1278 1057 libertini
1315 1018 1520 1065 Caesaris,
1547 1019 1692 1067 quihus

155 1088 196 1124 2⁹72
229 1086 506 1134 compendium
540 1086 708 1123 reduxit
741 1085 989 1134 olympiades
1021 1084 1175 1122 CCXX
1182 1083 1317 1121 VIIII.
1376 1082 1518 1133 quibus
1556 1082 1691 1121 uerbis

155 1149 350 1188 similibus
377 1151 410 1188 si
438 1149 581 1187 similia
609 1150 832 1199 significare
859 1148 985 1187 uoluit
1011 1148 1225 1199 Eusebius,
1260 1149 1378 1186 etiam
1407 1148 1565 1186 Cassius
1592 1147 1691 1185 Lon-

154 1217 269 1266 ginus
295 1227 367 1266 per
393 1214 633 1266 olympiades
654 1214 833 1253 breuiter
853 1226 916 1253 res
938 1226 958 1252 a
977 1215 1104 1265 prima
1126 1213 1345 1264 olympiade
1365 1225 1490 1264 usque
1513 1212 1560 1251 ad
1581 1225 1691 1251 suam

158 1285 324 1319 aetatem
360 1279 569 1318 deduxisse
598 1279 883 1318 existimandus
917 1285 977 1318 est
1008 1280 1218 1330 praecipua
1248 1278 1510 1330 olympiadum
1542 1279 1692 1317 ratione

155 1345 297 1396 habita,
325 1352 440 1396 atque
463 1346 626 1384 forsitan
648 1347 765 1383 etiam
795 1345 841 1383 de
863 1344 988 1383 Cassii
1009 1344 1176 1395 Longini
1196 1344 1296 1382 libro
1320 1343 1397 1382 dici
1418 1345 1571 1395 possint
1592 1356 1690 1395 quae

158 1410 204 1449 de
224 1410 449 1459 Phlegontis
470 1406 821 1461 Ὀλυμπιονικῶν
844 1408 916 1448 καὶ
939 1410 1170 1461 Χρονικῶν
1197 1413 1432 1461 συναγωγῇ
1459 1408 1522 1447 uel
1538 1405 1691 1460 Ὀλυμ-

155 1472 278 1514 πιάσι
304 1475 370 1514 uel
398 1476 630 1526 ,Χρονικοῖς
656 1472 716 1528 (F.
738 1475 782 1513 H.
805 1475 846 1514 G.
868 1475 920 1513 III
940 1488 976 1526 p.
998 1471 1102 1527 602)
1132 1475 1292 1513 Photius
1313 1473 1502 1512 iudicauit
1530 1473 1613 1512 cod.
1635 1472 1689 1512 97

155 1554 191 1592 p.
214 1539 270 1580 84
290 1540 375 1579 Bk:
406 1537 564 1587 Ἄλλως
595 1554 640 1579 τε
673 1536 721 1579 δὲ
753 1537 825 1579 καὶ
854 1538 879 1592 ἡ
913 1538 1013 1590 περὶ
1045 1539 1121 1587 τὰς
1153 1538 1426 1590 ὀλυμπιάδας
1458 1536 1529 1578 καὶ
1559 1538 1611 1578 τὰ
1645 1536 1692 1578 ἐν

157 1604 308 1653 αὐταῖς
333 1611 422 1644 τῶν
449 1603 765 1657 ἀγωνισμάτων
792 1603 985 1657 ὀνόματα
1010 1602 1081 1644 καὶ
1108 1602 1284 1657 πράξεις
1310 1601 1382 1643 καὶ
1410 1603 1434 1656 ἡ
1465 1603 1563 1656 περὶ
1589 1604 1693 1652 τοὺς

155 1670 379 1722 χρησμοὺς
405 1669 587 1721 ἄκαιρος
613 1669 855 1722 φιλοπονία
880 1684 926 1709 τε
952 1668 1024 1710 καὶ
1052 1669 1298 1722 φιλοτιμία,
1334 1669 1395 1717 εἰς
1422 1670 1558 1721 κόρον
1584 1667 1692 1709 ἀπά-

155 1745 295 1787 γουσα
321 1734 399 1776 τὸν
425 1733 649 1787 ἀκροατήν
684 1731 809 1789 (quod
836 1736 1026 1774 iudicium
1055 1737 1149 1774 satis
1178 1736 1433 1774 confirmatur
1465 1735 1692 1786 Phlegontis

156 1801 352 1852 reliquiis,
381 1802 427 1839 ef.
449 1802 488 1838 in
510 1802 649 1852 primis
672 1802 716 1839 fr.
741 1799 794 1839 12
815 1798 978 1855 Muell.).
1025 1801 1193 1852 denique
1222 1813 1404 1839 sermone
1427 1800 1574 1839 Graeco
1602 1813 1691 1839 eum

157 1878 271 1905 usum
299 1878 386 1905 esse
413 1865 505 1904 inde
533 1872 705 1917 apparet,
733 1866 836 1917 quod
864 1867 987 1905 ceteri
1014 1867 1229 1917 scriptores
1257 1879 1355 1917 quos
1378 1867 1597 1904 nominauit
1617 1866 1692 1904 Eu-

157 1931 301 1982 sebius,
325 1943 462 1970 omnes
484 1930 631 1970 Graece
654 1933 902 1982 scripserunt
921 1944 1049 1982 neque
1071 1944 1309 1982 quemquam
1330 1931 1513 1970 Latinum
1533 1931 1694 1970 uidetur

157 1996 394 2035 adhibuisse.
435 2002 550 2047 atque
577 1997 673 2035 haec
698 2010 813 2036 causa
836 2003 906 2047 est,
933 2010 1004 2035 cur
1025 2002 1159 2035 eontra
1182 1996 1414 2035 Muellerum
1437 1992 1507 2049 (ΙΙΙ
1527 2009 1564 2047 p.
1587 1993 1692 2049 688)

157 2062 201 2099 fr.
226 2059 247 2100 1
278 2061 445 2112 Longini
472 2074 557 2100 esse
585 2074 788 2113 negemus.
835 2062 980 2101 diserte
1014 2063 1119 2100 enim
1151 2062 1217 2100 hic
1244 2061 1401 2101 Cassius
1429 2067 1467 2100 et
1494 2074 1513 2100 a
1540 2061 1693 2100 Tertul-

156 2127 257 2165 liano
295 2132 333 2165 et
369 2140 388 2165 a
424 2126 624 2165 Lactantio
662 2129 701 2165 in
738 2127 967 2166 Latinorum
1003 2129 1242 2178 scriptorum
1278 2139 1443 2165 numero
1475 2123 1691 2180 ponimus)

156 2192 210 2230 De
245 2198 466 2230 ceterorum
500 2194 807 2243 fragmentorum
841 2192 922 2232 solo
949 2193 994 2231 sr.
1018 2190 1061 2243 8,
1095 2191 1199 2243 quod
1227 2194 1403 2230 seruauit
1430 2191 1596 2242 Gellius,
1634 2193 1693 2230 in-

158 2263 288 2295 certus
314 2257 470 2308 haereo,
496 2263 629 2295 utrum
654 2257 828 2308 Longino
856 2270 904 2295 an
925 2257 1114 2296 Heminae
1141 2257 1324 2296 tribuam.
1364 2270 1453 2295 nam
1482 2270 1571 2296 cum
1592 2257 1694 2295 Lon-

157 2324 272 2372 ginus
298 2321 412 2373 paulo
440 2329 529 2373 post
555 2335 699 2360 annun]
729 2320 822 2361 136.
845 2320 929 2361 889
958 2324 1175 2374 scripserit,
1203 2321 1351 2360 Gellius
1379 2328 1467 2373 post
1494 2328 1691 2360 mortuum

157 2386 410 2438 Hadrianum,
438 2400 554 2438 quem
578 2387 711 2425 diuum
735 2387 829 2426 dicit
851 2383 908 2441 (3,
930 2385 991 2426 16.
1017 2386 1081 2438 12,
1099 2386 1164 2426 11.
1185 2385 1249 2437 15,
1266 2387 1290 2426 :3
1314 2419 1323 2438 ,
1352 2389 1374 2426 i.
1392 2401 1422 2426 e.
1441 2394 1527 2439 post
1548 2399 1691 2425 annum

161 2450 256 2491 138.
285 2449 382 2503 891,
410 2458 565 2503 tempus
593 2465 670 2491 non
698 2452 825 2491 obstat
851 2458 966 2504 atque
994 2454 1076 2504 ipsa
1106 2465 1168 2491 res
1196 2465 1242 2491 ex
1264 2452 1398 2491 Cassio
1426 2454 1573 2491 inserta
1602 2453 1693 2490 huic

158 2518 376 2556 sententiae
413 2519 530 2556 etiam
566 2518 682 2556 fauet.
735 2524 870 2557 contra
906 2531 995 2557 cum
1031 2518 1231 2556 annalium
1270 2519 1476 2569 inscriptio
1511 2517 1692 2556 Latinum

159 2583 392 2633 scriptorem
425 2582 601 2621 indicare
634 2582 840 2622 uideretur
871 2581 1107 2636 (Schmitter
1132 2596 1168 2634 p.
1191 2581 1254 2636 6),
1290 2583 1391 2621 hane
1427 2584 1693 2634 suspicionem

255 2693 287 2735 1)
314 2691 380 2725 Ed.
403 2690 589 2725 Schwartz
616 2692 662 2727 R.
685 2692 732 2726 E.
753 2692 803 2726 VI
829 2703 857 2727 e.
882 2695 971 2727 1378
1005 2702 1089 2726 eum
1124 2692 1281 2726 eundem
1317 2702 1397 2725 esse
1433 2690 1575 2724 censuit
1610 2702 1692 2723 cum

160 2744 283 2778 Cassio
310 2744 481 2786 Minucii,
518 2745 615 2779 hunc
643 2756 727 2778 cum
753 2745 931 2790 Longino.
977 2748 1017 2779 at
1050 2745 1109 2778 hic
1143 2745 1188 2779 ab
1215 2745 1377 2779 Eusebio
1410 2744 1507 2777 inter
1534 2743 1692 2777 Graecos

160 2796 460 2842 chronographos
498 2799 726 2840 recensetur,
760 2797 824 2832 ille
857 2800 894 2833 eb
920 2809 941 2832 a
967 2797 1198 2832 Tertulliano
1233 2799 1270 2831 et
1296 2809 1316 2831 a
1343 2797 1507 2831 Minucio
1536 2796 1692 2830 Lactan-

160 2850 287 2894 tioque
312 2851 411 2884 inter
437 2851 588 2885 Latinos
617 2850 832 2896 scriptores;
860 2851 936 2885 uid.
958 2851 1043 2885 adn.
1065 2851 1112 2885 ad
1139 2851 1181 2885 fr.
1206 2855 1234 2884 1.
