<?xml version="1.0" encoding="UTF-8"?>
<!DOCTYPE html PUBLIC "-//W3C//DTD XHTML 1.0 Transitional//EN"
    "http://www.w3.org/TR/xhtml1/DTD/xhtml1-transitional.dtd">
<html xmlns="http://www.w3.org/1999/xhtml" xml:lang="en" lang="en">
 <head>
  <title>
</title>
<meta http-equiv="Content-Type" content="text/html;charset=utf-8" />
  <meta name='ocr-system' content='tesseract 3.04.00' />
  <meta name='ocr-capabilities' content='ocr_page ocr_carea ocr_par ocr_line ocrx_word'/>
</head>
<body>
  <div class='ocr_page' id='page_1' title='image "./historicorumroma01peteuoft_0237.png"; bbox 0 0 2002 3342; ppageno 0'>
   <div class='ocr_carea' id='block_1_1' title="bbox 0 1799 9 2467">
    <p class='ocr_par' dir='ltr' id='par_1_1' title="bbox 0 1799 9 2467">
     <span class='ocr_line' id='line_1_1' title="bbox 0 1799 9 2467; baseline 0 0"><span class='ocrx_word' id='word_1_1' title='bbox 0 1799 9 2467; x_wconf 95' lang='lat' dir='ltr'> </span> 
     </span>
    </p>
   </div>
   <div class='ocr_carea' id='block_1_2' title="bbox 0 1799 8 2468">
    <p class='ocr_par' dir='ltr' id='par_1_2' title="bbox 0 1799 8 2468">
     <span class='ocr_line' id='line_1_2' title="bbox 0 1799 8 2468; baseline 0 0"><span class='ocrx_word' id='word_1_2' title='bbox 0 1799 8 2468; x_wconf 95' lang='lat' dir='ltr'> </span> 
     </span>
    </p>
   </div>
   <div class='ocr_carea' id='block_1_3' title="bbox 0 2756 25 3342">
    <p class='ocr_par' dir='ltr' id='par_1_3' title="bbox 0 2756 25 3342">
     <span class='ocr_line' id='line_1_3' title="bbox 0 2756 25 3342; baseline 0 0"><span class='ocrx_word' id='word_1_3' title='bbox 0 2756 25 3342; x_wconf 95' lang='lat' dir='ltr'> </span> 
     </span>
    </p>
   </div>
   <div class='ocr_carea' id='block_1_4' title="bbox 594 173 1646 217">
    <p class='ocr_par' dir='ltr' id='par_1_4' title="bbox 594 173 1646 217">
     <span class='ocr_line' id='line_1_4' title="bbox 594 173 1646 217; baseline 0.005 -10"><span class='ocrx_word' id='word_1_4' title='bbox 594 174 632 208; x_wconf 90' lang='lat' dir='ltr'>L.</span> <span class='ocrx_word' id='word_1_5' title='bbox 655 173 852 208; x_wconf 86' lang='lat' dir='ltr'>COELIVS</span> <span class='ocrx_word' id='word_1_6' title='bbox 881 173 1157 207; x_wconf 71' lang='lat' dir='ltr'>ANTIPATER</span> <span class='ocrx_word' id='word_1_7' title='bbox 1475 188 1646 217; x_wconf 64' lang='lat' dir='ltr'>ccxxln</span> 
     </span>
    </p>
   </div>
   <div class='ocr_carea' id='block_1_5' title="bbox 100 284 1647 1967">
    <p class='ocr_par' dir='ltr' id='par_1_5' title="bbox 109 284 1647 599">
     <span class='ocr_line' id='line_1_5' title="bbox 111 284 1646 337; baseline -0.001 -12"><span class='ocrx_word' id='word_1_8' title='bbox 111 287 283 337; x_wconf 71' lang='lat' dir='ltr'>singulas</span> <span class='ocrx_word' id='word_1_9' title='bbox 300 285 486 337; x_wconf 80' lang='lat' dir='ltr'>quasdam</span> <span class='ocrx_word' id='word_1_10' title='bbox 510 297 572 323; x_wconf 86' lang='lat' dir='ltr'>res</span> <span class='ocrx_word' id='word_1_11' title='bbox 594 284 806 322; x_wconf 73' lang='lat' dir='ltr'>exornandi</span> <span class='ocrx_word' id='word_1_12' title='bbox 829 296 943 322; x_wconf 80' lang='lat' dir='ltr'>rausa</span> <span class='ocrx_word' id='word_1_13' title='bbox 966 296 1010 322; x_wconf 83' lang='lat' dir='ltr'>ex</span> <span class='ocrx_word' id='word_1_14' title='bbox 1027 297 1072 322; x_wconf 88' lang='lat' dir='ltr'>eo</span> <span class='ocrx_word' id='word_1_15' title='bbox 1093 286 1309 323; x_wconf 85' lang='lat' dir='ltr'>inseruisse</span> <span class='ocrx_word' id='word_1_16' title='bbox 1326 285 1494 335; x_wconf 87' lang='lat' dir='ltr'>uidetur,</span> <span class='ocrx_word' id='word_1_17' title='bbox 1512 298 1646 336; x_wconf 81' lang='lat' dir='ltr'>quam-</span> 
     </span>
     <span class='ocr_line' id='line_1_6' title="bbox 110 350 1647 403; baseline -0.001 -12"><span class='ocrx_word' id='word_1_18' title='bbox 110 365 225 403; x_wconf 86' lang='lat' dir='ltr'>quam</span> <span class='ocrx_word' id='word_1_19' title='bbox 254 351 348 390; x_wconf 91' lang='lat' dir='ltr'>illud</span> <span class='ocrx_word' id='word_1_20' title='bbox 376 363 470 389; x_wconf 68' lang='lat' dir='ltr'>caue</span> <span class='ocrx_word' id='word_1_21' title='bbox 492 362 554 388; x_wconf 88' lang='lat' dir='ltr'>me</span> <span class='ocrx_word' id='word_1_22' title='bbox 577 351 802 388; x_wconf 79' lang='lat' dir='ltr'>existimare</span> <span class='ocrx_word' id='word_1_23' title='bbox 830 354 945 400; x_wconf 85' lang='lat' dir='ltr'>putes</span> <span class='ocrx_word' id='word_1_24' title='bbox 967 350 1140 388; x_wconf 78' lang='lat' dir='ltr'>Coelium</span> <span class='ocrx_word' id='word_1_25' title='bbox 1170 352 1318 400; x_wconf 80' lang='lat' dir='ltr'>patriae</span> <span class='ocrx_word' id='word_1_26' title='bbox 1341 362 1432 388; x_wconf 85' lang='lat' dir='ltr'>suae</span> <span class='ocrx_word' id='word_1_27' title='bbox 1458 352 1647 389; x_wconf 87' lang='lat' dir='ltr'>inmemo-</span> 
     </span>
     <span class='ocr_line' id='line_1_7' title="bbox 110 414 1646 465; baseline -0.002 -9"><span class='ocrx_word' id='word_1_28' title='bbox 110 430 191 456; x_wconf 82' lang='lat' dir='ltr'>rem</span> <span class='ocrx_word' id='word_1_29' title='bbox 227 419 264 455; x_wconf 89' lang='lat' dir='ltr'>in</span> <span class='ocrx_word' id='word_1_30' title='bbox 300 417 460 454; x_wconf 83' lang='lat' dir='ltr'>historia</span> <span class='ocrx_word' id='word_1_31' title='bbox 495 421 618 453; x_wconf 90' lang='lat' dir='ltr'>totum</span> <span class='ocrx_word' id='word_1_32' title='bbox 653 416 763 465; x_wconf 81' lang='lat' dir='ltr'>quasi</span> <span class='ocrx_word' id='word_1_33' title='bbox 797 414 842 452; x_wconf 91' lang='lat' dir='ltr'>ad</span> <span class='ocrx_word' id='word_1_34' title='bbox 871 414 1021 452; x_wconf 81' lang='lat' dir='ltr'>Poenos</span> <span class='ocrx_word' id='word_1_35' title='bbox 1056 417 1255 454; x_wconf 74' lang='lat' dir='ltr'>transisse.</span> <span class='ocrx_word' id='word_1_36' title='bbox 1296 428 1358 453; x_wconf 85' lang='lat' dir='ltr'>ars</span> <span class='ocrx_word' id='word_1_37' title='bbox 1386 416 1532 454; x_wconf 72' lang='lat' dir='ltr'>Graeca</span> <span class='ocrx_word' id='word_1_38' title='bbox 1564 417 1646 465; x_wconf 85' lang='lat' dir='ltr'>suit,</span> 
     </span>
     <span class='ocr_line' id='line_1_8' title="bbox 109 480 1647 532; baseline -0.001 -12"><span class='ocrx_word' id='word_1_39' title='bbox 109 484 262 520; x_wconf 85' lang='lat' dir='ltr'>animus</span> <span class='ocrx_word' id='word_1_40' title='bbox 288 481 504 530; x_wconf 76' lang='lat' dir='ltr'>Romanus,</span> <span class='ocrx_word' id='word_1_41' title='bbox 539 486 768 518; x_wconf 85' lang='lat' dir='ltr'>ornamenta</span> <span class='ocrx_word' id='word_1_42' title='bbox 796 480 842 518; x_wconf 90' lang='lat' dir='ltr'>ab</span> <span class='ocrx_word' id='word_1_43' title='bbox 870 480 1099 518; x_wconf 77' lang='lat' dir='ltr'>Hannibalis</span> <span class='ocrx_word' id='word_1_44' title='bbox 1129 480 1434 519; x_wconf 68' lang='lat' dir='ltr'>admiratoribus</span> <span class='ocrx_word' id='word_1_45' title='bbox 1460 487 1647 532; x_wconf 79' lang='lat' dir='ltr'>mutuata,</span> 
     </span>
     <span class='ocr_line' id='line_1_9' title="bbox 109 542 1056 599; baseline -0.004 -14"><span class='ocrx_word' id='word_1_46' title='bbox 109 547 230 585; x_wconf 83' lang='lat' dir='ltr'>robur</span> <span class='ocrx_word' id='word_1_47' title='bbox 257 559 302 585; x_wconf 80' lang='lat' dir='ltr'>ex</span> <span class='ocrx_word' id='word_1_48' title='bbox 331 545 535 584; x_wconf 82' lang='lat' dir='ltr'>annalibus</span> <span class='ocrx_word' id='word_1_49' title='bbox 563 545 748 583; x_wconf 75' lang='lat' dir='ltr'>Romanis</span> <span class='ocrx_word' id='word_1_50' title='bbox 775 542 1056 599; x_wconf 40' lang='lat' dir='ltr'>expressum&amp;</span> 
     </span>
    </p>

    <p class='ocr_par' dir='ltr' id='par_1_6' title="bbox 100 610 1645 1967">
     <span class='ocr_line' id='line_1_10' title="bbox 197 610 1645 661; baseline 0.001 -12"><span class='ocrx_word' id='word_1_51' title='bbox 197 612 251 649; x_wconf 68' lang='lat' dir='ltr'>lix</span> <span class='ocrx_word' id='word_1_52' title='bbox 279 611 341 649; x_wconf 89' lang='lat' dir='ltr'>his</span> <span class='ocrx_word' id='word_1_53' title='bbox 365 617 493 649; x_wconf 85' lang='lat' dir='ltr'>autem</span> <span class='ocrx_word' id='word_1_54' title='bbox 521 623 620 661; x_wconf 78' lang='lat' dir='ltr'>quae</span> <span class='ocrx_word' id='word_1_55' title='bbox 647 610 761 648; x_wconf 91' lang='lat' dir='ltr'>modo</span> <span class='ocrx_word' id='word_1_56' title='bbox 790 610 1090 661; x_wconf 73' lang='lat' dir='ltr'>disputauimus,</span> <span class='ocrx_word' id='word_1_57' title='bbox 1118 612 1297 659; x_wconf 72' lang='lat' dir='ltr'>exiguam</span> <span class='ocrx_word' id='word_1_58' title='bbox 1321 611 1436 649; x_wconf 80' lang='lat' dir='ltr'>tidem</span> <span class='ocrx_word' id='word_1_59' title='bbox 1459 613 1515 649; x_wconf 85' lang='lat' dir='ltr'>eis</span> <span class='ocrx_word' id='word_1_60' title='bbox 1538 612 1645 651; x_wconf 84' lang='lat' dir='ltr'>fabu-</span> 
     </span>
     <span class='ocr_line' id='line_1_11' title="bbox 107 674 1645 729; baseline 0 -14"><span class='ocrx_word' id='word_1_61' title='bbox 107 677 153 715; x_wconf 90' lang='lat' dir='ltr'>lis</span> <span class='ocrx_word' id='word_1_62' title='bbox 165 674 217 729; x_wconf 64' lang='lat'>2),</span> <span class='ocrx_word' id='word_1_63' title='bbox 251 689 345 727; x_wconf 81' lang='lat' dir='ltr'>quas</span> <span class='ocrx_word' id='word_1_64' title='bbox 373 676 576 714; x_wconf 78' lang='lat' dir='ltr'>rhetorum</span> <span class='ocrx_word' id='word_1_65' title='bbox 604 674 842 714; x_wconf 84' lang='lat' dir='ltr'>Graecorum</span> <span class='ocrx_word' id='word_1_66' title='bbox 878 688 986 714; x_wconf 89' lang='lat' dir='ltr'>more</span> <span class='ocrx_word' id='word_1_67' title='bbox 1014 676 1183 713; x_wconf 82' lang='lat' dir='ltr'>insectus</span> <span class='ocrx_word' id='word_1_68' title='bbox 1210 676 1466 727; x_wconf 77' lang='lat' dir='ltr'>interposuit,</span> <span class='ocrx_word' id='word_1_69' title='bbox 1501 677 1645 716; x_wconf 85' lang='lat' dir='ltr'>haben-</span> 
     </span>
     <span class='ocr_line' id='line_1_12' title="bbox 108 740 1644 793; baseline 0.001 -13"><span class='ocrx_word' id='word_1_70' title='bbox 108 741 193 780; x_wconf 88' lang='lat' dir='ltr'>dam</span> <span class='ocrx_word' id='word_1_71' title='bbox 232 754 317 780; x_wconf 85' lang='lat' dir='ltr'>esse</span> <span class='ocrx_word' id='word_1_72' title='bbox 354 753 422 779; x_wconf 86' lang='lat' dir='ltr'>sua</span> <span class='ocrx_word' id='word_1_73' title='bbox 457 746 594 792; x_wconf 86' lang='lat' dir='ltr'>sponte</span> <span class='ocrx_word' id='word_1_74' title='bbox 622 740 759 779; x_wconf 73' lang='lat' dir='ltr'>elucet.</span> <span class='ocrx_word' id='word_1_75' title='bbox 807 742 846 779; x_wconf 89' lang='lat' dir='ltr'>in</span> <span class='ocrx_word' id='word_1_76' title='bbox 883 742 1026 779; x_wconf 76' lang='lat' dir='ltr'>ceteris</span> <span class='ocrx_word' id='word_1_77' title='bbox 1063 740 1182 779; x_wconf 89' lang='lat' dir='ltr'>rebus</span> <span class='ocrx_word' id='word_1_78' title='bbox 1216 747 1378 791; x_wconf 86' lang='lat' dir='ltr'>propter</span> <span class='ocrx_word' id='word_1_79' title='bbox 1411 754 1494 780; x_wconf 89' lang='lat' dir='ltr'>eam</span> <span class='ocrx_word' id='word_1_80' title='bbox 1529 755 1644 793; x_wconf 84' lang='lat' dir='ltr'>quam</span> 
     </span>
     <span class='ocr_line' id='line_1_13' title="bbox 106 805 1645 857; baseline 0.001 -12"><span class='ocrx_word' id='word_1_81' title='bbox 106 819 222 857; x_wconf 85' lang='lat' dir='ltr'>supra</span> <span class='ocrx_word' id='word_1_82' title='bbox 260 806 434 845; x_wconf 88' lang='lat' dir='ltr'>uidimus</span> <span class='ocrx_word' id='word_1_83' title='bbox 469 807 510 844; x_wconf 89' lang='lat' dir='ltr'>in</span> <span class='ocrx_word' id='word_1_84' title='bbox 549 806 719 844; x_wconf 85' lang='lat' dir='ltr'>fontibus</span> <span class='ocrx_word' id='word_1_85' title='bbox 756 805 988 844; x_wconf 75' lang='lat' dir='ltr'>adhibendis</span> <span class='ocrx_word' id='word_1_86' title='bbox 1024 811 1061 844; x_wconf 84' lang='lat' dir='ltr'>et</span> <span class='ocrx_word' id='word_1_87' title='bbox 1098 806 1367 844; x_wconf 80' lang='lat' dir='ltr'>examinandis</span> <span class='ocrx_word' id='word_1_88' title='bbox 1405 807 1645 857; x_wconf 76' lang='lat' dir='ltr'>diligentiam</span> 
     </span>
     <span class='ocr_line' id='line_1_14' title="bbox 106 867 1644 925; baseline 0.001 -15"><span class='ocrx_word' id='word_1_89' title='bbox 106 874 208 919; x_wconf 72' lang='lat' dir='ltr'>eius,</span> <span class='ocrx_word' id='word_1_90' title='bbox 243 885 317 923; x_wconf 83' lang='lat' dir='ltr'>qua</span> <span class='ocrx_word' id='word_1_91' title='bbox 351 872 453 910; x_wconf 89' lang='lat' dir='ltr'>ultra</span> <span class='ocrx_word' id='word_1_92' title='bbox 488 873 629 910; x_wconf 81' lang='lat' dir='ltr'>famam</span> <span class='ocrx_word' id='word_1_93' title='bbox 658 867 897 925; x_wconf 72' lang='lat' dir='ltr'>(annalium)</span> <span class='ocrx_word' id='word_1_94' title='bbox 934 870 1277 922; x_wconf 86' lang='lat' dir='ltr'>laudationemque</span> <span class='ocrx_word' id='word_1_95' title='bbox 1304 871 1476 910; x_wconf 77' lang='lat' dir='ltr'>Marcelli</span> <span class='ocrx_word' id='word_1_96' title='bbox 1509 873 1578 911; x_wconf 87' lang='lat' dir='ltr'>tilii</span> <span class='ocrx_word' id='word_1_97' title='bbox 1606 875 1644 911; x_wconf 91' lang='lat' dir='ltr'>in</span> 
     </span>
     <span class='ocr_line' id='line_1_15' title="bbox 105 935 1644 993; baseline 0.001 -18"><span class='ocrx_word' id='word_1_98' title='bbox 105 949 187 975; x_wconf 89' lang='lat' dir='ltr'>rem</span> <span class='ocrx_word' id='word_1_99' title='bbox 216 939 489 988; x_wconf 72' lang='lat' dir='ltr'>inquisiuerat7</span> <span class='ocrx_word' id='word_1_100' title='bbox 516 942 559 975; x_wconf 57' lang='lat' dir='ltr'>ut,</span> <span class='ocrx_word' id='word_1_101' title='bbox 586 936 744 975; x_wconf 85' lang='lat' dir='ltr'>tandem</span> <span class='ocrx_word' id='word_1_102' title='bbox 773 949 857 974; x_wconf 89' lang='lat' dir='ltr'>eam</span> <span class='ocrx_word' id='word_1_103' title='bbox 885 949 955 987; x_wconf 89' lang='lat' dir='ltr'>pro</span> <span class='ocrx_word' id='word_1_104' title='bbox 982 942 1180 987; x_wconf 82' lang='lat' dir='ltr'>comperta</span> <span class='ocrx_word' id='word_1_105' title='bbox 1207 949 1428 987; x_wconf 81' lang='lat' dir='ltr'>proponere</span> <span class='ocrx_word' id='word_1_106' title='bbox 1457 945 1585 988; x_wconf 82' lang='lat' dir='ltr'>posset</span> <span class='ocrx_word' id='word_1_107' title='bbox 1598 935 1644 993; x_wconf 54' lang='lat'>3),</span> 
     </span>
     <span class='ocr_line' id='line_1_16' title="bbox 105 1002 1644 1053; baseline 0.002 -14"><span class='ocrx_word' id='word_1_108' title='bbox 105 1008 219 1053; x_wconf 79' lang='lat' dir='ltr'>atque</span> <span class='ocrx_word' id='word_1_109' title='bbox 248 1003 364 1041; x_wconf 78' lang='lat' dir='ltr'>etiam</span> <span class='ocrx_word' id='word_1_110' title='bbox 391 1002 563 1040; x_wconf 90' lang='lat' dir='ltr'>hostium</span> <span class='ocrx_word' id='word_1_111' title='bbox 590 1003 821 1040; x_wconf 88' lang='lat' dir='ltr'>memoriam</span> <span class='ocrx_word' id='word_1_112' title='bbox 850 1003 1107 1052; x_wconf 70' lang='lat' dir='ltr'>comparauit,</span> <span class='ocrx_word' id='word_1_113' title='bbox 1134 1003 1345 1040; x_wconf 68' lang='lat' dir='ltr'>auctoritas</span> <span class='ocrx_word' id='word_1_114' title='bbox 1373 1004 1497 1041; x_wconf 90' lang='lat' dir='ltr'>maior</span> <span class='ocrx_word' id='word_1_115' title='bbox 1524 1004 1644 1043; x_wconf 77' lang='lat' dir='ltr'>fuisse</span> 
     </span>
     <span class='ocr_line' id='line_1_17' title="bbox 103 1065 1643 1121; baseline 0.001 -16"><span class='ocrx_word' id='word_1_116' title='bbox 103 1067 278 1118; x_wconf 82' lang='lat' dir='ltr'>uidetur,</span> <span class='ocrx_word' id='word_1_117' title='bbox 311 1080 440 1118; x_wconf 85' lang='lat' dir='ltr'>neque</span> <span class='ocrx_word' id='word_1_118' title='bbox 468 1073 527 1106; x_wconf 86' lang='lat' dir='ltr'>est</span> <span class='ocrx_word' id='word_1_119' title='bbox 554 1079 624 1106; x_wconf 77' lang='lat' dir='ltr'>eur</span> <span class='ocrx_word' id='word_1_120' title='bbox 651 1067 805 1105; x_wconf 88' lang='lat' dir='ltr'>laudem</span> <span class='ocrx_word' id='word_1_121' title='bbox 833 1080 852 1105; x_wconf 92' lang='lat' dir='ltr'>a</span> <span class='ocrx_word' id='word_1_122' title='bbox 880 1067 1032 1106; x_wconf 85' lang='lat' dir='ltr'>Valerio</span> <span class='ocrx_word' id='word_1_123' title='bbox 1060 1067 1227 1105; x_wconf 81' lang='lat' dir='ltr'>Maximo</span> <span class='ocrx_word' id='word_1_124' title='bbox 1256 1065 1313 1120; x_wconf 80' lang='grc'>(1,</span> <span class='ocrx_word' id='word_1_125' title='bbox 1331 1066 1367 1118; x_wconf 72' lang='grc'>7,</span> <span class='ocrx_word' id='word_1_126' title='bbox 1384 1065 1429 1121; x_wconf 84' lang='grc'>6)</span> <span class='ocrx_word' id='word_1_127' title='bbox 1458 1070 1492 1107; x_wconf 87' lang='lat' dir='ltr'>ei</span> <span class='ocrx_word' id='word_1_128' title='bbox 1520 1069 1643 1108; x_wconf 88' lang='lat' dir='ltr'>tribu-</span> 
     </span>
     <span class='ocr_line' id='line_1_18' title="bbox 103 1131 1644 1173; baseline 0.001 -3"><span class='ocrx_word' id='word_1_129' title='bbox 103 1138 180 1170; x_wconf 89' lang='lat' dir='ltr'>tam</span> <span class='ocrx_word' id='word_1_130' title='bbox 211 1131 378 1171; x_wconf 73' lang='lat' dir='ltr'>‘eertum</span> <span class='ocrx_word' id='word_1_131' title='bbox 414 1145 503 1171; x_wconf 90' lang='lat' dir='ltr'>eum</span> <span class='ocrx_word' id='word_1_132' title='bbox 537 1133 725 1171; x_wconf 85' lang='lat' dir='ltr'>historiae</span> <span class='ocrx_word' id='word_1_133' title='bbox 759 1132 955 1171; x_wconf 78' lang='lat' dir='ltr'>Romanae</span> <span class='ocrx_word' id='word_1_134' title='bbox 989 1131 1205 1171; x_wconf 84' lang='lat' dir='ltr'>auctorem’</span> <span class='ocrx_word' id='word_1_135' title='bbox 1234 1133 1357 1171; x_wconf 85' lang='lat' dir='ltr'>fuisse</span> <span class='ocrx_word' id='word_1_136' title='bbox 1394 1133 1644 1173; x_wconf 84' lang='lat' dir='ltr'>detrahamus</span> 
     </span>
     <span class='ocr_line' id='line_1_19' title="bbox 103 1196 1644 1238; baseline 0.001 -3"><span class='ocrx_word' id='word_1_137' title='bbox 103 1204 165 1236; x_wconf 88' lang='lat' dir='ltr'>aut</span> <span class='ocrx_word' id='word_1_138' title='bbox 195 1197 240 1236; x_wconf 92' lang='lat' dir='ltr'>ab</span> <span class='ocrx_word' id='word_1_139' title='bbox 271 1211 314 1236; x_wconf 88' lang='lat' dir='ltr'>eo</span> <span class='ocrx_word' id='word_1_140' title='bbox 343 1199 387 1237; x_wconf 85' lang='lat' dir='ltr'>fr.</span> <span class='ocrx_word' id='word_1_141' title='bbox 408 1196 457 1237; x_wconf 73' lang='lat'>17</span> <span class='ocrx_word' id='word_1_142' title='bbox 488 1200 573 1236; x_wconf 87' lang='lat' dir='ltr'>sine</span> <span class='ocrx_word' id='word_1_143' title='bbox 608 1204 713 1236; x_wconf 74' lang='lat' dir='ltr'>certa</span> <span class='ocrx_word' id='word_1_144' title='bbox 743 1210 857 1236; x_wconf 83' lang='lat' dir='ltr'>causa</span> <span class='ocrx_word' id='word_1_145' title='bbox 882 1197 1001 1236; x_wconf 80' lang='lat' dir='ltr'>decus</span> <span class='ocrx_word' id='word_1_146' title='bbox 1023 1199 1172 1236; x_wconf 84' lang='lat' dir='ltr'>seruati</span> <span class='ocrx_word' id='word_1_147' title='bbox 1194 1198 1240 1236; x_wconf 89' lang='lat' dir='ltr'>ad</span> <span class='ocrx_word' id='word_1_148' title='bbox 1261 1198 1442 1237; x_wconf 80' lang='lat' dir='ltr'>Ticinum</span> <span class='ocrx_word' id='word_1_149' title='bbox 1471 1199 1644 1238; x_wconf 76' lang='lat' dir='ltr'>consulis</span> 
     </span>
     <span class='ocr_line' id='line_1_20' title="bbox 103 1262 1643 1314; baseline 0.001 -13"><span class='ocrx_word' id='word_1_150' title='bbox 103 1262 142 1300; x_wconf 89' lang='lat' dir='ltr'>P.</span> <span class='ocrx_word' id='word_1_151' title='bbox 165 1263 361 1314; x_wconf 75' lang='lat' dir='ltr'>Scipionis</span> <span class='ocrx_word' id='word_1_152' title='bbox 396 1276 415 1301; x_wconf 89' lang='lat' dir='ltr'>a</span> <span class='ocrx_word' id='word_1_153' title='bbox 444 1263 522 1302; x_wconf 82' lang='lat' dir='ltr'>filio</span> <span class='ocrx_word' id='word_1_154' title='bbox 555 1263 602 1302; x_wconf 92' lang='lat' dir='ltr'>ad</span> <span class='ocrx_word' id='word_1_155' title='bbox 630 1276 791 1302; x_wconf 82' lang='lat' dir='ltr'>seruum</span> <span class='ocrx_word' id='word_1_156' title='bbox 818 1263 1003 1314; x_wconf 78' lang='lat' dir='ltr'>Ligurem</span> <span class='ocrx_word' id='word_1_157' title='bbox 1037 1263 1257 1314; x_wconf 76' lang='lat' dir='ltr'>delegatum</span> <span class='ocrx_word' id='word_1_158' title='bbox 1287 1277 1373 1302; x_wconf 86' lang='lat' dir='ltr'>esse</span> <span class='ocrx_word' id='word_1_159' title='bbox 1401 1277 1643 1310; x_wconf 69' lang='lat' dir='ltr'>censeamus,</span> 
     </span>
     <span class='ocr_line' id='line_1_21' title="bbox 102 1328 1643 1379; baseline 0.002 -13"><span class='ocrx_word' id='word_1_160' title='bbox 102 1340 190 1366; x_wconf 88' lang='lat' dir='ltr'>nam</span> <span class='ocrx_word' id='word_1_161' title='bbox 218 1328 352 1379; x_wconf 88' lang='lat' dir='ltr'>plures</span> <span class='ocrx_word' id='word_1_162' title='bbox 374 1334 556 1367; x_wconf 85' lang='lat' dir='ltr'>auctores</span> <span class='ocrx_word' id='word_1_163' title='bbox 584 1328 681 1367; x_wconf 93' lang='lat' dir='ltr'>illud</span> <span class='ocrx_word' id='word_1_164' title='bbox 708 1328 917 1367; x_wconf 85' lang='lat' dir='ltr'>tradidisse</span> <span class='ocrx_word' id='word_1_165' title='bbox 946 1334 983 1367; x_wconf 92' lang='lat' dir='ltr'>et</span> <span class='ocrx_word' id='word_1_166' title='bbox 1012 1329 1153 1367; x_wconf 83' lang='lat' dir='ltr'>famam</span> <span class='ocrx_word' id='word_1_167' title='bbox 1175 1329 1393 1368; x_wconf 85' lang='lat' dir='ltr'>obtinuisse</span> <span class='ocrx_word' id='word_1_168' title='bbox 1415 1330 1552 1369; x_wconf 90' lang='lat' dir='ltr'>Liuius</span> <span class='ocrx_word' id='word_1_169' title='bbox 1580 1331 1643 1369; x_wconf 86' lang='lat' dir='ltr'>ad-</span> 
     </span>
     <span class='ocr_line' id='line_1_22' title="bbox 104 1390 1644 1446; baseline 0.003 -16"><span class='ocrx_word' id='word_1_170' title='bbox 104 1390 258 1445; x_wconf 52' lang='lat' dir='ltr'>diditss)</span> <span class='ocrx_word' id='word_1_171' title='bbox 297 1393 480 1444; x_wconf 70' lang='lat' dir='ltr'>Polybius</span> <span class='ocrx_word' id='word_1_172' title='bbox 507 1399 639 1432; x_wconf 90' lang='lat' dir='ltr'>tamen</span> <span class='ocrx_word' id='word_1_173' title='bbox 667 1406 755 1432; x_wconf 80' lang='lat' dir='ltr'>cum</span> <span class='ocrx_word' id='word_1_174' title='bbox 783 1393 977 1444; x_wconf 90' lang='lat' dir='ltr'>proelium</span> <span class='ocrx_word' id='word_1_175' title='bbox 1005 1393 1215 1432; x_wconf 77' lang='lat' dir='ltr'>Tieinense</span> <span class='ocrx_word' id='word_1_176' title='bbox 1242 1400 1433 1445; x_wconf 79' lang='lat' dir='ltr'>narraret,</span> <span class='ocrx_word' id='word_1_177' title='bbox 1468 1394 1514 1433; x_wconf 88' lang='lat' dir='ltr'>de</span> <span class='ocrx_word' id='word_1_178' title='bbox 1541 1397 1644 1446; x_wconf 86' lang='lat' dir='ltr'>peri-</span> 
     </span>
     <span class='ocr_line' id='line_1_23' title="bbox 103 1454 1644 1512; baseline 0.003 -17"><span class='ocrx_word' id='word_1_179' title='bbox 103 1458 188 1496; x_wconf 75' lang='lat' dir='ltr'>culo</span> <span class='ocrx_word' id='word_1_180' title='bbox 217 1460 338 1509; x_wconf 87' lang='lat' dir='ltr'>patris</span> <span class='ocrx_word' id='word_1_181' title='bbox 365 1461 487 1497; x_wconf 79' lang='lat' dir='ltr'>tacuit</span> <span class='ocrx_word' id='word_1_182' title='bbox 515 1454 750 1512; x_wconf 66' lang='lat' dir='ltr'>(3,65,11J›</span> <span class='ocrx_word' id='word_1_183' title='bbox 779 1458 1037 1509; x_wconf 84' lang='lat' dir='ltr'>uulnerisque</span> <span class='ocrx_word' id='word_1_184' title='bbox 1070 1464 1206 1510; x_wconf 87' lang='lat' dir='ltr'>postea</span> <span class='ocrx_word' id='word_1_185' title='bbox 1236 1460 1276 1497; x_wconf 92' lang='lat' dir='ltr'>in</span> <span class='ocrx_word' id='word_1_186' title='bbox 1304 1465 1535 1499; x_wconf 82' lang='lat' dir='ltr'>transcursu</span> <span class='ocrx_word' id='word_1_187' title='bbox 1563 1474 1644 1500; x_wconf 88' lang='lat' dir='ltr'>me—</span> 
     </span>
     <span class='ocr_line' id='line_1_24' title="bbox 102 1519 1643 1576; baseline 0.003 -16"><span class='ocrx_word' id='word_1_188' title='bbox 102 1524 217 1561; x_wconf 83' lang='lat' dir='ltr'>minit</span> <span class='ocrx_word' id='word_1_189' title='bbox 238 1519 373 1575; x_wconf 62' lang='lat'>(1:66,</span> <span class='ocrx_word' id='word_1_190' title='bbox 390 1519 447 1576; x_wconf 75' lang='lat'>2),</span> <span class='ocrx_word' id='word_1_191' title='bbox 468 1525 626 1574; x_wconf 78' lang='lat' dir='ltr'>pietatis</span> <span class='ocrx_word' id='word_1_192' title='bbox 647 1525 887 1574; x_wconf 85' lang='lat' dir='ltr'>uirtutisque</span> <span class='ocrx_word' id='word_1_193' title='bbox 911 1523 980 1562; x_wconf 85' lang='lat' dir='ltr'>tilii</span> <span class='ocrx_word' id='word_1_194' title='bbox 1002 1523 1267 1563; x_wconf 82' lang='lat' dir='ltr'>adulescentis</span> <span class='ocrx_word' id='word_1_195' title='bbox 1288 1537 1366 1563; x_wconf 90' lang='lat' dir='ltr'>non</span> <span class='ocrx_word' id='word_1_196' title='bbox 1388 1531 1477 1564; x_wconf 91' lang='lat' dir='ltr'>ante</span> <span class='ocrx_word' id='word_1_197' title='bbox 1499 1526 1643 1565; x_wconf 91' lang='lat' dir='ltr'>librum</span> 
     </span>
     <span class='ocr_line' id='line_1_25' title="bbox 103 1584 1642 1641; baseline 0.003 -16"><span class='ocrx_word' id='word_1_198' title='bbox 103 1587 298 1626; x_wconf 71' lang='lat' dir='ltr'>decimum</span> <span class='ocrx_word' id='word_1_199' title='bbox 333 1584 383 1627; x_wconf 82' lang='lat' dir='ltr'>(c.</span> <span class='ocrx_word' id='word_1_200' title='bbox 406 1586 613 1641; x_wconf 67' lang='lat'><em>372-6’7</em></span> <span class='ocrx_word' id='word_1_201' title='bbox 648 1588 764 1640; x_wconf 84' lang='lat' dir='ltr'>idque</span> <span class='ocrx_word' id='word_1_202' title='bbox 798 1590 849 1627; x_wconf 82' lang='lat' dir='ltr'>ita</span> <span class='ocrx_word' id='word_1_203' title='bbox 882 1595 926 1627; x_wconf 80' lang='lat' dir='ltr'>ut</span> <span class='ocrx_word' id='word_1_204' title='bbox 959 1602 1042 1627; x_wconf 88' lang='lat' dir='ltr'>eam</span> <span class='ocrx_word' id='word_1_205' title='bbox 1074 1595 1196 1628; x_wconf 85' lang='lat' dir='ltr'>totam</span> <span class='ocrx_word' id='word_1_206' title='bbox 1230 1590 1277 1628; x_wconf 91' lang='lat' dir='ltr'>ad</span> <span class='ocrx_word' id='word_1_207' title='bbox 1311 1590 1349 1629; x_wconf 63' lang='grc' dir='ltr'>(ἶ).</span> <span class='ocrx_word' id='word_1_208' title='bbox 1378 1590 1499 1629; x_wconf 89' lang='lat' dir='ltr'>Laelii</span> <span class='ocrx_word' id='word_1_209' title='bbox 1527 1593 1642 1630; x_wconf 82' lang='lat' dir='ltr'>amici</span> 
     </span>
     <span class='ocr_line' id='line_1_26' title="bbox 102 1654 1642 1706; baseline 0.002 -15"><span class='ocrx_word' id='word_1_210' title='bbox 102 1654 373 1691; x_wconf 75' lang='lat' dir='ltr'>auctoritatem</span> <span class='ocrx_word' id='word_1_211' title='bbox 401 1655 579 1704; x_wconf 73' lang='lat' dir='ltr'>referret,</span> <span class='ocrx_word' id='word_1_212' title='bbox 608 1666 683 1704; x_wconf 86' lang='lat' dir='ltr'>quo</span> <span class='ocrx_word' id='word_1_213' title='bbox 712 1666 829 1705; x_wconf 90' lang='lat' dir='ltr'>saepe</span> <span class='ocrx_word' id='word_1_214' title='bbox 855 1654 986 1705; x_wconf 78' lang='lat' dir='ltr'>Scipio</span> <span class='ocrx_word' id='word_1_215' title='bbox 1009 1655 1217 1693; x_wconf 81' lang='lat' dir='ltr'>Africanus</span> <span class='ocrx_word' id='word_1_216' title='bbox 1244 1667 1439 1706; x_wconf 75' lang='lat' dir='ltr'>praecone</span> <span class='ocrx_word' id='word_1_217' title='bbox 1468 1669 1601 1694; x_wconf 89' lang='lat' dir='ltr'>rerum</span> <span class='ocrx_word' id='word_1_218' title='bbox 1623 1669 1642 1694; x_wconf 90' lang='lat' dir='ltr'>a</span> 
     </span>
     <span class='ocr_line' id='line_1_27' title="bbox 102 1714 1642 1773; baseline 0.003 -17"><span class='ocrx_word' id='word_1_219' title='bbox 102 1731 142 1756; x_wconf 85' lang='lat' dir='ltr'>se</span> <span class='ocrx_word' id='word_1_220' title='bbox 170 1724 369 1768; x_wconf 74' lang='lat' dir='ltr'>gestarum</span> <span class='ocrx_word' id='word_1_221' title='bbox 395 1732 491 1757; x_wconf 88' lang='lat' dir='ltr'>usus</span> <span class='ocrx_word' id='word_1_222' title='bbox 519 1725 578 1757; x_wconf 85' lang='lat' dir='ltr'>est</span> <span class='ocrx_word' id='word_1_223' title='bbox 605 1714 709 1772; x_wconf 81' lang='lat' dir='ltr'>(Liu.</span> <span class='ocrx_word' id='word_1_224' title='bbox 731 1717 884 1769; x_wconf 75' lang='lat' dir='ltr'>2G‚51‚</span> <span class='ocrx_word' id='word_1_225' title='bbox 905 1718 939 1758; x_wconf 90' lang='lat'>1.</span> <span class='ocrx_word' id='word_1_226' title='bbox 967 1717 1037 1770; x_wconf 82' lang='grc'>30,</span> <span class='ocrx_word' id='word_1_227' title='bbox 1052 1718 1120 1770; x_wconf 81' lang='grc'>36,</span> <span class='ocrx_word' id='word_1_228' title='bbox 1136 1716 1195 1773; x_wconf 75' lang='lat'>3)</span> <span class='ocrx_word' id='word_1_229' title='bbox 1236 1733 1351 1771; x_wconf 88' lang='lat' dir='ltr'>quam</span> <span class='ocrx_word' id='word_1_230' title='bbox 1380 1721 1428 1759; x_wconf 91' lang='lat' dir='ltr'>ob</span> <span class='ocrx_word' id='word_1_231' title='bbox 1457 1734 1538 1760; x_wconf 91' lang='lat' dir='ltr'>rem</span> <span class='ocrx_word' id='word_1_232' title='bbox 1569 1723 1642 1760; x_wconf 87' lang='lat' dir='ltr'>etsi</span> 
     </span>
     <span class='ocr_line' id='line_1_28' title="bbox 104 1783 1642 1837; baseline 0.003 -16"><span class='ocrx_word' id='word_1_233' title='bbox 104 1790 185 1821; x_wconf 91' lang='lat' dir='ltr'>tum</span> <span class='ocrx_word' id='word_1_234' title='bbox 218 1783 341 1821; x_wconf 81' lang='lat' dir='ltr'>silium</span> <span class='ocrx_word' id='word_1_235' title='bbox 376 1783 421 1822; x_wconf 90' lang='lat' dir='ltr'>de</span> <span class='ocrx_word' id='word_1_236' title='bbox 455 1786 578 1835; x_wconf 86' lang='lat' dir='ltr'>patris</span> <span class='ocrx_word' id='word_1_237' title='bbox 612 1784 735 1823; x_wconf 88' lang='lat' dir='ltr'>salute</span> <span class='ocrx_word' id='word_1_238' title='bbox 770 1785 926 1823; x_wconf 84' lang='lat' dir='ltr'>sortiter</span> <span class='ocrx_word' id='word_1_239' title='bbox 957 1784 1165 1823; x_wconf 85' lang='lat' dir='ltr'>dimicasse</span> <span class='ocrx_word' id='word_1_240' title='bbox 1192 1798 1270 1823; x_wconf 90' lang='lat' dir='ltr'>non</span> <span class='ocrx_word' id='word_1_241' title='bbox 1297 1788 1526 1837; x_wconf 67' lang='lat' dir='ltr'>negauerim</span> <span class='ocrx_word' id='word_1_242' title='bbox 1555 1787 1642 1825; x_wconf 91' lang='lat' dir='ltr'>rhe-</span> 
     </span>
     <span class='ocr_line' id='line_1_29' title="bbox 100 1848 1642 1901; baseline 0.002 -14"><span class='ocrx_word' id='word_1_243' title='bbox 100 1854 296 1899; x_wconf 80' lang='lat' dir='ltr'>toresque,</span> <span class='ocrx_word' id='word_1_244' title='bbox 324 1848 427 1899; x_wconf 85' lang='lat' dir='ltr'>quod</span> <span class='ocrx_word' id='word_1_245' title='bbox 448 1849 585 1888; x_wconf 90' lang='lat' dir='ltr'>Liuius</span> <span class='ocrx_word' id='word_1_246' title='bbox 606 1862 746 1888; x_wconf 90' lang='lat' dir='ltr'>uerum</span> <span class='ocrx_word' id='word_1_247' title='bbox 771 1862 857 1888; x_wconf 88' lang='lat' dir='ltr'>esse</span> <span class='ocrx_word' id='word_1_248' title='bbox 878 1849 1028 1901; x_wconf 82' lang='lat' dir='ltr'>maluit,</span> <span class='ocrx_word' id='word_1_249' title='bbox 1056 1850 1270 1889; x_wconf 86' lang='lat' dir='ltr'>libentibus</span> <span class='ocrx_word' id='word_1_250' title='bbox 1292 1852 1433 1889; x_wconf 87' lang='lat' dir='ltr'>animis</span> <span class='ocrx_word' id='word_1_251' title='bbox 1455 1853 1540 1890; x_wconf 89' lang='lat' dir='ltr'>eius</span> <span class='ocrx_word' id='word_1_252' title='bbox 1562 1851 1642 1890; x_wconf 90' lang='lat' dir='ltr'>lau-</span> 
     </span>
     <span class='ocr_line' id='line_1_30' title="bbox 103 1913 1640 1967; baseline 0.003 -16"><span class='ocrx_word' id='word_1_253' title='bbox 103 1913 188 1951; x_wconf 78' lang='lat' dir='ltr'>dem</span> <span class='ocrx_word' id='word_1_254' title='bbox 216 1920 409 1952; x_wconf 84' lang='lat' dir='ltr'>auxerunt</span> <span class='ocrx_word' id='word_1_255' title='bbox 436 1920 474 1953; x_wconf 87' lang='lat' dir='ltr'>et</span> <span class='ocrx_word' id='word_1_256' title='bbox 499 1920 833 1966; x_wconf 79' lang='lat' dir='ltr'>propagauerunt,</span> <span class='ocrx_word' id='word_1_257' title='bbox 868 1916 975 1953; x_wconf 89' lang='lat' dir='ltr'>serui</span> <span class='ocrx_word' id='word_1_258' title='bbox 1008 1921 1140 1954; x_wconf 90' lang='lat' dir='ltr'>tamen</span> <span class='ocrx_word' id='word_1_259' title='bbox 1171 1915 1291 1954; x_wconf 83' lang='lat' dir='ltr'>decus</span> <span class='ocrx_word' id='word_1_260' title='bbox 1318 1917 1453 1967; x_wconf 89' lang='lat' dir='ltr'>iniquo</span> <span class='ocrx_word' id='word_1_261' title='bbox 1482 1917 1640 1955; x_wconf 87' lang='lat' dir='ltr'>silentio</span> 
     </span>
    </p>
   </div>
   <div class='ocr_carea' id='block_1_6' title="bbox 277 1996 389 2000">
    <p class='ocr_par' dir='ltr' id='par_1_7' title="bbox 277 1996 389 2000">
     <span class='ocr_line' id='line_1_31' title="bbox 277 1996 389 2000; baseline 0 0"><span class='ocrx_word' id='word_1_262' title='bbox 277 1996 389 2000; x_wconf 95' lang='lat' dir='ltr'> </span> 
     </span>
    </p>
   </div>
   <div class='ocr_carea' id='block_1_7' title="bbox 99 2033 1643 2772">
    <p class='ocr_par' dir='ltr' id='par_1_8' title="bbox 99 2033 1643 2399">
     <span class='ocr_line' id='line_1_32' title="bbox 102 2033 1640 2081; baseline 0.003 -15"><span class='ocrx_word' id='word_1_263' title='bbox 102 2033 267 2067; x_wconf 81' lang='lat' dir='ltr'>Silenum</span> <span class='ocrx_word' id='word_1_264' title='bbox 295 2033 434 2068; x_wconf 69' lang='lat' dir='ltr'>dietam</span> <span class='ocrx_word' id='word_1_265' title='bbox 462 2045 541 2069; x_wconf 83' lang='lat' dir='ltr'>esse</span> <span class='ocrx_word' id='word_1_266' title='bbox 569 2035 732 2070; x_wconf 81' lang='lat' dir='ltr'>conicias</span> <span class='ocrx_word' id='word_1_267' title='bbox 759 2036 990 2080; x_wconf 81' lang='lat' dir='ltr'>eandemque</span> <span class='ocrx_word' id='word_1_268' title='bbox 1012 2036 1144 2070; x_wconf 81' lang='lat' dir='ltr'>eadere</span> <span class='ocrx_word' id='word_1_269' title='bbox 1166 2037 1204 2070; x_wconf 88' lang='lat' dir='ltr'>in</span> <span class='ocrx_word' id='word_1_270' title='bbox 1226 2036 1409 2071; x_wconf 82' lang='lat' dir='ltr'>Coelium:</span> <span class='ocrx_word' id='word_1_271' title='bbox 1429 2035 1511 2071; x_wconf 83' lang='grc' dir='ltr'><em>Ἵνα</em></span> <span class='ocrx_word' id='word_1_272' title='bbox 1533 2037 1572 2072; x_wconf 70' lang='grc' dir='ltr'>δὲ</span> <span class='ocrx_word' id='word_1_273' title='bbox 1594 2037 1640 2081; x_wconf 81' lang='grc' dir='ltr'>μὴ</span> 
     </span>
     <span class='ocr_line' id='line_1_33' title="bbox 100 2087 1642 2135; baseline 0.002 -14"><span class='ocrx_word' id='word_1_274' title='bbox 100 2093 172 2121; x_wconf 85' lang='grc' dir='ltr'><em>τῶν</em></span> <span class='ocrx_word' id='word_1_275' title='bbox 198 2087 321 2122; x_wconf 83' lang='grc' dir='ltr'><em>τόπων</em></span> <span class='ocrx_word' id='word_1_276' title='bbox 347 2088 610 2132; x_wconf 72' lang='grc' dir='ltr'><em>ἀγνοουμένων</em></span> <span class='ocrx_word' id='word_1_277' title='bbox 637 2087 878 2123; x_wconf 79' lang='grc' dir='ltr'><em>παντάπασιν</em></span> <span class='ocrx_word' id='word_1_278' title='bbox 905 2089 1033 2134; x_wconf 81' lang='grc' dir='ltr'><em>ἀσαφῆ</em></span> <span class='ocrx_word' id='word_1_279' title='bbox 1061 2088 1233 2134; x_wconf 78' lang='grc' dir='ltr'><em>γίνεσθαι</em></span> <span class='ocrx_word' id='word_1_280' title='bbox 1265 2090 1446 2135; x_wconf 84' lang='grc' dir='ltr'><em>συμβαίνῃ</em></span> <span class='ocrx_word' id='word_1_281' title='bbox 1474 2090 1541 2134; x_wconf 81' lang='grc' dir='ltr'><em>τὴν</em></span> <span class='ocrx_word' id='word_1_282' title='bbox 1563 2089 1642 2133; x_wconf 76' lang='grc' dir='ltr'><em>διή-</em></span> 
     </span>
     <span class='ocr_line' id='line_1_34' title="bbox 102 2138 1642 2188; baseline 0.003 -14"><span class='ocrx_word' id='word_1_283' title='bbox 102 2151 221 2185; x_wconf 72' lang='grc' dir='ltr'><em>γησιν,</em></span> <span class='ocrx_word' id='word_1_284' title='bbox 248 2138 380 2185; x_wconf 75' lang='grc' dir='ltr'><em>ῥητέον</em></span> <span class='ocrx_word' id='word_1_285' title='bbox 406 2139 453 2175; x_wconf 74' lang='grc' dir='ltr'><em>ἂν</em></span> <span class='ocrx_word' id='word_1_286' title='bbox 481 2141 549 2185; x_wconf 68' lang='grc' dir='ltr'>εἴη,</span> <span class='ocrx_word' id='word_1_287' title='bbox 576 2140 699 2177; x_wconf 75' lang='grc' dir='ltr'><em>πόθεν</em></span> <span class='ocrx_word' id='word_1_288' title='bbox 727 2141 890 2187; x_wconf 78' lang='grc' dir='ltr'><em>ὁρμήσας</em></span> <span class='ocrx_word' id='word_1_289' title='bbox 910 2141 1072 2188; x_wconf 66' lang='grc' dir='ltr'><em>Ἀννίβας</em></span> <span class='ocrx_word' id='word_1_290' title='bbox 1098 2144 1161 2177; x_wconf 82' lang='grc' dir='ltr'>καὶ</span> <span class='ocrx_word' id='word_1_291' title='bbox 1181 2143 1286 2183; x_wconf 83' lang='grc' dir='ltr'><em>τίνας</em></span> <span class='ocrx_word' id='word_1_292' title='bbox 1305 2144 1367 2177; x_wconf 74' lang='grc' dir='ltr'>καὶ</span> <span class='ocrx_word' id='word_1_293' title='bbox 1389 2142 1527 2183; x_wconf 80' lang='grc' dir='ltr'><em>πόσους</em></span> <span class='ocrx_word' id='word_1_294' title='bbox 1548 2145 1642 2178; x_wconf 65' lang='lat'>‹5152-</span> 
     </span>
     <span class='ocr_line' id='line_1_35' title="bbox 99 2192 1643 2241; baseline 0.003 -14"><span class='ocrx_word' id='word_1_295' title='bbox 99 2194 183 2228; x_wconf 79' lang='grc' dir='ltr'><em>θὼν</em></span> <span class='ocrx_word' id='word_1_296' title='bbox 214 2192 351 2234; x_wconf 82' lang='grc' dir='ltr'><em>τόπους</em></span> <span class='ocrx_word' id='word_1_297' title='bbox 387 2195 438 2234; x_wconf 72' lang='grc' dir='ltr'>εἰς</span> <span class='ocrx_word' id='word_1_298' title='bbox 475 2202 566 2229; x_wconf 82' lang='grc' dir='ltr'><em>ποῖα</em></span> <span class='ocrx_word' id='word_1_299' title='bbox 605 2195 693 2240; x_wconf 81' lang='grc' dir='ltr'><em>μέρη</em></span> <span class='ocrx_word' id='word_1_300' title='bbox 727 2200 864 2239; x_wconf 80' lang='grc' dir='ltr'><strong><em>κατῆρε</em></strong></span> <span class='ocrx_word' id='word_1_301' title='bbox 897 2200 961 2239; x_wconf 71' lang='grc' dir='ltr'>τῆς</span> <span class='ocrx_word' id='word_1_302' title='bbox 991 2194 1159 2237; x_wconf 77' lang='grc' dir='ltr'><em>Ἰταλίας.</em></span> <span class='ocrx_word' id='word_1_303' title='bbox 1199 2195 1330 2241; x_wconf 74' lang='grc' dir='ltr'><em>ῥητέον</em></span> <span class='ocrx_word' id='word_1_304' title='bbox 1365 2195 1399 2231; x_wconf 77' lang='grc' dir='ltr'>δ’</span> <span class='ocrx_word' id='word_1_305' title='bbox 1432 2197 1499 2231; x_wconf 78' lang='grc' dir='ltr'>οὐκ</span> <span class='ocrx_word' id='word_1_306' title='bbox 1526 2196 1643 2237; x_wconf 75' lang='grc' dir='ltr'><em>αὐτὰς</em></span> 
     </span>
     <span class='ocr_line' id='line_1_36' title="bbox 102 2246 1642 2293; baseline 0.003 -13"><span class='ocrx_word' id='word_1_307' title='bbox 102 2246 165 2286; x_wconf 79' lang='grc' dir='ltr'>τὰς</span> <span class='ocrx_word' id='word_1_308' title='bbox 197 2246 399 2292; x_wconf 79' lang='grc' dir='ltr'><em>ὀνομασίας</em></span> <span class='ocrx_word' id='word_1_309' title='bbox 431 2254 503 2283; x_wconf 83' lang='grc' dir='ltr'><em>τῶν</em></span> <span class='ocrx_word' id='word_1_310' title='bbox 530 2246 655 2283; x_wconf 80' lang='grc' dir='ltr'><em>τόπων</em></span> <span class='ocrx_word' id='word_1_311' title='bbox 682 2249 746 2282; x_wconf 77' lang='grc' dir='ltr'>καὶ</span> <span class='ocrx_word' id='word_1_312' title='bbox 771 2255 948 2293; x_wconf 78' lang='grc' dir='ltr'><em>ποταμῶν</em></span> <span class='ocrx_word' id='word_1_313' title='bbox 975 2250 1038 2283; x_wconf 77' lang='grc' dir='ltr'>καὶ</span> <span class='ocrx_word' id='word_1_314' title='bbox 1065 2247 1226 2293; x_wconf 70' lang='grc' dir='ltr'><em>πόλεων,</em></span> <span class='ocrx_word' id='word_1_315' title='bbox 1258 2248 1345 2292; x_wconf 81' lang='grc' dir='ltr'><strong>ὅπερ</strong></span> <span class='ocrx_word' id='word_1_316' title='bbox 1373 2250 1467 2285; x_wconf 73' lang='grc' dir='ltr'><em>ἔνιοι</em></span> <span class='ocrx_word' id='word_1_317' title='bbox 1492 2257 1642 2284; x_wconf 80' lang='grc' dir='ltr'><em>ποιοῦσι</em></span> 
     </span>
     <span class='ocr_line' id='line_1_37' title="bbox 100 2299 1642 2348; baseline 0.002 -14"><span class='ocrx_word' id='word_1_318' title='bbox 100 2307 173 2334; x_wconf 81' lang='grc' dir='ltr'><em>τῶν</em></span> <span class='ocrx_word' id='word_1_319' title='bbox 200 2300 464 2345; x_wconf 73' lang='grc' dir='ltr'><em>συγγραφέων,</em></span> <span class='ocrx_word' id='word_1_320' title='bbox 497 2301 826 2348; x_wconf 80' lang='grc' dir='ltr'><em>ὑπολαμβάνοντες</em></span> <span class='ocrx_word' id='word_1_321' title='bbox 852 2303 892 2337; x_wconf 79' lang='grc' dir='ltr'><em>ἐν</em></span> <span class='ocrx_word' id='word_1_322' title='bbox 918 2303 1030 2338; x_wconf 81' lang='grc' dir='ltr'><em>παντὶ</em></span> <span class='ocrx_word' id='word_1_323' title='bbox 1058 2299 1152 2345; x_wconf 81' lang='grc' dir='ltr'><em>πρὸς</em></span> <span class='ocrx_word' id='word_1_324' title='bbox 1178 2307 1314 2346; x_wconf 80' lang='grc' dir='ltr'><em>γνῶσιν</em></span> <span class='ocrx_word' id='word_1_325' title='bbox 1341 2303 1406 2336; x_wconf 77' lang='grc' dir='ltr'>καὶ</span> <span class='ocrx_word' id='word_1_326' title='bbox 1433 2301 1642 2346; x_wconf 79' lang='grc' dir='ltr'><em>σαφήνειαν</em></span> 
     </span>
     <span class='ocr_line' id='line_1_38' title="bbox 102 2351 788 2399; baseline 0.004 -12"><span class='ocrx_word' id='word_1_327' title='bbox 102 2353 292 2394; x_wconf 75' lang='grc' dir='ltr'><em>αὐτοτελὲς</em></span> <span class='ocrx_word' id='word_1_328' title='bbox 319 2351 417 2389; x_wconf 82' lang='grc' dir='ltr'><em>εἶναι</em></span> <span class='ocrx_word' id='word_1_329' title='bbox 442 2361 550 2389; x_wconf 80' lang='grc' dir='ltr'><em>τοῦτο</em></span> <span class='ocrx_word' id='word_1_330' title='bbox 577 2353 618 2390; x_wconf 90' lang='grc' dir='ltr'>τὸ</span> <span class='ocrx_word' id='word_1_331' title='bbox 645 2354 763 2399; x_wconf 81' lang='grc' dir='ltr'><em>μέρος.</em></span> <span class='ocrx_word' id='word_1_332' title='bbox 785 2383 788 2386; x_wconf 91' lang='grc'>.</span> 
     </span>
    </p>

    <p class='ocr_par' dir='ltr' id='par_1_9' title="bbox 198 2407 1477 2454">
     <span class='ocr_line' id='line_1_39' title="bbox 198 2407 1477 2454; baseline 0.001 -13"><span class='ocrx_word' id='word_1_333' title='bbox 198 2409 229 2450; x_wconf 82' lang='grc'>1)</span> <span class='ocrx_word' id='word_1_334' title='bbox 256 2407 339 2441; x_wconf 69' lang='lat' dir='ltr'>vid.</span> <span class='ocrx_word' id='word_1_335' title='bbox 362 2407 399 2442; x_wconf 84' lang='lat' dir='ltr'>C.</span> <span class='ocrx_word' id='word_1_336' title='bbox 420 2408 530 2442; x_wconf 83' lang='lat' dir='ltr'>Peter</span> <span class='ocrx_word' id='word_1_337' title='bbox 556 2409 694 2443; x_wconf 74' lang='lat' dir='ltr'>Liuius</span> <span class='ocrx_word' id='word_1_338' title='bbox 719 2421 754 2443; x_wconf 81' lang='lat' dir='ltr'>u.</span> <span class='ocrx_word' id='word_1_339' title='bbox 782 2409 960 2454; x_wconf 76' lang='lat' dir='ltr'>Polybius</span> <span class='ocrx_word' id='word_1_340' title='bbox 980 2421 1014 2454; x_wconf 90' lang='lat' dir='ltr'>p.</span> <span class='ocrx_word' id='word_1_341' title='bbox 1032 2412 1086 2442; x_wconf 82' lang='lat'>75.</span> <span class='ocrx_word' id='word_1_342' title='bbox 1128 2409 1256 2443; x_wconf 67' lang='lat' dir='ltr'>Kritz‘k</span> <span class='ocrx_word' id='word_1_343' title='bbox 1275 2421 1310 2453; x_wconf 91' lang='lat' dir='ltr'>p.</span> <span class='ocrx_word' id='word_1_344' title='bbox 1327 2412 1477 2442; x_wconf 79' lang='lat'>82—99.</span> 
     </span>
    </p>

    <p class='ocr_par' dir='ltr' id='par_1_10' title="bbox 99 2461 1639 2558">
     <span class='ocr_line' id='line_1_40' title="bbox 196 2461 1639 2507; baseline 0.001 -14"><span class='ocrx_word' id='word_1_345' title='bbox 196 2462 230 2503; x_wconf 78' lang='lat'>2)</span> <span class='ocrx_word' id='word_1_346' title='bbox 257 2461 403 2495; x_wconf 79' lang='lat' dir='ltr'>Similia</span> <span class='ocrx_word' id='word_1_347' title='bbox 436 2464 561 2497; x_wconf 77' lang='lat' dir='ltr'>tamen</span> <span class='ocrx_word' id='word_1_348' title='bbox 594 2462 677 2507; x_wconf 83' lang='lat' dir='ltr'>plus</span> <span class='ocrx_word' id='word_1_349' title='bbox 711 2462 987 2507; x_wconf 75' lang='lat' dir='ltr'>quinquaginta</span> <span class='ocrx_word' id='word_1_350' title='bbox 1014 2462 1121 2496; x_wconf 85' lang='lat' dir='ltr'>annis</span> <span class='ocrx_word' id='word_1_351' title='bbox 1150 2464 1236 2505; x_wconf 74' lang='lat' dir='ltr'>post</span> <span class='ocrx_word' id='word_1_352' title='bbox 1263 2462 1377 2496; x_wconf 75' lang='lat' dir='ltr'>etiam</span> <span class='ocrx_word' id='word_1_353' title='bbox 1404 2461 1548 2496; x_wconf 83' lang='lat' dir='ltr'>Tubero</span> <span class='ocrx_word' id='word_1_354' title='bbox 1576 2462 1639 2505; x_wconf 85' lang='lat' dir='ltr'>qui</span> 
     </span>
     <span class='ocr_line' id='line_1_41' title="bbox 99 2513 843 2558; baseline 0.003 -11"><span class='ocrx_word' id='word_1_355' title='bbox 99 2513 277 2558; x_wconf 72' lang='lat' dir='ltr'>legerent,</span> <span class='ocrx_word' id='word_1_356' title='bbox 305 2515 453 2548; x_wconf 82' lang='lat' dir='ltr'>eredere</span> <span class='ocrx_word' id='word_1_357' title='bbox 480 2514 610 2550; x_wconf 79' lang='lat' dir='ltr'>uoluit.</span> <span class='ocrx_word' id='word_1_358' title='bbox 650 2516 725 2549; x_wconf 87' lang='lat' dir='ltr'>uid.</span> <span class='ocrx_word' id='word_1_359' title='bbox 748 2515 791 2549; x_wconf 87' lang='lat' dir='ltr'>fr.</span> <span class='ocrx_word' id='word_1_360' title='bbox 813 2519 843 2549; x_wconf 81' lang='lat'>8.</span> 
     </span>
    </p>

    <p class='ocr_par' dir='ltr' id='par_1_11' title="bbox 100 2567 1639 2772">
     <span class='ocr_line' id='line_1_42' title="bbox 196 2567 1639 2610; baseline 0.001 -10"><span class='ocrx_word' id='word_1_361' title='bbox 196 2569 227 2610; x_wconf 72' lang='lat'>3)</span> <span class='ocrx_word' id='word_1_362' title='bbox 256 2567 390 2601; x_wconf 80' lang='lat' dir='ltr'>Nescio</span> <span class='ocrx_word' id='word_1_363' title='bbox 419 2579 465 2602; x_wconf 81' lang='lat' dir='ltr'>an</span> <span class='ocrx_word' id='word_1_364' title='bbox 493 2579 514 2602; x_wconf 85' lang='lat' dir='ltr'>a</span> <span class='ocrx_word' id='word_1_365' title='bbox 541 2568 720 2603; x_wconf 81' lang='lat' dir='ltr'>Gracchis</span> <span class='ocrx_word' id='word_1_366' title='bbox 747 2569 862 2603; x_wconf 80' lang='lat' dir='ltr'>etiam</span> <span class='ocrx_word' id='word_1_367' title='bbox 889 2569 935 2602; x_wconf 82' lang='lat' dir='ltr'>ad</span> <span class='ocrx_word' id='word_1_368' title='bbox 958 2569 1036 2602; x_wconf 82' lang='lat' dir='ltr'>eius</span> <span class='ocrx_word' id='word_1_369' title='bbox 1064 2568 1231 2602; x_wconf 79' lang='lat' dir='ltr'>familiae</span> <span class='ocrx_word' id='word_1_370' title='bbox 1252 2568 1438 2602; x_wconf 72' lang='lat' dir='ltr'>tablinum</span> <span class='ocrx_word' id='word_1_371' title='bbox 1461 2568 1585 2602; x_wconf 73' lang='lat' dir='ltr'>aditus</span> <span class='ocrx_word' id='word_1_372' title='bbox 1607 2569 1639 2601; x_wconf 86' lang='lat' dir='ltr'>ei</span> 
     </span>
     <span class='ocr_line' id='line_1_43' title="bbox 100 2620 1638 2665; baseline 0.001 -12"><span class='ocrx_word' id='word_1_373' title='bbox 100 2620 310 2663; x_wconf 75' lang='lat' dir='ltr'>patefactus</span> <span class='ocrx_word' id='word_1_374' title='bbox 337 2621 395 2655; x_wconf 68' lang='lat' dir='ltr'>sit.</span> <span class='ocrx_word' id='word_1_375' title='bbox 437 2623 536 2656; x_wconf 80' lang='lat' dir='ltr'>certe</span> <span class='ocrx_word' id='word_1_376' title='bbox 557 2621 822 2657; x_wconf 83' lang='lat' dir='ltr'>Weissenborn</span> <span class='ocrx_word' id='word_1_377' title='bbox 851 2622 897 2656; x_wconf 81' lang='lat' dir='ltr'>ad</span> <span class='ocrx_word' id='word_1_378' title='bbox 918 2622 996 2656; x_wconf 88' lang='lat' dir='ltr'>Liu.</span> <span class='ocrx_word' id='word_1_379' title='bbox 1013 2626 1069 2663; x_wconf 73' lang='lat'>23,</span> <span class='ocrx_word' id='word_1_380' title='bbox 1085 2625 1140 2662; x_wconf 77' lang='lat'>35,</span> <span class='ocrx_word' id='word_1_381' title='bbox 1159 2625 1212 2662; x_wconf 76' lang='lat'>19,</span> <span class='ocrx_word' id='word_1_382' title='bbox 1240 2631 1485 2665; x_wconf 80' lang='lat' dir='ltr'>quaeeunque</span> <span class='ocrx_word' id='word_1_383' title='bbox 1513 2621 1560 2654; x_wconf 81' lang='lat' dir='ltr'>ad</span> <span class='ocrx_word' id='word_1_384' title='bbox 1583 2620 1638 2655; x_wconf 85' lang='lat' dir='ltr'>Ti.</span> 
     </span>
     <span class='ocr_line' id='line_1_44' title="bbox 101 2672 1638 2719; baseline 0.002 -13"><span class='ocrx_word' id='word_1_385' title='bbox 101 2672 309 2717; x_wconf 85' lang='lat' dir='ltr'>Sempronii</span> <span class='ocrx_word' id='word_1_386' title='bbox 337 2674 494 2708; x_wconf 73' lang='lat' dir='ltr'>Gracchi</span> <span class='ocrx_word' id='word_1_387' title='bbox 521 2676 630 2718; x_wconf 78' lang='lat' dir='ltr'>(cons.</span> <span class='ocrx_word' id='word_1_388' title='bbox 654 2679 733 2709; x_wconf 72' lang='lat'>⁶215.</span> <span class='ocrx_word' id='word_1_389' title='bbox 756 2677 838 2719; x_wconf 77' lang='lat'>539)</span> <span class='ocrx_word' id='word_1_390' title='bbox 865 2686 921 2709; x_wconf 83' lang='lat' dir='ltr'>res</span> <span class='ocrx_word' id='word_1_391' title='bbox 949 2677 1075 2719; x_wconf 73' lang='lat' dir='ltr'>gestas</span> <span class='ocrx_word' id='word_1_392' title='bbox 1101 2675 1349 2719; x_wconf 70' lang='lat' dir='ltr'>pertinerent,</span> <span class='ocrx_word' id='word_1_393' title='bbox 1384 2674 1638 2718; x_wconf 73' lang='lat' dir='ltr'>copiosissime</span> 
     </span>
     <span class='ocr_line' id='line_1_45' title="bbox 101 2726 1637 2772; baseline 0.001 -13"><span class='ocrx_word' id='word_1_394' title='bbox 101 2736 122 2759; x_wconf 78' lang='lat' dir='ltr'>a</span> <span class='ocrx_word' id='word_1_395' title='bbox 143 2726 248 2760; x_wconf 88' lang='lat' dir='ltr'>Liuio</span> <span class='ocrx_word' id='word_1_396' title='bbox 275 2727 443 2771; x_wconf 77' lang='lat' dir='ltr'>exposita</span> <span class='ocrx_word' id='word_1_397' title='bbox 470 2738 549 2762; x_wconf 79' lang='lat' dir='ltr'>esse</span> <span class='ocrx_word' id='word_1_398' title='bbox 574 2729 674 2762; x_wconf 68' lang='lat' dir='ltr'>reete</span> <span class='ocrx_word' id='word_1_399' title='bbox 702 2728 978 2762; x_wconf 72' lang='lat' dir='ltr'>animaduertit.</span> <span class='ocrx_word' id='word_1_400' title='bbox 1018 2728 1146 2762; x_wconf 84' lang='lat' dir='ltr'>Liuius</span> <span class='ocrx_word' id='word_1_401' title='bbox 1169 2730 1293 2763; x_wconf 72' lang='lat' dir='ltr'>autem</span> <span class='ocrx_word' id='word_1_402' title='bbox 1320 2729 1358 2762; x_wconf 88' lang='lat' dir='ltr'>in</span> <span class='ocrx_word' id='word_1_403' title='bbox 1384 2729 1441 2761; x_wconf 71' lang='lat' dir='ltr'>’nis</span> <span class='ocrx_word' id='word_1_404' title='bbox 1468 2729 1637 2772; x_wconf 76' lang='lat' dir='ltr'>part-ibus</span> 
     </span>
    </p>
   </div>
   <div class='ocr_carea' id='block_1_8' title="bbox 101 2778 1119 2879">
    <p class='ocr_par' dir='ltr' id='par_1_12' title="bbox 101 2778 1119 2879">
     <span class='ocr_line' id='line_1_46' title="bbox 101 2778 433 2814; baseline 0.006 -2"><span class='ocrx_word' id='word_1_405' title='bbox 101 2778 226 2813; x_wconf 81' lang='lat' dir='ltr'>Coelio</span> <span class='ocrx_word' id='word_1_406' title='bbox 252 2792 340 2813; x_wconf 82' lang='lat' dir='ltr'>usus</span> <span class='ocrx_word' id='word_1_407' title='bbox 368 2782 433 2814; x_wconf 70' lang='lat' dir='ltr'>est.</span> 
     </span>
     <span class='ocr_line' id='line_1_47' title="bbox 196 2831 1119 2879; baseline 0.005 -15"><span class='ocrx_word' id='word_1_408' title='bbox 196 2836 229 2876; x_wconf 51' lang='lat'>4]</span> <span class='ocrx_word' id='word_1_409' title='bbox 258 2831 340 2866; x_wconf 77' lang='lat' dir='ltr'>Vid.</span> <span class='ocrx_word' id='word_1_410' title='bbox 364 2833 551 2868; x_wconf 68' lang='lat' dir='ltr'>W&#39;oelfflin</span> <span class='ocrx_word' id='word_1_411' title='bbox 580 2834 703 2869; x_wconf 87' lang='lat' dir='ltr'>Herm.</span> <span class='ocrx_word' id='word_1_412' title='bbox 725 2835 843 2869; x_wconf 86' lang='lat' dir='ltr'>XXIII</span> <span class='ocrx_word' id='word_1_413' title='bbox 869 2847 904 2879; x_wconf 85' lang='lat' dir='ltr'>p.</span> <span class='ocrx_word' id='word_1_414' title='bbox 921 2838 1119 2870; x_wconf 81' lang='lat'>307—310.</span> 
     </span>
    </p>
   </div>
  </div>
 </body>
</html>
