2002 3342
354 231 410 269 xss

450 330 605 365 Mueller
640 328 825 374 primariis
859 327 934 362 suis
967 326 1116 361 addidit
1147 336 1191 360 ex
1224 326 1365 360 mancis
1397 325 1662 371 Gen(euensem
1693 339 1728 361 n.
1756 329 1814 371 84)
1845 329 1883 361 et

355 391 446 425 duos
473 391 675 423 Beruenses
702 388 729 422 B
758 391 804 431 (n.
827 389 884 432 83)
913 387 949 420 ct
974 387 1005 419 A
1033 387 1081 430 (n.
1103 386 1185 424 347)
1212 385 1303 419 item
1330 397 1356 419 s.
1377 385 1458 430 X.1)

450 449 599 483 Orosii
625 448 681 482 ed.
704 446 993 491 Zangemcistori
1015 446 1134 490 (1882)
1162 456 1246 478 cum
1266 444 1376 487 pleno
1398 446 1581 489 apparatu
1607 445 1746 488 critico,
1773 456 1882 488 quem

354 508 529 552 excerpsi.

450 566 592 600 Plinii
619 568 692 600 nat.
714 565 799 599 hist.
822 565 878 599 ed.
900 563 1054 607 Silligii,
1081 562 1176 605 Iani,
1203 561 1409 596 Detlefseni
1437 563 1882 608 (1866-82),-1116γ1101“111

354 630 471 671 (1906.
502 630 600 659 1909.
631 626 847 666 1875—97)‚
882 635 925 658 ex
952 634 1023 666 quo
1050 622 1319 666 discrepantias
1346 620 1524 656 librorum
1553 632 1752 665 eorumque
1778 624 1882 656 notas

354 684 599 728 transscripsi.
639 683 733 718 inter
762 683 982 718 uetustiores
1008 683 1158 726 praeter
1190 682 1400 725 fragmenta
1427 680 1520 724 (cod.
1541 681 1663 714 Monei
1689 683 1725 715 et
1752 681 1883 716 Chate-

354 744 461 778 lainii
483 743 805 785 Riccardianiquo,
829 741 1043 784 Sessoriuni,
1070 740 1228 775 Parisini
1256 742 1361 782 9378)
1387 739 1605 774 nominandi
1626 742 1710 774 sunt
1729 741 1884 774 Leiden-

355 804 406 837 sis
434 803 634 837 Vossianus
668 802 691 836 f.
714 807 733 835 4
761 814 787 836 s.
809 802 857 835 IX
885 804 930 845 (2,
954 804 1102 843 196-6,
1125 802 1181 844 51)
1215 802 1249 834 et
1281 799 1566 844 Bambergensis
1599 811 1626 834 s.
1646 799 1677 833 X
1705 802 1882 845 (32—37),

353 863 451 896 inter
470 862 692 896 recentiores
713 861 917 895 Vaticanus
939 864 1042 902 3861,
1070 859 1232 893 Parisini
1253 863 1343 893 6796
1365 870 1451 903 pars
1473 859 1667 902 quaedam,
1693 858 1883 893 Leidensis

357 922 380 954 f.
404 926 444 956 61
474 933 499 954 s.
521 921 569 954 XI
598 921 685 954 olim
714 920 902 954 coniuncti
929 922 963 954 et
989 919 1163 963 exscripti
1189 919 1227 952 in
1254 918 1427 953 Leidensi
1454 917 1570 962 Lipsii
1598 921 1615 951 7
1644 929 1670 952 s.
1691 917 1750 952 XI.

449 979 687 1014 Plutarchi
720 979 884 1013 uitarum
917 980 972 1014 ed.
1000 978 1119 1012 maior
1155 977 1349 1013 Sintenisii
1383 979 1520 1021 (1839),
1556 976 1729 1011 adhibita
1762 978 1885 1011 tamen

355 1039 468 1073 etiam
496 1039 612 1072 altera
639 1039 804 1072 eiusdem
831 1038 886 1072 ed.
909 1037 1168 1072 Teubneriana
1196 1039 1325 1081 (1879).
1362 1036 1559 1071 moralium
1586 1048 1679 1080 quae
1705 1037 1886 1070 uocantur

355 1099 502 1141 praesto
528 1097 728 1147 mihierat
753 1098 902 1141 praeter
927 1097 1170 1131 Didotianam
1198 1097 1253 1131 ed,
1276 1095 1537 1131 Bernadakisii
1565 1097 1694 1140 (1888).

449 1156 633 1200 Polybii
660 1156 716 1190 ed.
737 1156 924 1190 Hultschii
944 1158 1062 1200 (1888.
1078 1159 1133 1190 92.
1158 1159 1258 1190 1870.
1276 1158 1344 1200 72),
1372 1166 1414 1189 ex
1436 1165 1510 1198 qua
1529 1155 1752 1189 uarietatem
1772 1154 1886 1198 scrip-

353 1217 457 1248 turae
484 1214 634 1258 sumpsi.

449 1273 676 1307 Prisciani
702 1273 758 1307 ed.
780 1273 923 1308 Hertzii
951 1275 1079 1317 (1855).

450 1331 731 1373 Quintiliani
758 1332 813 1367 ed.
834 1332 975 1366 Halmii
1002 1333 1132 1376 (1868).

449 1390 812 1424 Scholiastarum
832 1390 1044 1435 Vergilii:
1074 1391 1193 1425 Seruii
1219 1391 1244 1424 1.
1266 1392 1307 1425 11.
1330 1391 1378 1425 ΙΙΙ
1400 1397 1417 1426 1
1445 1392 1499 1426 ed.
1523 1392 1563 1426 G.
1579 1391 1746 1426 Thilonis
1769 1392 1888 1435 (1881)

354 1451 390 1484 et
422 1449 467 1483 H.
487 1449 635 1494 Hageni
661 1449 892 1494 Appendicis
921 1449 1124 1485 Seruianae
1148 1450 1198 1484 ΙΙΙ
1220 1455 1239 1484 2
1266 1452 1385 1495 (1902)
1419 1451 1567 1485 Iunium
1598 1450 1887 1496 Philargyrium,

353 1508 539 1552 Anonymi
573 1508 725 1542 breuem
761 1509 1050 1553 expositionem,
1086 1509 1198 1543 Probi
1234 1509 1558 1552 commentarium,
1595 1509 1744 1544 Scholia
1775 1511 1887 1544 Vero-

354 1568 494 1611 nansia,
521 1568 593 1602 tria
620 1567 813 1613 glossaria,
843 1568 1065 1614 ‘Vergilium
1085 1568 1210 1613 Aspri'
1241 1569 1476 1603 continentis,
1517 1568 1665 1603 Scholia
1685 1569 1887 1603 Bernensia

353 1627 486 1670 Hagen
520 1627 595 1661 iam
631 1629 741 1661 antea
772 1629 892 1672 (1867)
929 1627 967 1661 in
1002 1627 1233 1662 Fleckeiseni
1270 1628 1538 1672 supplementis
1574 1628 1649 1673 (IV)
1686 1629 1887 1672 separatim

355 1686 532 1721 ediderat.

450 1744 596 1779 Solini
633 1745 776 1779 codices
810 1745 1013 1780 secundum
1044 1745 1262 1780 Mommseni
1296 1746 1351 1780 ed.
1379 1746 1536 1780 alteram
1563 1747 1682 1791 (1895)
1715 1757 1782 1791 per
1814 1749 1886 1781 tres

354 1804 489 1838 classes
516 1804 702 1838 distribui.

451 1863 687 1897 Strabonis
715 1864 770 1898 ed.
797 1863 916 1897 maior
942 1863 1111 1897 Kxameri
1138 1865 1259 1908 (1844)
1286 1865 1323 1899 et
1348 1864 1525 1899 Meinekii
1554 1868 1684 1910 (1852).

451 1921 618 1956 Suidae
645 1922 700 1956 ed.
721 1922 954 1966 Bernhardyi
980 1924 1108 1967 (1853).

451 1980 655 2025 Syncelli
683 1982 738 2015 ed.
762 1981 802 2016 Gr.
824 1981 1007 2016 Dindorfii
1035 1985 1165 2025 (1829).

451 2040 732 2074 Tertulliani
760 2041 815 2075 ed.
837 2041 956 2075 maior
979 2040 1127 2075 Oehleri
1153 2034 1273 2086 (1854)
1301 2043 1338 2076 et
1364 2041 1887 2078 Reifferscheidii-Wissowae

355 2099 383 2143 (Ι
411 2102 529 2143 1890).

450 2158 618 2193 Valerii
644 2159 827 2193 Maximi
854 2160 911 2194 ed.
932 2159 1072 2194 Halmii
1097 2161 1216 2204 (1865)
1244 2162 1279 2194 et
1303 2160 1463 2205 Kempfii
1489 2163 1618 2206 (1888).

450 2217 660 2253 Varronis
689 2219 734 2252 de
759 2218 890 2264 lingua
910 2218 1029 2252 latina
1050 2219 1104 2253 ed.
1126 2219 1168 2254 A.
1192 2219 1382 2264 Spengelii
1403 2221 1522 2264 (1885)
1549 2222 1658 2263 atque
1680 2220 1720 2255 G.
1743 2219 1886 2255 Goetzii

355 2278 392 2311 et
418 2277 474 2311 Fr.
497 2276 673 2311 Schoellii
701 2281 837 2321 (1910);
865 2278 909 2312 de
935 2279 1044 2312 rebus
1070 2277 1215 2313 rusticis
1243 2279 1299 2314 ed.
1320 2279 1363 2313 H.
1386 2279 1499 2313 Keilii
1525 2281 1656 2324 (1884).

450 2335 593 2370 Vellei
619 2338 704 2380 post
723 2337 905 2372 Kritzium
932 2339 969 2371 et
995 2337 1174 2372 Haasium
1201 2339 1257 2373 ed.
1278 2337 1419 2373 Halmii
1447 2340 1577 2383 (1876),
1604 2339 1643 2373 111
1670 2349 1743 2383 qua
1771 2349 1884 2383 appa-

355 2396 456 2428 ratus
484 2395 632 2429 criticus
660 2396 850 2430 commode
877 2397 1085 2442 descriptus
1113 2400 1178 2432 est.

454 2503 484 2545 1)
512 2501 663 2536 Henrici
689 2502 838 2546 Meylan
864 2503 1079 2539 collationes
1107 2504 1211 2539 codd.
1233 2504 1362 2547 Paris„
1390 2504 1538 2546 Geneu„
1565 2504 1736 2538 Bernens.
1765 2503 1886 2547 omisi,

354 2549 573 2592 praesertim
607 2561 688 2583 cum
721 2561 794 2584 non
827 2551 925 2585 omni
958 2551 1030 2585 fide
1063 2551 1199 2596 dignae
1235 2552 1307 2586 sint
1343 2552 1393 2597 (L.
1422 2551 1579 2586 Mueller
1609 2551 1762 2585 Aduers.
1788 2550 1882 2585 Non.

355 2607 390 2639 p.
412 2597 511 2640 307),
544 2597 632 2630 item
660 2596 890 2638 Quicheratii
917 2600 1037 2643 (1872)
1065 2599 1265 2634 editionem
1296 2602 1442 2644 praeter
1472 2609 1612 2644 paucas
1643 2598 1883 2634 coniecturas.
