2002 3342
162 908 197 933 10

167 1232 197 1258 15

166 1559 201 1583 20

169 1884 202 1908 25

508 197 699 231 VALERII
725 196 950 231 ANTIATIS
978 195 1212 230 ANNALES.
1252 196 1294 230 fr.
1317 198 1455 229 23-26
1661 194 1749 235 249

224 316 393 360 septem,
427 309 525 348 alius
557 309 650 346 baut
682 307 770 358 plus
802 320 917 358 quam
953 307 1070 345 duum
1105 306 1255 345 milium
1295 307 1416 345 fuisse
1450 305 1597 344 scribit.
1637 312 1748 357 capta

216 374 309 413 alibi
338 374 473 413 decem
500 373 606 412 milia
635 375 824 423 capitum,
858 372 950 411 alibi
983 385 1100 423 supra
1135 373 1306 422 quinque
1340 378 1377 409 et
1407 372 1546 421 uiginti
1576 372 1749 409 inuenio.

219 441 447 491 scorpiones
480 440 648 477 maiores
681 439 932 488 minoresque
966 438 1011 475 ad
1045 438 1245 486 sexaginta
1280 442 1412 487 captos
1439 438 1686 487 scripserim,
1717 437 1748 473 si

217 512 418 544 auctorem
440 504 632 543 Graecum
661 515 804 554 sequar
831 503 1024 553 Silenum3
1053 504 1085 540 si
1107 502 1302 540 Valerium
1323 504 1530 552 Antiatem,
1556 503 1749 540 maiorum

218 572 470 621 scorpionum
492 582 559 608 sex
581 568 699 619 milia,
722 570 918 606 minorum
935 568 1070 606 decem
1093 574 1130 606 et
1153 569 1223 605 tria
1240 568 1363 605 milia:
1386 567 1480 606 adeo
1497 567 1627 606 nullus
1642 579 1749 605 men-

218 635 342 674 tiendi
365 634 503 673 modus
525 640 595 673 est.
636 646 683 672 ne
707 633 752 672 de
776 633 941 672 ducibus
963 632 1121 684 quidem
1144 633 1340 670 conuenit.
1376 632 1553 683 plerique
1576 632 1748 671 Laelium

218 701 437 752 praefuisse
465 700 591 749 classi,
620 704 710 738 sunt
737 700 804 750 qui
830 699 876 737 M.
899 699 1052 737 Iunium
1081 697 1257 735 Silanum
1286 697 1426 735 dicant.
1466 699 1611 736 Arinen
1638 710 1749 748 prae-

218 767 340 805 fuisse
367 765 513 804 Punico
541 763 1020 816 praesidio'deditumque
1048 763 1233 801 Romanis
1254 764 1387 801 Antias
1409 762 1596 814 Valerius,
1623 763 1751 813 Mago-

217 843 307 870 nem
335 831 401 869 alii
428 831 643 881 scriptores
670 829 841 868 tradunt.
881 841 957 868 non
986 829 1032 867 de
1060 840 1225 867 numero
1252 829 1411 866 nauium
1434 834 1646 878 captarum,
1674 840 1751 866 non

225 896 271 935 de
298 895 472 947 pondere
499 897 585 934 auri
607 901 722 946 atque
744 896 895 945 argenti
917 900 955 933 et
976 894 1154 933 redactae
1182 895 1371 945 pecuniae
1394 895 1590 932 conuenit.
1630 894 1663 931 si
1685 893 1752 931 ali-

217 963 305 1013 quis
333 962 516 1000 assentiri
543 972 707 999 necesse
735 966 805 1011 est,
832 959 960 998 media
988 959 1186 998 simillima
1212 960 1320 998 ueris
1348 964 1449 997 sunt.
1782 983 1850 1014 210

310 1023 414 1066 25³³.
453 1028 546 1066 Gell.
566 1027 601 1074 7,
618 1026 655 1074 8,
670 1028 708 1064 3.
744 1025 889 1075 Lepide
910 1026 1031 1076 igitur
1046 1025 1184 1075 agitari
1205 1029 1343 1075 potest,
1364 1030 1497 1062 utrum
1518 1023 1647 1061 uideri
1663 1035 1753 1061 con-
1781 1031 1851 1074 54⁴1

220 1093 474 1131 tinentiorem
502 1104 573 1143 par
599 1092 666 1141 sit,
696 1090 929 1129 Publiumne
956 1090 1182 1128 Africanum
1210 1090 1473 1140 superiorem,
1502 1089 1568 1140 qui
1596 1088 1754 1127 Cartha-

219 1159 310 1209 gine
344 1157 469 1208 ampla
503 1158 663 1195 ciuitate
696 1157 735 1194 in
763 1156 949 1207 Hispania
983 1160 1203 1206 expugnata
1235 1156 1433 1205 uirginem
1467 1155 1755 1205 tempestiuam,

223 1224 346 1262 forma
374 1224 541 1273 egregia,
569 1221 711 1260 nobilis
740 1223 816 1260 uiri
843 1221 1005 1272 IIispani
1032 1221 1163 1271 liliam,
1194 1226 1344 1271 captam
1372 1219 1682 1271 perductamque
1710 1219 1754 1258 ad

220 1301 261 1327 se
288 1289 390 1340 patri
418 1287 644 1326 inuiolatam
673 1286 855 1336 reddidit,
883 1299 931 1325 an
959 1298 1090 1336 regem
1112 1285 1386 1324 Alexandrum.
1408 1307 1463 1311 —
1485 1284 1554 1323 His
1576 1297 1646 1335 ego
1667 1297 1755 1323 uer-

221 1354 331 1392 sibus
364 1351 460 1405 [Cn.
494 1349 671 1404 Naeuii]
702 1352 819 1390 credo
859 1351 1070 1390 adductum
1103 1351 1299 1389 Valerium
1332 1351 1526 1389 Antiatem
1566 1349 1757 1388 aduersus

223 1425 376 1458 ceteros
404 1420 531 1457 omnis
559 1419 773 1469 scriptores
802 1417 847 1455 de
870 1417 1066 1468 Scipionis
1093 1416 1269 1455 moribus
1290 1417 1462 1454 sensisse
1485 1421 1519 1454 et
1543 1428 1627 1454 eam
1648 1415 1756 1466 puel-

225 1484 302 1523 lam
329 1485 524 1535 captiuam
552 1496 629 1521 non
658 1482 850 1521 redditam
877 1484 979 1533 patri
1007 1483 1227 1533 scripsisse,
1254 1487 1388 1520 contra
1411 1494 1525 1532 quam
1546 1493 1618 1519 nos
1640 1493 1756 1531 supra

224 1549 406 1600 diximus,
434 1548 502 1588 sed
529 1555 722 1587 retentam
750 1561 769 1587 a
798 1549 980 1599 Scipione
1008 1554 1124 1599 atque
1151 1548 1191 1586 in
1226 1546 1378 1586 deliciis
1405 1545 1685 1597 amoribusque
1711 1545 1757 1584 ab

223 1628 268 1654 eo
293 1620 534 1665 usurpatam.

313 1677 418 1720 26³³.
453 1680 541 1718 Le'u.
563 1680 630 1727 25²,
647 1680 714 1727 46,
732 1680 798 1717 14.
832 1678 991 1717 Eisdem
1014 1678 1151 1717 diebus
1172 1690 1294 1717 naues
1315 1678 1517 1716 onerariae
1537 1677 1757 1716 Poenorum

225 1745 273 1784 ad
306 1746 502 1796 octoginta
533 1745 636 1783 circa
665 1744 886 1782 Sardiniam
914 1743 960 1782 ab
988 1743 1055 1782 Cn.
1083 1743 1263 1794 Octauio,
1298 1744 1364 1794 qui
1390 1744 1619 1794 prouinciae
1646 1755 1757 1794 prae·

224 1817 320 1861 erat,
348 1816 494 1861 captae.
534 1822 599 1848 eas
621 1809 776 1848 Coelius
804 1810 1000 1848 frumento
1028 1810 1148 1847 misso
1174 1808 1220 1847 ad
1241 1808 1500 1846 Hannibalem
1522 1814 1759 1846 commeatu-

225 1889 301 1928 que
320 1881 492 1926 onustas,
507 1875 683 1913 Valerius
704 1874 889 1925 praedam
910 1874 1116 1913 Etruscam
1138 1873 1407 1924 Ligurumque
1430 1879 1465 1912 et
1487 1873 1759 1912 Montanorum

225 1943 403 1993 captiuos
431 1940 707 1991 Carthaginem
733 1941 926 1990 portantis
953 1945 1085 1990 captas
1112 1939 1241 1978 tradit.

1786 1659 1856 1689 205

1785 1707 1856 1749 545

321 2079 386 2114 25.
420 2080 477 2114 De
507 2090 545 2113 re
576 2078 620 2121 cf.
643 2079 721 2113 Pol.
744 2081 802 2119 10,
817 2080 875 2120 19,
890 2079 995 2112 3—7.
1034 2077 1130 2112 Cass.
1159 2077 1272 2112 Dion.
1294 2077 1340 2119 fr.
1363 2079 1420 2118 56,
1435 2079 1491 2110 47.
1531 2076 1705 2111 Frontina.
1725 2078 1762 2117 2,

226 2131 283 2171 11,
299 2131 332 2169 5,
358 2128 544 2162 Αηιηιίαη.
565 2129 625 2168 24,
639 2128 672 2168 4,
685 2128 745 2167 27,
771 2127 996 2169 maximeque
1016 2125 1103 2159 Liu.
1123 2128 1185 2167 26,
1199 2128 1258 2165 50,
1293 2124 1510 2158 Valeriwcae
1529 2127 1649 2158 tamen
1674 2135 1761 2158 mtr-

224 2176 384 2210 ratz'on'is
410 2185 512 2209 nemo
537 2174 751 2208 mentionem
777 2174 919 2214 iniecit,
948 2172 987 2207 id
1013 2173 1108 2216 quod
1134 2174 1174 2207 in
1200 2172 1315 2206 Liuio
1341 2182 1379 2206 eo
1398 2172 1515 2216 maffl‘s
1534 2172 1763 2213 mirabimur,

226 2223 322 2267 quod
347 2223 388 2256 in
413 2233 492 2266 cap.
513 2226 626 2256 antec.
648 2221 701 2255 bis
729 2221 914 2255 Valerium
939 2220 1090 2261 cz'tauit,·
1116 2220 1158 2254 de
1183 2220 1251 2253 hae
1276 2219 1419 2254 Naeuii
1438 2219 1664 2264 maliym‘tate
1683 2219 1760 2253 uid*

227 2270 294 2306 Fr.
317 2270 436 2305 Mara:
461 2269 541 2304 Ber.
563 2269 596 2302 d.
619 2267 759 2302 saechs.
782 2267 982 2302 Gesellsch.
1003 2267 1081 2300 LIII
1101 2279 1136 2311 p.
1151 2270 1256 2310 73sq.

323 2317 388 2352 26.
419 2318 472 2360 Cf.
497 2316 587 2352 Coel.
609 2317 655 2359 fr.
678 2318 734 2349 33.

320 2444 342 2480 2
378 2442 510 2479 decem
541 2441 670 2478 miliia
702 2440 895 2488 capitum,
928 2439 1025 2477 alibi
1050 2433 1173 2486 spir?
1204 2450 1273 2476 om.
1295 2439 1382 2476 Pat.
1451 2438 1609 2475 inuenio
1641 2432 1765 2484 Spa-5³

228 2502 408 2539 inuenias
433 2501 520 2538 Pm‘.
632 2501 656 2537 4
688 2512 847 2549 grecum
872 2499 957 2537 Put.
1020 2499 1214 2535 maiorum
1243 2499 1500 2535 antiatemma
1525 2509 1648 2546 scorp.
1675 2497 1762 2534 Put.

229 2574 264 2598 α.
286 2572 382 2599 corr.
508 2561 562 2598 10
589 2559 782 2608 deponere
809 2559 894 2596 Put.
1009 2560 1057 2594 11
1090 2553 1210 2606 ueris]
1239 2558 1394 2595 ueneris
1420 2557 1504 2594 Put.
1533 2557 1617 2593 ueri
1642 2553 1762 2603 Spir.¹

321 2615 398 2669 25,
422 2622 472 2657 12
501 2619 634 2668 lepida
661 2618 696 2655 V
720 2618 810 2664 (alii
835 2617 941 2655 codd.
961 2618 1021 2654 ln'c
1041 2617 1194 2662 (lesum)
1222 2615 1368 2664 Lepide
1388 2617 1509 2654 Hertz
1533 2615 1666 2664 lepida
1690 2616 1763 2665 igi-

231 2681 298 2716 tur
323 2680 502 2728 quaestio
529 2678 676 2728 agitari
703 2688 727 2720 ς
819 2678 954 2714 1314
983 2677 1238 2726 carthagine&
1266 2676 1300 2713 V
1408 2678 1458 2714 17
1490 2674 1705 2712 adductum
1733 2675 1769 2712 V

232 2738 448 2776 abductum
471 2739 530 2775 uel
551 2737 736 2775 aductum
763 2747 788 2780 ς
849 2736 1044 2773 anciatem
1073 2736 1102 2772 V
1126 2735 1212 2781 aliq.
1236 2747 1260 2779 ς
1351 2736 1401 2772 19
1432 2736 1569 2772 contra
1595 2746 1711 2783 quem
1734 2734 1769 2772 V

231 2799 379 2845 aliquot
404 2808 428 2840 ς
549 2798 604 2835 20
631 2795 760 2833 delitii
786 2794 998 2843 moribusq.
1028 2806 1128 2832 unns
1155 2806 1179 2837 ς
1205 2798 1292 2832 ante
1317 2805 1412 2832 corr.

323 2851 399 2895 ⁶26.
426 2857 506 2894 uid.
533 2868 621 2903 app.
643 2856 723 2892 crit.
751 2856 802 2892 ad
832 2855 929 2893 Coei.
954 2855 1004 2901 fr.
1026 2856 1092 2892 33.
