2002 3342
313 177 421 208 XCIV
648 163 711 198 DE
739 162 1044 198 SCRIPTORVM
1070 161 1194 197 VITIS
1221 162 1282 196 ET
1310 161 1517 197 SCRIPTIS

312 276 492 314 hausisse
531 276 615 326 ipse
654 274 856 325 professus
895 279 971 324 est,
1011 286 1103 311 num
1143 273 1264 312 multa
1305 273 1376 311 alia
1416 278 1616 312 mutuatus
1650 275 1717 324 sit,
1757 286 1846 313 cum

312 340 549 390 Kiesslingio
577 337 649 391 (De
671 339 780 377 Dion.
804 339 897 377 sont.
918 352 954 389 p.
978 336 1000 376 7
1018 334 1122 392 sqq.)
1152 338 1296 389 dubito,
1324 351 1412 376 cum
1441 337 1505 376 ille
1533 343 1571 376 et
1597 339 1636 376 in
1665 339 1722 377 eis
1748 351 1848 390 quae

312 413 400 457 post
426 405 564 443 urbem
593 404 789 443 conditam
817 404 916 442 sacta
943 409 1044 453 sunt,
1071 415 1142 454 per
1162 416 1298 442 omnes
1322 403 1538 453 aequaliter
1557 408 1689 453 partes
1711 405 1747 441 ei
1767 416 1845 442 non

313 473 407 509 satis
435 471 616 522 copiosus
651 475 689 508 et
720 469 895 520 prolixus
922 469 1041 507 suerit
1074 474 1112 507 et
1138 469 1296 507 omnino
1322 469 1481 518 ingenio
1510 469 1594 506 eius
1621 467 1731 506 Fabii
1757 481 1845 507 nar—

313 535 421 574 randi
457 547 580 586 genus
612 536 678 573 uix
711 534 916 585 placuerit.
967 535 1023 573 sic
1057 535 1162 572 enim
1188 533 1363 584 loquitur
1390 532 1436 571 de
1462 533 1535 572 hac
1560 533 1741 584 historia,
1775 534 1804 572 F
1808 546 1845 572 a·

310 600 419 639 bium
448 605 514 638 aut
540 605 672 650 aperte
696 599 831 638 dicens
855 604 920 638 aut
940 600 980 637 in
1002 600 1130 637 animo
1152 598 1302 637 habens
1324 593 1391 650 (cf.
1413 597 1500 637 adn.
1521 597 1568 636 ad
1589 598 1634 637 fr.
1656 597 1703 637 5⁸
1722 603 1761 637 et
1783 594 1846 651 7);

313 664 358 704 οἶ
382 661 429 704 δὲ
455 665 652 704 πλεῖστοι
678 664 1046 715 μυθολογοῦσι
1074 667 1153 702 τοῦ
1175 662 1385 712 δαίμονος
1406 660 1591 702 εἴδωλον
1612 659 1669 716 (1,
1693 661 1758 714 77,
1780 659 1847 717 2),

310 727 436 783 μέχρι
463 725 542 782 μὲν
569 728 622 781 δὴ
650 727 819 769 τούτων
846 727 891 768 οἱ
924 729 1120 768 πλεῖστοι
1153 733 1242 767 τῶν
1275 724 1569 780 συγγραφέων
1600 726 1651 766 τὰ
1685 726 1794 767 αὐτὰ
1819 725 1845 780 ἢ

311 793 471 848 μικρὸν
497 792 872 847 παραλλάττοντες
901 793 945 832 οἵ
968 790 1048 846 μὲν
1075 791 1156 832 ἐπὶ
1188 792 1241 832 τὸ
1273 789 1700 845 μυθωδέστερον,
1733 791 1779 832 οἱ
1802 790 1839 832 δ’

312 857 381 900 ε’πὶ
410 859 458 900 τὸ
485 866 536 913 τῇ
558 858 745 914 ἀληθείᾳ
768 856 908 906 ἐοικὸς
928 859 1096 911 μᾶλλον
1122 855 1423 909 ἀποφαίνουσι
1445 853 1503 910 (1,
1527 855 1593 909 79,
1617 853 1679 912 1),
1707 855 1847 910 ἕτεροι

312 922 359 965 δὲ
399 924 558 965 οὐδὲν
599 930 698 964 τῶν
743 921 1159 977 μυθωδεστέρων
1198 920 1422 971 ἀξιοῦντες
1462 921 1659 976 ἱστορικῇ
1697 927 1847 976 γραφῇ

311 991 552 1043 προσήκειν
579 990 660 1042 τήν
686 1003 730 1029 τε
758 987 975 1028 ἀπόθεσιν
1001 988 1080 1041 τὴν
1107 994 1195 1028 τῶν
1221 988 1401 1040 βρεφῶν
1427 985 1508 1040 οὐχ
1529 986 1587 1034 ὡς
1608 984 1846 1040 ἐκελεύσθη

312 1061 403 1104 τοῖς
435 1053 671 1108 ὑπηρέταις
703 1052 948 1106 γενομένην
980 1052 1204 1093 ἀπίθανον
1240 1048 1357 1093 εἶναί
1387 1063 1495 1105 φασι
1528 1049 1586 1107 (1,
1607 1050 1676 1103 84,
1700 1048 1763 1107 l),
1809 1051 1849 1104 2,

312 1120 380 1173 56,
402 1120 428 1160 2
456 1119 501 1161 οἱ
523 1117 602 1171 μὲν
629 1115 710 1160 οὖν
742 1116 1116 1172 μυθωδέστερα
1149 1117 1200 1158 τὰ
1232 1115 1331 1169 περὶ
1365 1116 1502 1158 αὐτοῦ
1534 1123 1766 1165 ποιοῦντες
1792 1141 1849 1145 —

312 1183 451 1238 φασὶν
471 1209 539 1224 -.
568 1184 613 1224 os
637 1180 684 1224 δὲ
704 1183 755 1223 τὰ
776 1182 1058 1236 πιθανώτερα
1079 1182 1326 1236 γράφοντες
1345 1182 1453 1237 πρὸς
1473 1190 1561 1223 τῶν
1583 1182 1709 1223 ἰδίων
1730 1181 1851 1223 ὁπλι-

313 1257 401 1291 τῶν
445 1248 652 1302 λέγουσιν
690 1247 827 1288 αὐτὸν
868 1248 1120 1299 (Romulum)
1163 1247 1420 1289 ἀποθανεῖν.
1432 1246 1464 1304 1)
1523 1262 1640 1301 quam
1678 1249 1726 1288 ob
1765 1262 1850 1288 rem

311 1319 424 1356 initio
453 1316 611 1368 quidem
637 1321 846 1365 utramque
875 1320 913 1353 et
939 1314 1066 1365 Fabii,
1100 1314 1147 1353 ad
1174 1328 1289 1366 quem
1317 1316 1402 1354 eius
1427 1320 1625 1354 uetustate
1653 1320 1692 1353 et
1717 1319 1849 1353 aucto-

313 1384 427 1421 ritate
450 1381 677 1431 ducebatur,
705 1386 743 1419 et
763 1380 929 1431 Pisonis,
952 1393 1027 1431 quo
1050 1381 1175 1431 ipsius
1197 1381 1350 1418 animus
1372 1386 1409 1419 et
1429 1380 1603 1419 studium
1622 1379 1852 1431 inclinabat,

312 1449 576 1498 narrationes,
603 1458 699 1498 quas
730 1445 775 1483 de
803 1445 922 1483 rebus
948 1445 1103 1484 Romuli
1132 1451 1170 1483 et
1194 1445 1309 1484 Remi
1335 1445 1613 1496 exhibuerant,
1647 1446 1853 1484 coniunxit

313 1512 370 1566 (1,
400 1508 611 1566 71-78),
644 1516 746 1562 tum,
773 1512 864 1562 quia
891 1511 1009 1549 nimis
1036 1512 1141 1549 inter
1168 1523 1208 1549 se
1238 1510 1511 1562 diuergebant,
1544 1511 1616 1550 hac
1643 1523 1686 1550 re
1714 1510 1868 1562 despe-·

312 1584 394 1617 rata
416 1590 480 1617 eas
502 1579 712 1627 seiunctas,
739 1588 858 1614 unam
885 1581 974 1627 post
994 1576 1169 1627 alteram,
1190 1581 1399 1627 utramque
1421 1576 1492 1615 sub
1515 1589 1584 1615 sua
1605 1577 1851 1626 auctoritate,

311 1644 423 1683 libris
450 1645 532 1682 suis
559 1643 729 1680 inseruit
756 1636 814 1694 (2,
842 1638 1056 1695 38-4Ο),
1090 1647 1290 1692 postremo
1324 1642 1449 1692 magis
1481 1643 1685 1693 magisque
1720 1653 1761 1680 se
1788 1641 1850 1679 Pi-

313 1709 475 1749 sonibus
503 1708 652 1747 addixit
679 1712 717 1746 et
744 1719 832 1745 raro
859 1706 1023 1745 Fabium
1049 1708 1233 1758 inspexit,
1261 1719 1389 1757 quem,
1421 1712 1676 1758 posteaquam
1703 1706 1852 1745 liberae

312 1777 370 1814 rei
398 1774 577 1826 publicae
605 1786 669 1812 res
695 1777 866 1811 tractare
894 1774 1040 1823 coepit,
1081 1773 1113 1810 si
1140 1785 1262 1811 unum
1289 1772 1419 1810 locum
1446 1773 1595 1823 excipis
1624 1767 1689 1825 (fr.
1715 1769 1768 1810 16
1803 1771 1849 1810 cf.

313 1840 441 1879 adnot.
470 1841 514 1878 fr.
540 1835 632 1893 15),
672 1851 761 1877 cum
794 1838 912 1876 nimis
946 1837 1124 1876 breuiter
1154 1838 1364 1889 plerasque
1398 1850 1462 1876 res
1495 1837 1687 1876 indicaret
1719 1838 1854 1888 potius

313 1918 429 1957 quam
458 1909 671 1954 enarraret,
698 1915 862 1954 prorsus
888 1902 1048 1941 uidetur
1074 1903 1278 1941 abiecisse.
1331 1908 1464 1953 aperte
1492 1903 1596 1942 enim
1623 1902 1688 1941 hic
1714 1914 1851 1941 recen-

315 1973 435 2009 tiores
463 1975 500 2009 et
525 1969 733 2008 uberiores
762 1973 943 2006 auctores
970 1973 1129 2007 secutus
1157 1973 1248 2007 est.x
1272 1980 1345 2019 qua
1372 1967 1418 2006 de
1440 1980 1556 2006 causa
1583 1968 1699 2006 etiam
1726 1968 1766 2006 in
1794 1968 1853 2005 eis

313 2035 508 2087 capitibus
537 2030 594 2087 (9,
619 2032 639 2072 1
658 2029 774 2087 sqq),
802 2032 945 2083 quibus
965 2033 1111 2072 bellum
1134 2046 1153 2072 a
1175 2033 1305 2072 Fabiis
1327 2039 1461 2072 contra
1482 2033 1666 2072 Veientes
1693 2044 1852 2083 suscep-

313 2108 395 2140 tum
417 2096 655 2152 marram-2),
683 2111 727 2137 ea
748 2100 832 2149 ipsa
852 2100 1002 2137 ueteris
1025 2099 1169 2137 coloris
1190 2100 1371 2149 uestigia,
1399 2110 1497 2150 quae
1519 2098 1655 2137 Liuius
1677 2098 1851 2148 retinuit,

314 2166 531 2206 desiderari
559 2170 665 2204 recte
692 2163 851 2202 Nitzsch
878 2164 1050 2202 ostendit
1077 2165 1124 2203 R.
1147 2166 1293 2203 Αηηαῖ.
1321 2177 1357 2215 p.
1382 2162 1434 2203 78
1452 2176 1535 2215 sqq.

401 2237 658 2276 Diodorum
687 2230 943 2289 Siculum3)
972 2247 1060 2273 cum
1089 2236 1232 2273 ceteris
1256 2234 1458 2273 historicis
1479 2234 1665 2273 Romanis
1692 2235 1852 2272 omnino

315 2303 555 2353 discrepare,
583 2301 655 2340 1100
683 2305 835 2339 certum
858 2305 1126 2350 statutumque
1149 2306 1218 2338 est.
1264 2312 1354 2338 nam
1374 2305 1418 2339 ut
1444 2311 1507 2338 res
1534 2300 1741 2338 intestinas
1769 2310 1854 2337 cer-

410 2453 441 2496 1)
469 2451 521 2486 Cf.
549 2450 699 2485 Diodor.
721 2454 752 2493 Τ,
774 2455 812 2493 5,
835 2454 855 2484 4
890 2450 974 2492 περὶ
1013 2449 1053 2485 δὲ
1085 2455 1148 2494 τῆς
1184 2447 1434 2494 προσηγορίας
1467 2449 1604 2493 ταύτης
1638 2447 1775 2494 Φάβιος
1808 2469 1851 2472 -

313 2505 428 2545 ἄλλως
454 2503 745 2549 μεμυθολόγηκε.

408 2560 442 2603 2)
471 2557 576 2599 Quod
602 2557 772 2592 Niebuhr
798 2557 855 2601 (H.
871 2557 912 2591 R.
928 2557 960 2591 Π
979 2569 1014 2601 p.
1031 2558 1114 2601 224)
1140 2556 1376 2591 adsentiente
1399 2554 1632 2599 Schweglero
1654 2555 1700 2599 (II
1719 2566 1754 2598 p.
1772 2555 1854 2598 745)

312 2613 382 2647 hoc
413 2611 555 2646 bellum
588 2613 624 2645 et
659 2622 680 2645 a,
712 2610 818 2645 Liuio
853 2612 890 2645 et
921 2621 943 2644 a
969 2610 1148 2654 Dionysio
1184 2621 1228 2644 ex
1254 2609 1393 2643 Fabiae
1426 2608 1546 2653 gentis
1579 2607 1854 2642 commentariis

314 2665 528 2701 domesticis
554 2665 730 2699 haustum
757 2676 837 2699 esse
864 2663 1034 2707 coniecit,
1062 2663 1265 2707 scriptores
1288 2661 1374 2696 illos
1396 2661 1562 2695 diuersos
1583 2660 1762 2703 confudit:⁷
1790 2659 1855 2704 qui

315 2718 574 2764 distinguendi
601 2720 697 2752 sunt.

410 2774 442 2816 3>
471 2771 565 2805 Vsus
605 2783 684 2805 sum
723 2771 975 2805 Drachmanni
1015 2770 1197 2815 excerptis
1238 2769 1401 2804 Diodors
1433 2770 1556 2804 Roem.
1585 2769 1758 2803 Annazen
1796 2768 1854 2803 bis

313 2829 386 2862 302
413 2838 445 2860 α.
469 2825 549 2861 Chr.
575 2826 707 2869 (1912).
