2002 3342
504 180 696 214 VALERII
723 179 947 214 ANTIATIS
973 178 1208 213 ANNALES.
1249 178 1291 213 fr.
1314 182 1356 212 45
1611 176 1698 218 263

166 294 274 343 paris
319 292 468 331 artibus
514 290 818 330 memorabilior.
868 288 1099 341 (nobilior)
1137 292 1261 341 prima
1306 302 1396 340 pars
1439 291 1543 328 uitae
1582 300 1699 339 quam

168 364 365 409 postrema
392 358 477 406 suit,
504 358 595 407 quia
622 358 661 394 in
689 357 848 394 iuuenta
876 355 974 393 bella
1003 355 1158 393 assidue
1185 361 1305 405 gesta,
1336 367 1423 393 cum
1451 359 1609 393 senecta
1636 365 1699 392 res

167 435 323 474 quoque
357 422 592 471 defloruere,
626 433 698 459 nec
731 420 905 471 praebita
941 426 1000 458 est
1027 422 1189 458 materia
1217 421 1385 470 ingenio.
1426 419 1519 470 quid
1547 418 1593 457 ad
1620 420 1699 469 pri-

168 500 275 526 mum
302 487 548 526 consulatum
576 485 790 536 secundus,
819 487 935 524 etiam
963 487 996 523 si
1023 497 1229 523 censuram
1258 483 1433 523 adicias?
1472 484 1566 535 quid
1593 485 1699 523 Asia-

131 566 147 590 5
167 555 244 591 tica
270 552 422 603 legatio,
450 557 488 590 et
513 551 739 590 ualetudine
767 550 931 589 aduersa
959 550 1111 589 inutilis
1139 556 1177 589 et
1205 550 1274 588 lilii
1302 564 1395 589 casu
1424 550 1638 589 deformata
1663 555 1702 588 et

168 624 255 669 post
282 617 450 656 reditum
476 612 711 655 necessitate
740 621 806 654 aut
832 615 1028 654 subeundi
1059 615 1196 654 iudicii
1223 622 1289 654 aut
1316 616 1432 654 simul
1459 628 1547 654 cum
1575 616 1699 666 patria

169 680 406 722 deserendi?
444 682 583 721 Punici
611 688 740 720 tamen
767 681 860 719 belli
886 683 1113 732 perpetrati,
1141 694 1217 731 quo
1245 681 1395 719 nullum
1422 693 1550 732 neque
1576 682 1701 719 maius

168 760 294 799 neque
321 747 582 799 periculosius
608 746 772 785 Romani
799 759 976 798 gessere,
1002 759 1105 785 unus
1132 748 1383 797 praecipuam
1411 746 1575 797 gloriam
1602 745 1700 784 tulit.

258 810 310 866 (c.
333 809 419 865 54.)
448 812 570 851 Morte
591 812 763 851 Africani
791 824 952 851 creuere
975 813 1225 850 inimicorum
1248 813 1378 862 animi,
1406 824 1572 862 quorum
1593 812 1699 862 prin-

113 892 149 917 10
170 890 261 929 ceps
289 878 362 917 fuit
387 877 434 916 M.
462 877 625 916 Porcius
653 878 758 928 Cato,
789 879 855 928 qui
882 879 974 916 uiuo
1001 889 1157 928 quoque
1186 889 1231 915 eo
1259 876 1439 915 allatrare
1466 875 1702 927 magnitudi-

168 956 258 982 nem
286 944 370 982 eius
397 943 536 982 solitus
557 948 652 981 erat.
691 943 764 981 hoc
786 949 945 981 auctore
967 943 1245 981 existimantur
1265 941 1408 980 Petillii
1430 947 1469 980 et
1487 943 1580 980 uiuo
1602 942 1702 979 Afri-

169 1021 264 1047 cano
299 1021 381 1047 rem
414 1009 584 1059 ingressi
617 1014 655 1047 et
686 1014 840 1046 mortuo
874 1009 1117 1058 rogationem
1150 1007 1432 1059 promulgasse.
1473 1008 1546 1045 fuit
1573 1012 1702 1045 autem

168 1075 317 1124 rogatio
343 1073 450 1112 talis:
485 1072 632 1112 ‘uelitis
658 1073 844 1124 iubeafis,
872 1073 1064 1124 Quirites,
1095 1085 1193 1124 quae
1220 1074 1387 1124 pecunia
1414 1077 1536 1123 capta,
1564 1071 1702 1122 ablata,

169 1145 300 1178 coacta
328 1138 374 1178 ab
402 1151 493 1189 rege
520 1139 710 1177 Antiocho
738 1146 799 1177 est
824 1140 969 1190 quique
997 1138 1068 1177 sub
1097 1139 1264 1189 imperio
1290 1139 1375 1176 eius
1402 1138 1572 1189 fuerunt,
1600 1136 1704 1187 quod

113 1218 147 1244 15
169 1205 254 1243 eius
280 1205 321 1243 in
348 1203 549 1256 publicum
577 1203 744 1243 relatum
771 1217 849 1242 non
877 1210 948 1254 est,
974 1205 1033 1243 uti
1060 1203 1105 1242 de
1134 1215 1178 1242 ea
1203 1216 1245 1242 re
1266 1203 1349 1242 Ser.
1372 1202 1569 1254 Sulpicius
1590 1215 1703 1254 prae-

167 1275 229 1308 tor
255 1269 429 1308 urbanus
456 1269 503 1308 ad
530 1276 709 1308 senatum
738 1270 894 1320 reserat,
921 1282 1038 1320 quem
1065 1281 1150 1308 eam
1179 1281 1261 1307 rem
1283 1268 1380 1307 uelit
1400 1275 1559 1307 senatus
1586 1280 1703 1319 quae·

168 1347 256 1373 rere
285 1334 331 1373 de
358 1336 424 1385 iis,
457 1336 524 1386 qui
557 1340 759 1386 praetores
793 1347 897 1373 nunc
931 1332 1050 1373 sunt.'
1089 1334 1181 1373 huic
1215 1335 1408 1385 rogationi
1441 1335 1567 1385 primo
1595 1333 1638 1378 Q.
1666 1338 1704 1371 et

168 1400 209 1438 L.
231 1400 406 1439 Mummii
433 1399 750 1450 intercedebant,
784 1406 963 1439 senatum
991 1412 1182 1451 quaerere
1211 1399 1257 1438 de
1284 1401 1451 1450 pecunia
1478 1411 1555 1438 non
1583 1399 1702 1437 relata

169 1467 209 1504 in
237 1465 454 1516 publicum,
488 1467 538 1504 ita
566 1472 609 1504 ut
635 1471 747 1504 antea
776 1478 932 1516 semper
959 1465 1102 1504 factum
1130 1471 1251 1515 esset,
1283 1477 1452 1516 aequum
1479 1464 1703 1503 censebant.

111 1546 150 1571 ρο
169 1530 313 1570 Petillii
356 1530 602 1569 nobilitatem
648 1537 686 1570 et
725 1543 890 1582 regnum
929 1532 970 1569 in
1010 1536 1147 1569 senatu
1188 1530 1418 1582 Scipionum
1456 1529 1703 1568 accusabant.

168 1691 347 1726 reyresszls
372 1681 519 1715 Literni
545 1682 722 1723 Africani
745 1681 949 1725 sepulcrum
976 1681 1115 1716 ostendi
1136 1685 1307 1715 memorat
1326 1680 1385 1724 (cf.
1407 1682 1466 1721 38,
1482 1682 1594 1721 56‚3.·
1618 1690 1704 1713 nam

169 1730 207 1762 et
227 1727 367 1761 Literni
387 1730 668 1762 monumentum
687 1730 1001 1772 monumentoque
1022 1730 1148 1762 statua
1169 1739 1279 1772 super
1298 1727 1475 1771 imposita
1488 1727 1571 1771 fuit,
1593 1737 1706 1770 quam

168 1776 391 1819 tempestate
425 1775 620 1810 disiectam
651 1775 815 1809 uidimus
848 1775 944 1819 ipsi).
984 1776 1187 1820 Scipionem
1223 1777 1263 1809 in
1297 1776 1490 1810 Liternino
1524 1775 1652 1819 procul
1683 1786 1706 1808 a

165 1824 293 1867 patria
318 1827 499 1857 mortuum
526 1834 597 1858 esse
622 1824 819 1858 secundum
846 1823 999 1857 Liuiam
1028 1827 1280 1858 narraucrimt
1306 1823 1382 1857 Dio
1407 1824 1455 1866 fr.
1478 1825 1525 1856 60
1552 1823 1704 1866 (Zonar.

170 1872 300 1951 9220),
335 1870 432 1905 Oros.
455 1873 636 1913 4,20‚29,
670 1871 787 1906 Valer.
811 1871 917 1905 Max.
941 1874 973 1913 5,
986 1874 1019 1914 3,
1032 1874 1066 1906 2.
1101 1875 1292 1915 practerea
1324 1871 1417 1905 Aur.
1447 1870 1535 1905 Vict.
1564 1869 1605 1904 de
1634 1871 1705 1904 uir.

167 1919 198 1952 il
216 1945 222 1952 .
242 1920 300 1960 49,
317 1921 371 1953 17.

266 1977 299 1999 n.
338 1966 472 2001 Catone
506 1969 651 2000 auctore
687 1966 851 2000 Petillios
888 1966 989 2009 (τοὺς
1024 1966 1107 2009 περὶ
1143 1964 1353 2009 Πετίλλιον)
1390 1968 1423 2000 et
1457 1964 1640 2007 Africano
1675 1968 1707 1998 ct

171 2014 336 2048 Asiatico
362 2013 456 2047 diem
481 2013 616 2047 dimisse
641 2014 748 2048 babes
773 2014 881 2048 etiam
901 2013 1004 2057 apud
1024 2014 1264 2048 Plutarchum
1292 2013 1368 2048 Cat.
1385 2013 1470 2046 mai.
1487 2014 1544 2046 15.
1561 2033 1603 2036 —
1628 2012 1706 2047 Cri-

170 2072 250 2095 men
275 2065 438 2104 acceptae
464 2061 509 2094 ab
537 2061 715 2095 Antiocho
735 2061 916 2105 pecuniae
940 2062 1095 2105 sumpsit
1120 2072 1163 2095 ex
1187 2061 1300 2095 Liuio
1326 2060 1491 2095 Valerius
1512 2061 1618 2094 Max.
1635 2062 1671 2102 8,
1687 2063 1706 2094 1

165 2108 293 2142 damn.
316 2111 346 2142 1.
373 2108 417 2150 cf.
435 2108 559 2142 Aurei.
583 2108 670 2142 Vict.
693 2108 735 2142 dc
760 2120 796 2142 u.
818 2109 868 2142 ill.
891 2111 948 2150 53,
962 2111 996 2143 2.

264 2247 283 2281 1
316 2246 403 2290 post
433 2243 727 2281 memorabilior
759 2244 902 2281 lactina
933 2244 1116 2281 haustam
1149 2255 1227 2281 esse
1262 2244 1406 2281 clarior
1440 2242 1502 2281 uel
1536 2242 1707 2281 nobilior

162 2304 322 2350 primus
340 2303 538 2350 perspexit
559 2303 846 2346 Weissenborn,
872 2303 1042 2351 Maduiq
1067 2304 1232 2341 inseruit
1257 2305 1296 2340 et
1321 2302 1516 2340 illustrior
1576 2303 1705 2350 prima

171 2363 361 2410 pars—3
390 2374 459 2399 nec
485 2358 685 2412 praebita]
713 2363 768 2400 sic
792 2363 898 2409 Moy.
932 2364 995 2399 cui
1021 2375 1093 2411 par
1118 2362 1256 2400 habita
1283 2363 1373 2400 libri
1398 2372 1470 2399 rec.
1559 2362 1582 2398 3
1611 2361 1707 2409 quid

171 2419 239 2470 ad]
270 2420 398 2459 Gelon.
423 2422 462 2458 in.
483 2422 546 2457 alt.
568 2422 733 2459 Froben.
767 2422 896 2470 quoad
917 2422 1023 2469 Dloq.
1046 2433 1070 2465 ς
1103 2422 1170 2470 qui
1191 2422 1241 2458 ad
1266 2422 1329 2459 lib.
1350 2422 1399 2459 al.
1423 2432 1492 2457 rec.
1570 2422 1591 2457 7
1621 2421 1705 2457 nul-

171 2480 255 2517 lum
274 2482 401 2518 maius
421 2493 547 2529 neque
567 2493 646 2529 per.
675 2483 708 2518 et
732 2480 885 2517 nullum
905 2493 1032 2529 neque
1058 2494 1137 2529 per.
1158 2482 1249 2519 libri
1269 2482 1358 2528 aliq.
1379 2492 1451 2518 rec.
1533 2480 1557 2517 8
1584 2476 1705 2530 unus]

172 2539 278 2587 Moy.
310 2552 430 2577 unam
451 2534 578 2592 (uiam
598 2536 722 2591 Voss.)
745 2540 832 2577 libri
853 2552 923 2578 ree.
1013 2542 1067 2578 10
1095 2540 1292 2578 adlatrare
1313 2540 1375 2578 uel
1395 2540 1581 2576 allatrare
1601 2539 1706 2587 italo.

171 2599 254 2636 coll.
277 2599 432 2646 Quintil.
453 2600 541 2636 inst.
565 2600 601 2642 8,
620 2601 655 2637 6.
674 2601 698 2636 9
730 2611 775 2636 ac
801 2599 973 2637 lacerare
1002 2602 1035 2637 et
1058 2600 1231 2637 lacerare
1257 2599 1319 2637 lib.
1341 2612 1412 2637 rec.
1538 2600 1589 2637 12
1623 2611 1706 2636 rem

173 2658 340 2707 ingressi
359 2659 466 2705 Illoy.
498 2671 579 2695 rem
602 2670 762 2696 causam
783 2659 981 2708 ingratam
1003 2662 1036 2696 et
1060 2672 1143 2696 rem
1162 2660 1363 2708 ingratam
1391 2660 1423 2694 et
1448 2670 1531 2695 rem
1550 2657 1706 2707 ingrato

140 2742 154 2745 =
170 2719 209 2754 et
232 2729 315 2753 rem
340 2717 458 2754 inisse
485 2718 576 2754 libri
601 2730 672 2755 rec.
799 2720 850 2755 13
880 2717 1053 2762 Quirites
1080 2719 1258 2756 Brisson.
1293 2720 1509 2766 quaeratur
1535 2717 1623 2754 libri

176 2777 230 2813 18
256 2776 293 2812 N
298 2777 436 2813 ummii
462 2779 495 2813 ct
519 2777 684 2814 Numini
711 2780 743 2814 et
767 2777 927 2814 Minutii
953 2777 1043 2815 libri
1075 2778 1257 2815 Mummii
1281 2778 1464 2825 siqonius
1545 2777 1600 2814 20
1628 2776 1709 2814 Soi-

172 2847 303 2883 pionis
330 2847 432 2873 unus
459 2846 483 2879 ς
