2002 3342
662 610 712 664 Q.
751 608 1066 656 LVTATIVS
1107 605 1435 671 CATVLVS1)

371 718 414 763 Q.
442 716 595 756 Lutatio
628 715 762 755 Catulo
795 721 907 767 pater
939 716 1011 753 fuit
1044 714 1212 759 Quintus
1245 710 1305 766 (C.
1326 714 1354 752 I.
1374 714 1414 752 L.
1435 714 1452 752 I
1472 726 1508 752 n.
1536 710 1619 752 591
1655 719 1694 752 et
1725 710 1812 752 592

282 796 318 834 p.
348 779 470 836 170),
502 787 628 820 mater
658 781 808 832 Popilia
841 777 940 833 (Cic.
964 779 1009 818 de
1039 785 1133 819 orat.
1155 777 1194 830 2,
1218 777 1283 829 11,
1303 775 1398 832 44),
1431 791 1527 830 gens
1560 778 1711 830 plebeia
1744 778 1814 817 sed

283 847 429 887 familia
462 860 613 886 Summa
646 843 745 900 (Cic.
772 859 843 898 pro
875 845 1004 884 Planc.
1033 841 1071 895 5,
1102 842 1187 897 12).
1226 843 1332 889 Quos
1364 845 1532 895 gesserit
1563 845 1814 894 magistratus

283 918 372 952 ante
400 912 658 962 consulatum,
684 913 897 950 memoriae
924 922 1002 948 non
1029 915 1088 948 est
1110 909 1322 960 proditum.
1357 909 1601 948 consulatum
1631 921 1726 948 uero
1755 914 1816 947 ter

284 978 432 1017 frustra
465 979 616 1028 petiuit,
649 977 819 1028 primum
854 989 885 1014 a.
916 972 1011 1014 107.
1033 972 1130 1025 647,
1165 987 1239 1026 quo
1274 974 1313 1013 C.
1335 974 1449 1013 Atilio
1483 974 1652 1013 Serrano
1685 975 1816 1024 cessit,

286 1042 429 1082 deinde
457 1055 488 1081 a.
512 1039 607 1081 106.
629 1039 727 1091 648,
755 1053 831 1092 quo
859 1040 926 1079 Cn.
948 1039 1089 1091 Mallio,
1115 1046 1198 1078 tum
1226 1053 1257 1078 a.
1283 1037 1377 1078 105.
1399 1036 1497 1089 649,
1524 1052 1600 1090 quo
1628 1039 1666 1077 C.
1682 1038 1816 1077 Flauio

282 1108 480 1146 Fimbriae
509 1104 607 1160 (Cic.
629 1119 698 1158 pro
726 1106 875 1145 Muren.
900 1103 965 1156 17,
986 1103 1054 1144 36.
1087 1117 1158 1156 pro
1185 1104 1314 1143 Plane.
1337 1102 1374 1154 5,
1399 1102 1483 1157 12).
1524 1104 1692 1155 denique
1725 1116 1816 1142 con-

285 1175 375 1224 tigit
401 1174 437 1212 ei
464 1172 688 1211 consulatus
715 1173 807 1210 anni
837 1168 932 1210 102.
955 1168 1038 1209 652
1067 1176 1106 1208 et
1132 1169 1171 1208 C.
1193 1169 1337 1208 Marius
1364 1169 1522 1220 collega.
1556 1170 1702 1207 missus
1721 1181 1817 1207 uero

284 1239 349 1277 hic
376 1243 436 1277 est
462 1239 501 1276 in
529 1237 692 1276 Galliam
726 1242 861 1275 contra
887 1236 1096 1285 Teutonos,
1129 1235 1288 1273 Catulus
1320 1236 1360 1273 in
1387 1233 1550 1273 Galliam
1576 1234 1817 1285 cisalpinam,

289 1309 334 1342 ut
360 1302 539 1342 Cimbros
567 1302 612 1341 ab
639 1302 748 1340 ltalia
775 1309 938 1340 arceret.
978 1313 1092 1352 quam
1126 1300 1173 1339 ob
1206 1312 1289 1338 rem
1317 1299 1471 1338 obsedit
1494 1299 1649 1350 Alpium
1677 1299 1820 1350 fauces,

286 1381 386 1420 quae
413 1380 485 1419 per
511 1367 717 1406 Brixentes
745 1366 792 1405 ad
818 1366 994 1404 Athesim
1022 1365 1218 1414 ferebant,
1253 1364 1322 1403 sed
1349 1377 1367 1403 a
1396 1363 1565 1403 Cimbris
1592 1364 1774 1415 repulsus
1785 1360 1818 1417 2)

284 1435 412 1485 primo
439 1433 596 1471 Athesis
622 1433 833 1471 transitum
871 1431 1080 1470 defendere
1114 1430 1345 1481 conabatur,
1379 1431 1491 1468 cuius
1526 1429 1677 1468 tutandi
1704 1441 1820 1468 causa

286 1501 326 1537 in
352 1503 518 1549 utraque
547 1499 630 1548 ripa
658 1497 815 1536 castella
843 1501 1038 1547 posuerat.
1081 1497 1165 1546 ipse
1193 1508 1282 1534 cum
1309 1496 1456 1533 maiore
1485 1496 1682 1533 exercitus
1708 1500 1820 1545 parte

287 1564 327 1601 in
367 1562 501 1601 dextra
541 1562 715 1601 fluminis
755 1564 839 1613 ripa
879 1566 1005 1600 castra
1038 1560 1221 1611 habebat,
1260 1572 1337 1598 una
1369 1560 1470 1610 legio
1511 1559 1624 1612 (Plin.
1653 1557 1721 1610 22,
1746 1555 1819 1611 11)

287 1629 471 1667 sinistrae
488 1629 595 1678 ripae
611 1627 815 1666 castellum
837 1626 1047 1666 tutabatur.
1082 1639 1170 1664 cum
1191 1637 1287 1664 uero
1304 1624 1453 1663 Cimbri
1468 1624 1652 1663 arborum
1670 1625 1821 1663 truncis

288 1706 406 1744 supra
428 1694 468 1731 in
495 1692 643 1731 flumen
669 1693 845 1730 inmissis
866 1693 1008 1743 pontis,
1036 1692 1103 1742 qui
1125 1690 1283 1729 castella
1304 1689 1500 1740 iungebat,
1528 1689 1698 1728 sublicas
1718 1689 1821 1728 lahe-

289 1759 480 1797 factarent
507 1769 794 1808 corporumque
823 1756 963 1795 robora
990 1762 1029 1795 et.
1053 1757 1312 1807 proceritates
1333 1760 1589 1805 ostentarent,
1617 1755 1685 1805 qui
1711 1758 1823 1792 erant

287 1825 328 1862 in
361 1822 576 1861 maioribus
611 1823 750 1860 castris
783 1821 928 1860 milites
961 1821 1137 1871 Romani,
1171 1822 1312 1859 animis
1347 1819 1605 1858 conciderunt
1640 1824 1754 1870 atque
1781 1819 1822 1856 in

289 1888 419 1939 fugam
453 1900 495 1926 se
528 1888 909 1939 praecipitauerunt3
948 1892 1083 1925 contra
1116 1886 1235 1925 altera
1269 1887 1468 1924 exercitus
1500 1897 1608 1935 pars,
1650 1896 1749 1935 quae
1781 1885 1823 1922 in

289 1955 450 1992 sinistra
476 1953 633 1991 Athesis
660 1954 745 2004 ripa
773 1952 926 1990 deserta
953 1957 1047 2003 erat,
1076 1950 1237 1990 ‘uirtute
1265 1963 1334 1989 sua
1361 1947 1567 2001 explicata'
1594 1961 1666 2000 per
1690 1949 1824 1987 hostes

289 2020 419 2069 erupit
446 2017 801 2069 proconsulemque
828 2018 1043 2067 fugientem
1071 2022 1281 2055 consecuta
1308 2021 1378 2054 est.
1389 2011 1422 2069 3)

388 2146 422 2187 1)
449 2142 500 2178 Cf.
535 2143 578 2177 R..
604 2143 785 2177 Buettner
822 2144 976 2178 Porcius
1008 2143 1164 2177 Licinus
1196 2154 1231 2176 u.
1260 2142 1322 2176 der
1358 2141 1595 2176 litterarische
1625 2141 1731 2174 Krez's
1765 2140 1826 2174 des

293 2197 333 2242 Q.
354 2198 532 2232 Lutatius
560 2197 713 2232 Catulus
739 2198 868 2241 (1893).

388 2252 422 2295 2)
448 2250 550 2284 Haec
582 2249 681 2283 enim
713 2249 872 2283 tradidit
904 2249 1031 2283 Liuius
1063 2259 1140 2292 per,
1168 2251 1212 2282 68
1246 2248 1304 2292 (cf.
1326 2247 1491 2282 Frontin.
1513 2248 1575 2281 str.
1600 2250 1677 2289 1,5,
1694 2247 1738 2290 3),
1767 2245 1826 2279 cui

292 2303 390 2337 malo
411 2304 522 2337 fidem
542 2303 677 2337 habere
699 2314 812 2347 quam
832 2301 1031 2336 Plutarcho
1047 2302 1139 2336 Mar.
1155 2305 1210 2343 23,
1237 2301 1301 2345 qui
1322 2312 1388 2335 sua
1408 2301 1551 2345 sponte,
1571 2310 1616 2333 ne
1637 2299 1827 2343 copiarum

291 2356 391 2390 uires
424 2356 671 2400 dispergeret,
705 2367 749 2390 ex
781 2355 933 2400 Alpium
960 2355 1131 2389 faucibus
1161 2354 1333 2388 Catulum
1366 2352 1566 2388 decessisse
1593 2352 1752 2396 scripsit,
1780 2351 1826 2386 cf.

292 2409 540 2443 Muellenhoff
573 2409 752 2444 Dentsche
783 2409 1012 2444 Altertumsk.
1042 2409 1073 2442 II
1104 2421 1139 2452 p.
1170 2412 1233 2442 137
1268 2419 1346 2451 sqq.
1385 2407 1535 2440 uidetur
1565 2405 1634 2440 hoc
1674 2404 1827 2439 Catulus

292 2462 374 2506 ipse
400 2462 437 2495 in
465 2462 544 2496 uita
571 2474 637 2496 sua
663 2462 863 2496 memoriae
889 2462 1096 2495 mandasse.

391 2517 424 2559 3)
453 2515 571 2559 Supra
603 2515 750 2549 Liuium
783 2516 927 2550 secutus
962 2527 1059 2556 sum,
1095 2526 1182 2548 nam
1214 2513 1435 2547 Plutarchus
1468 2514 1511 2557 (cv.
1533 2513 1590 2554 23)
1623 2511 1679 2545 ita-
1705 2510 1830 2545 Catuli

293 2568 435 2602 famam
455 2569 629 2611 restituit,
649 2571 691 2602 ut
712 2579 796 2603 eum
822 2567 941 2610 ὥσπερ
961 2567 1028 2613 χρὴ
1051 2565 1117 2602 τὸν
1137 2565 1288 2611 ἀγαθὸν
1308 2568 1369 2600 καὶ
1391 2565 1527 2601 τέλειον
1549 2565 1724 2610 ἄρχοντα,
1746 2575 1828 2597 cum

295 2623 433 2656 frustra
458 2622 596 2656 milites
624 2624 664 2655 ut
689 2624 883 2656 manerent
909 2621 1130 2655 adhortatus
1157 2621 1263 2663 esset,
1297 2631 1343 2654 ne
1370 2619 1484 2653 effuse
1517 2618 1675 2652 Romani
1701 2617 1829 2662 fugere

295 2675 522 2718 uiderentur,
554 2675 677 2719 ipsum
711 2686 793 2709 cum
826 2674 954 2718 aquila
981 2673 1223 2708 antecessisse
1255 2675 1431 2713 narraret,
1466 2673 1505 2705 at
1531 2682 1617 2705 uero
1644 2670 1830 2715 legionem

295 2727 399 2761 illam
432 2729 533 2761 trans
560 2728 727 2761 Athesim
754 2729 834 2762 tam
860 2727 1007 2762 fortiter
1034 2728 1156 2761 castra
1182 2728 1401 2771 oppugnata
1437 2724 1665 2767 defendisse,
1701 2724 1743 2756 ut
1779 2722 1830 2756 eis

295 2780 517 2825 expugnatis
544 2780 718 2824 factoque
743 2781 891 2814 foedere
917 2780 1042 2814 hostes
1070 2779 1191 2813 saluos
1212 2778 1349 2812 milites
1377 2777 1620 2817 dimitterent,
1647 2775 1712 2810 ubi
1731 2774 1830 2819 quod

297 2844 454 2868 aeneum
479 2836 637 2876 taurum,
663 2845 729 2878 per
755 2845 865 2878 quem
890 2832 986 2867 illud
1011 2833 1174 2867 iuratum
1201 2833 1308 2875 esset,
1340 2832 1535 2874 tamquam
1562 2828 1722 2873 spolium
1747 2829 1832 2872 post
