2002 3342
631 206 673 239 A.
696 204 964 239 POSTVMIVS
991 204 1197 239 ALBINVS
1561 218 1685 249 CXXV

152 319 198 357 ad
226 320 299 356 Au.
325 315 388 368 13,
416 314 484 367 30,
505 314 551 368 ὃς
579 314 646 366 32,
674 312 739 369 3),
779 321 892 366 atque
920 316 959 353 in
986 316 1059 353 hoc
1088 315 1245 366 quidem
1273 328 1455 367 munere,
1495 330 1571 367 quo
1599 324 1678 355 erat

151 384 370 422 litterarum
410 382 646 420 Graecarum
687 380 834 430 studio,
880 382 931 418 ita
972 380 1209 419 Graecorum
1250 380 1566 421 beneuolentiam
1608 384 1681 421 sibi

150 448 392 496 conciliauit,
431 453 471 485 ut
509 448 544 485 ei
585 452 709 485 statua
747 448 785 484 in
824 446 968 484 Isthmo
1009 445 1266 484 collocaretur
1300 442 1398 499 (Cic.
1427 447 1448 485 l.
1478 461 1506 486 s.
1535 446 1602 499 32,
1625 446 1683 502 3).

150 520 284 551 contra
312 512 448 551 bellica
476 513 624 550 uirtute
652 524 845 562 nusquam
876 512 1027 549 enituit.
1074 512 1191 550 etiam
1219 512 1355 550 consul
1383 513 1421 551 id
1448 526 1586 564 passus
1615 522 1684 565 est,

150 584 191 616 ut
219 591 308 617 cum
330 578 368 615 L.
386 578 535 615 Licinio
558 576 718 615 Lucullo
741 576 899 625 collega,
928 578 1111 627 quoniam
1134 576 1320 616 dilectum
1343 591 1481 617 seuere
1504 579 1682 630 agebant,

148 657 167 681 a
191 643 359 682 tribunis
382 642 506 693 plebis
527 644 566 680 in
588 654 787 681 carcerem
811 642 1089 680 conicerentur
1109 636 1213 695 (Liu.
1235 640 1512 698 pe1·iocll.48),
1535 645 1680 684 bellum

148 714 278 747 tamen
311 722 329 746 a
363 707 509 758 collega
543 713 696 758 gestum
730 713 804 757 est,
845 713 882 745 et
916 720 1004 746 cum
1037 708 1077 745 in
1106 707 1269 746 Graecia
1303 721 1365 747 res
1400 711 1438 747 in
1468 709 1679 750 discrimen

149 775 335 823 uenisset,
363 772 588 812 ualetudine
616 772 796 811 simulata
825 771 870 811 ab
899 774 1018 811 armis
1046 775 1210 813 recessit
1238 769 1336 826 (1²01.
1358 772 1427 825 40,
1455 776 1492 826 (ἰ,
1518 772 1603 830 11).

237 838 313 877 Sed
347 851 436 877 eum
470 839 545 877 iam
579 840 762 877 iuuenem
797 838 982 876 historias
1016 837 1186 877 edidisse
1222 852 1267 878 ex
1302 841 1386 879 ioco
1422 840 1488 879 illo
1522 842 1680 882 Catonis

144 909 261 954 patet,
289 905 433 955 quippe
454 905 521 954 qui
542 909 720 942 mortuus
742 904 793 942 sit
813 903 1112 954 quadragesimo
1140 910 1249 943 sexto
1276 906 1379 944 uitae
1405 906 1679 948 Postumianae

146 981 259 1019 ann0,
288 968 438 1007 duobus
466 969 579 1007 annis
600 974 853 1019 posteaquam
876 968 939 1007 ille
961 969 1097 1007 consul
1121 969 1244 1009 factus
1267 976 1360 1010 erat.
1397 984 1525 1023 neque
1548 978 1676 1013 tamen

147 1046 209 1072 res
245 1034 437 1072 Romanas
474 1046 569 1084 quas
605 1033 828 1072 tractandas
865 1040 1110 1085 susceperat,
1149 1036 1380 1086 pontificum
1413 1036 1677 1079 Romanorum

140 1111 292 1137 morem
320 1105 478 1137 secutus
506 1098 740 1150 simpliciter
767 1111 812 1138 ex
840 1098 978 1138 ordine
1007 1102 1204 1152 exposuit,
1244 1101 1312 1140 sed
1346 1108 1479 1153 utpote
1508 1103 1678 1145 Graecae

144 1163 344 1203 doctrinae
379 1164 596 1215 discipulus
629 1172 668 1203 et
700 1164 914 1203 admirator
946 1166 985 1203 in
1018 1165 1180 1204 historia
1215 1166 1423 1205 scribenda
1459 1173 1680 1221 praeceptis

144 1228 314 1269 Graecae
342 1231 437 1268 artis
459 1231 552 1268 satis
580 1230 720 1268 secisse
742 1229 899 1281 Polybio
926 1230 1103 1283 uidetur3
1130 1243 1220 1270 nam
1242 1244 1329 1270 cum
1353 1232 1399 1271 ad
1422 1236 1677 1275 seueritatem

142 1295 206 1334 uel
232 1296 478 1346 iniquitatem
505 1295 641 1334 iudicii
668 1295 893 1346 inclinaret,
921 1297 987 1334 uix
1016 1296 1128 1335 laude
1156 1303 1457 1350 πραγματικῆς
1484 1298 1679 1352 ἱστορίας

141 1373 227 1399 eam
245 1361 425 1413 dignatus
447 1367 562 1411 esset,
578 1362 811 1413 praesertim
835 1374 922 1399 cum
944 1361 1278 1413 uaniloquentiam
1302 1364 1385 1401 eius
1408 1366 1525 1404 etiam
1547 1366 1594 1405 ad
1617 1380 1679 1407 res

137 1427 338 1477 augendas
359 1429 599 1478 pertinuisse
621 1439 699 1465 non
720 1428 919 1465 omisisset
940 1428 975 1465 ei
997 1427 1208 1478 opprobrio
1229 1434 1406 1481 uertere,
1428 1442 1517 1469 nam
1541 1431 1679 1471 discri-

140 1504 230 1530 men
252 1491 347 1531 illud
363 1492 554 1531 Graecum
576 1505 666 1531 eum
687 1493 860 1543 primum
875 1504 946 1543 per
961 1492 1134 1543 singulas
1156 1496 1427 1545 pa1·teS,quasi
1451 1497 1535 1547 ipse
1558 1498 1678 1537 inter-

141 1557 291 1606 fuisset,
319 1563 500 1596 accurate
527 1557 574 1596 ad
601 1563 781 1596 senatum
810 1557 1009 1596 rettulisse
1037 1557 1180 1596 litteris
1209 1559 1422 1599 custodiuit
1449 1557 1492 1613 (1.
1516 1559 1576 1614 s)
1590 1560 1621 1617 1)

232 1623 307 1661 Sed
335 1623 438 1674 quod
467 1623 540 1662 duo
569 1635 691 1674 eaque
720 1625 867 1661 incerta
891 1623 1107 1674 fragmenta
1129 1623 1176 1661 ad
1198 1636 1268 1662 nos
1289 1633 1571 1678 peruenerunt,
1599 1641 1676 1667 non

136 1685 426 1742 mirabimurst)
487 1701 577 1727 nam
611 1688 769 1727 Catonis
808 1687 956 1727 salibus
992 1688 1220 1740 Polybiique
1255 1689 1398 1729 iudicio
1433 1691 1546 1731 breui
1579 1693 1674 1733 haec

139 1753 301 1792 historia
329 1766 415 1792 esse
443 1753 601 1805 explosa
627 1753 786 1793 uidetur
810 1767 883 1793 nec
903 1755 1087 1793 uersione
1109 1754 1245 1793 Latina
1268 1756 1306 1793 in
1328 1755 1538 1796 lectionem
1561 1771 1674 1798 reuo-

134 1824 224 1857 ›cata
251 1824 326 1869 est,
359 1832 434 1870 qua
461 1831 557 1870 gens
584 1819 784 1858 Postumia
811 1819 946 1858 laudes
974 1832 1064 1858 suas
1093 1819 1220 1859 denuo
1247 1821 1458 1861 inlustrare
1485 1824 1675 1865 uoluerat.

138 1896 238 1934 quae
270 1890 427 1935 praeter
459 1885 652 1936 prooemii
684 1885 852 1936 ineptias
887 1884 961 1923 duo
996 1885 1213 1935 fragmenta
1248 1894 1478 1939 supersunt,
1518 1890 1673 1929 saeculo

136 1955 276 2000 quarto
304 1949 445 1989 litteris
472 1949 653 1988 mandata
681 1955 789 2000 sunt,
825 1963 948 1989 unum
975 1963 994 1988 a
1021 1950 1237 2001 Macrobio,
1274 1951 1441 1992 alterum
1469 1966 1488 1991 a
1517 1955 1673 2007 Serui03

138 2027 226 2053 nam
255 2017 328 2053 etsi
356 2016 496 2054 horum
522 2015 633 2054 libris
661 2028 777 2054 manu
806 2017 964 2066 scriptis
992 2017 1292 2067 inscriptionem
1323 2020 1514 2070 concessi,
1541 2026 1672 2060 tamen

136 2081 260 2130 magis
293 2080 390 2119 mihi
423 2081 550 2132 placet
581 2080 785 2119 librarium
820 2081 988 2132 aliquem
1023 2082 1140 2120 nimis
1175 2083 1471 2123 contrahentem
1499 2088 1671 2125 auctoris

136 2146 197 2183 sui
230 2145 350 2184 uerba
378 2142 497 2199 (quae
530 2146 620 2185 talia
654 2147 735 2185 fere
769 2146 890 2185 fuisse
924 2148 1236 2186 existimauerim
1265 2149 1493 2188 Posmmius
1526 2155 1670 2190 [amali

127 2213 282 2260 primo,
319 2213 387 2250 ulti
419 2215 583 2261 exponit
619 2214 668 2250 (le
701 2213 880 2251 aduentu
914 2214 1094 2260 Aeneae,
1129 2218 1167 2251 et
1199 2213 1387 2253 Lulale'us
1414 2220 1669 2256 communium

133 2273 418 2330 historiar-mn)
437 2276 692 2327 neglegenter
719 2278 1018 2328 inscriptionem
1041 2290 1129 2316 cum
1152 2280 1220 2328 eis,
1248 2292 1346 2329 quae
1370 2281 1435 2330 qui
1462 2293 1670 2333 excerpse-

135 2347 210 2391 rat,
245 2341 288 2380 sr.
317 2341 539 2392 explicandi
572 2354 689 2381 causa
722 2341 942 2393 addiderat,
976 2342 1220 2395 confudisse,
1253 2350 1295 2382 ut
1323 2345 1478 2384 tandem
1507 2347 1546 2384 in
1575 2345 1668 2385 1123

219 2494 251 2535 1)
278 2491 333 2526 Ne
365 2492 425 2526 hic
458 2492 669 2526 Postumius
703 2503 786 2526 cum
819 2492 902 2526 aliis
935 2493 1202 2535 confundatur,
1237 2493 1267 2528 is
1296 2495 1336 2528 A.
1359 2494 1571 2530 Postumius
1604 2497 1668 2530 Al-

122 2544 249 2588 binus,
282 2545 345 2589 qui
379 2549 512 2580 a.187.
534 2549 601 2580 567
635 2545 707 2580 fuit
739 2545 870 2580 aedilis
904 2546 1060 2589 eurulis,
1098 2551 1174 2582 185.
1197 2551 1264 2582 569
1292 2550 1459 2592 praetor,
1495 2552 1575 2584 180.
1599 2554 1667 2585 574

120 2597 263 2640 consul,
292 2602 368 2632 174.
393 2602 460 2633 580
487 2610 626 2641 censor,
656 2603 733 2634 171.
755 2602 821 2633 583
849 2599 995 2645 legatus
1023 2600 1060 2634 in
1088 2601 1246 2644 Cretam,
1282 2606 1358 2636 167.
1381 2606 1448 2637 587
1478 2603 1515 2637 in
1542 2605 1667 2638 Mace-

121 2651 275 2686 doniam
301 2651 436 2685 missus
462 2653 529 2695 est,
556 2655 664 2697 pater
689 2652 798 2687 huius
826 2653 907 2687 fuit.

218 2707 251 2747 2)
278 2705 348 2738 Per
379 2705 523 2750 aliquot
555 2717 670 2740 annos
704 2706 804 2740 fraus
834 2706 959 2742 Iacobi
988 2707 1133 2742 Cortese
1161 2708 1213 2752 (in
1242 2709 1389 2745 Rivista
1419 2710 1458 2744 (Ii
1484 2711 1568 2753 filol.
1598 2710 1663 2743 XII

126 2757 261 2804 ‘1884])
288 2758 386 2792 uiros
414 2759 542 2793 doctos
563 2759 721 2804 decepit,
750 2771 823 2804 qua
850 2762 939 2794 nota
964 2760 1095 2805 ignota
1122 2761 1166 2796 de
1193 2761 1262 2796 hoc
1285 2762 1475 2797 Postumio
1502 2763 1663 2806 miscuit,

123 2822 221 2844 nune
255 2812 401 2846 detecta
427 2811 607 2846 Ludouici
634 2813 781 2847 Traube
811 2813 953 2858 ingenii
980 2814 1244 2859 oculorumque
1273 2815 1351 2849 acie
1379 2817 1662 2862 (Palaeoqraple.

124 2864 273 2899 Forsch.
299 2864 338 2898 in
365 2868 558 2900 comment,
587 2866 690 2900 acad.
720 2866 862 2901 Monac.
891 2867 1020 2901 elassis
1048 2868 1180 2903 tertiae
1208 2868 1325 2902 XXIV
1353 2881 1386 2912 p.
1414 2872 1528 2912 1904).
