2002 3342
314 204 405 233 CLH
654 190 715 224 DE
745 189 1049 225 SCRIPTORVM
1075 189 1198 224 VITIS
1225 190 1285 224 ET
1312 189 1520 225 SCRIPTIS

307 305 463 352 proicit
491 305 531 340 in
557 303 712 351 altum),
740 303 835 340 inde
859 314 902 339 se
923 301 1132 350 frequenti
1158 304 1286 340 classe
1313 303 1368 340 ad
1386 303 1511 341 hostis
1531 305 1692 341 iturum.
1720 316 1848 352 prae·

317 370 488 406 teruecti
502 367 736 415 Liqustinos
755 372 907 405 montes
925 369 1137 414 sinumque
1156 367 1353 404 Gallicum
1369 367 1430 413 (=
1447 372 1542 405 orat.
1558 368 1603 405 fr.
1620 365 1663 406 8:
1690 369 1852 408 Deinde

307 439 522 482 postquam
540 433 765 470 Massiliam
783 434 1066 481 praeterimus,
1082 433 1177 469 inde
1192 443 1344 469 omnem
1360 434 1526 470 classem
1548 439 1690 471 uentus
1711 440 1850 473 auster

316 501 418 536 lenis
440 496 535 547 fert,
561 509 675 536 mare
701 499 802 535 uelis
823 500 975 546 florere
1002 498 1174 535 uideres.
1218 499 1327 534 ultra
1355 499 1546 545 anqulum
1574 498 1769 536 Gallicum
1796 500 1855 537 ad

318 564 514 601 Illiberim
541 564 674 610 adque
697 563 971 601 Ruscinonem
993 562 1226 611 deferimur.
1268 563 1362 600 inde
1382 567 1499 600 nocte
1520 565 1651 601 altera
1669 564 1854 613 profecti

316 629 471 675 sumus)
500 629 556 665 ad
574 629 677 666 diem
699 639 818 676 quam
840 629 1029 665 edixerat
1051 632 1340 674 conuenerunt,
1368 628 1462 665 inde
1482 628 1666 666 Rhodam
1688 635 1853 667 uentum

319 700 355 731 et
374 695 631 741 praesidium
652 694 939 742 Hispanorum,
967 693 1075 740 quod
1100 695 1138 730 in
1169 694 1332 730 castello
1359 697 1460 739 erat,
1488 695 1531 731 ui
1557 694 1767 732 deiectum.
1800 695 1851 732 ab

319 759 465 796 Bleoda
502 760 681 797 secundo
720 763 838 796 uento
878 759 1093 806 Emporias
1128 762 1385 805 peruentum.
1443 759 1500 796 ibi
1538 761 1680 807 copiae
1718 770 1856 797 omnes

315 829 487 872 praeter
517 827 648 862 socios
674 826 843 862 nauales
870 825 910 861 in
939 829 1091 861 terram
1113 825 1331 871 expositae.
1373 821 1513 861 deinde
1541 835 1628 861 cum
1657 822 1857 862 describat

321 888 457 927 Liuius
485 901 517 927 c.
539 886 577 939 9,
606 886 750 927 1—10
777 888 1050 938 Emporiarum
1079 888 1197 925 situm
1226 887 1352 937 qualis
1379 900 1448 926 sua
1475 893 1599 926 aetate
1627 888 1756 939 fuerit,
1783 888 1853 926 Ca-

319 959 451 992 tonem
488 955 711 1005 seposuisse
744 952 920 1003 uidetur,
961 951 1031 990 sed
1070 952 1187 990 rediit
1225 953 1265 990 in
1302 951 1439 991 eodem
1473 954 1598 1004 capite
1633 948 1747 1006 (11),
1785 953 1855 992 ubi

320 1020 477 1057 Catonis
511 1031 573 1057 res
607 1031 803 1069 exponere
836 1019 965 1069 pergit
996 1017 1222 1068 bellumque
1262 1030 1351 1056 eum
1390 1017 1574 1068 Hispanis
1614 1018 1854 1057 indicentem

321 1084 423 1122 facit.
466 1090 548 1122 tuni
577 1097 607 1122 c.
632 1082 686 1123 10
713 1083 759 1122 Μ.
781 1083 911 1122 Heluii
939 1089 976 1122 et
1002 1082 1045 1128 Q.
1067 1082 1228 1121 Minucii
1255 1083 1476 1134 triumphos
1502 1085 1729 1135 interponit,
1756 1095 1856 1135 quos

321 1151 531 1200 quominus
559 1149 777 1188 secundum
804 1148 990 1187 Catonem
1018 1154 1198 1186 nai-ratos
1232 1160 1318 1187 esse
1353 1149 1640 1199 existimemus,
1680 1148 1855 1200 complu-

322 1214 432 1253 ribus
460 1214 736 1265 discrepantiis
759 1227 847 1253 cum
870 1215 926 1252 eis
948 1225 1045 1264 quae
1067 1212 1169 1264 apud
1195 1214 1325 1264 ipsum
1347 1213 1503 1252 Liuium
1525 1219 1756 1265 sequuntur,
1783 1215 1855 1252 im-

324 1279 506 1331 pedimur
533 1276 631 1333 (uid.
660 1279 801 1318 Nissen
836 1281 1069 1319 Untersuciz.
1097 1291 1132 1329 p.
1157 1275 1273 1332 155).
1319 1284 1402 1317 tum
1429 1291 1525 1317 uero
1551 1280 1687 1330 paucis
1723 1278 1859 1330 rebus,

323 1358 419 1396 quas
447 1358 491 1384 ex
520 1345 671 1383 Valerio
698 1346 851 1383 Antiate
879 1345 1048 1383 inseruit
1068 1339 1119 1396 (c.
1144 1341 1209 1394 15,
1230 1340 1298 1398 9),
1324 1345 1498 1394 exceptis
1524 1357 1650 1395 usque
1678 1343 1725 1382 ad
1745 1357 1777 1383 c.
1799 1341 1853 1383 21

323 1410 371 1449 317
405 1423 450 1449 eo
484 1423 561 1449 non
597 1410 828 1449 discessisse
861 1409 1036 1456 uidetur,
1078 1409 1346 1460 hahemusque
1380 1410 1496 1448 etiam
1525 1422 1623 1460 quae
1663 1422 1751 1448 cum
1783 1409 1858 1448 hac

324 1477 562 1514 narrationis
589 1475 777 1514 Liuianae
805 1480 914 1526 parte
942 1476 1151 1513 concinant
1178 1475 1406 1525 fragmenta.
1452 1475 1498 1513 cf.
1527 1474 1609 1513 Liu.
1634 1472 1699 1525 11,
1721 1472 1764 1513 2ε
1797 1476 1860 1513 Eo

326 1540 565 1593 [Emporias]
600 1544 725 1590 leqati
757 1548 840 1580 tres
872 1543 922 1579 ab
957 1541 1176 1589 Ilerqetum
1209 1543 1350 1589 requio
1382 1541 1597 1589 Bili'staqe,
1636 1543 1674 1579 in
1713 1541 1862 1588 quibus

327 1620 429 1646 unus
456 1609 568 1655 filius
600 1609 687 1645 eius
719 1613 826 1654 erat,
862 1611 1062 1644 uenerunt
1095 1612 1309 1654 querentes
1335 1608 1501 1644 castella
1526 1618 1602 1644 sua
1628 1607 1862 1655 oppuqnari

325 1686 400 1712 nec
425 1685 533 1722 spem
560 1675 683 1711 ullam
710 1685 795 1711 esse
821 1673 1048 1718 resistendi,
1076 1674 1156 1709 nisi
1172 1673 1430 1720 praesidium
1454 1671 1664 1710 Romanus
1688 1673 1860 1709 misisset

327 1740 389 1785 (=
412 1738 504 1776 Cato
525 1750 580 1775 or.
603 1737 647 1775 fr.
666 1735 731 1787 14,
752 1750 787 1788 p.
805 1734 878 1776 35:
906 1739 989 1775 Eas
1009 1749 1074 1775 res
1094 1728 1172 1775 non
1190 1747 1314 1785 posse
1336 1739 1542 1784 sustineri,
1570 1739 1650 1774 nisi
1669 1747 1714 1775 eo
1734 1747 1858 1785 prae-

324 1806 433 1842 sidia
465 1815 615 1851 maana
643 1803 972 1852 frumentumque
1003 1804 1271 1840 mitterentur.
1322 1814 1415 1840 nam
1452 1805 1509 1840 ita
1548 1803 1689 1840 dicunt
1717 1803 1860 1850 palam

327 1881 535 1909 necessum
562 1881 648 1907 esse
674 1869 931 1906 obcursatum
955 1897 1081 1906 .....
1084 1869 1126 1915 J,
1154 1866 1237 1905 Liu.
1266 1879 1296 1905 c.
1319 1864 1357 1917 9,
1381 1864 1452 1905 11:
1484 1867 1643 1905 Paucos
1670 1868 1727 1905 ibi
1754 1865 1862 1915 [Em-

328 1931 468 1986 poriis]
496 1940 677 1973 moratus
698 1935 784 1972 dies
810 1934 918 1975 Cato,
946 1934 1037 1971 dum
1065 1935 1312 1981 erploraret,
1339 1934 1408 1970 ubi
1433 1937 1471 1971 et
1494 1938 1671 1980 qitantae
1690 1933 1862 1970 nostium

327 2004 469 2050 copiae
496 2004 637 2047 essent,
663 2004 706 2037 ut
732 2011 782 2036 ne
802 2010 916 2036 mora
938 2000 1096 2047 quidem
1122 2001 1259 2046 seqnis
1279 2003 1391 2045 esset,
1417 2009 1531 2036 omne
1552 1998 1597 2035 id
1620 2003 1773 2046 tempus
1792 2008 1865 2035 ex-

328 2067 516 2105 ercendis
542 2066 734 2103 militibus
756 2066 1009 2112 consumpsit.
1050 2060 1115 2113 13,
1130 2061 1175 2101 52:
1203 2064 1295 2112 Ipse
1316 2074 1405 2101 cum
1427 2065 1507 2101 iam
1529 2064 1573 2101 id
1591 2068 1744 2111 tempus
1764 2063 1865 2100 anni

329 2133 549 2181 adpeteret,
576 2141 653 2178 quo
678 2132 772 2178 96νί
791 2141 857 2167 res
878 2134 1053 2178 possent,
1081 2134 1220 2167 castra
1239 2129 1412 2167 hiberna
1434 2131 1515 2166 tria
1535 2129 1647 2166 milia
1664 2138 1862 2176 passuum

330 2199 380 2235 ab
414 2197 619 2245 Emporiis
647 2197 798 2244 posuit.
845 2195 940 2232 inde
968 2206 1050 2243 per
1082 2197 1318 2232 occasiones
1355 2205 1465 2232 nunc
1495 2194 1574 2231 17776
1596 2197 1722 2242 parte
1754 2203 1867 2230 nunc

330 2265 401 2301 illa
426 2263 584 2300 modico
601 2261 816 2310 praesidio
844 2262 993 2298 castris
1019 2262 1161 2298 relicto
1179 2260 1429 2308 praedatum
1455 2260 1600 2297 milites
1625 2261 1666 2296 in
1691 2258 1864 2296 hostium

331 2339 454 2375 aqros
481 2328 665 2365 demebat.
711 2331 829 2364 nocte
857 2325 988 2374 ferme
1011 2326 1402 2373 proficiscebantur,
1439 2329 1481 2362 ut
1507 2329 1545 2362 et
1571 2335 1689 2371 quam
1715 2324 1865 2370 lonqis·

329 2396 427 2431 sime
461 2405 484 2430 a
518 2394 665 2430 castris
687 2392 965 2440 procederent
997 2395 1033 2428 et
1068 2393 1316 2439 inopinantis
1347 2392 1630 2438 opprimerent.
1676 2393 1713 2426 et
1745 2399 1865 2426 exer·

333 2460 449 2497 cebat
470 2470 517 2496 677
538 2469 604 2495 res
624 2468 750 2495 nouos
769 2458 926 2503 milites,
953 2462 991 2494 et
1010 2457 1183 2494 hostium
1208 2467 1358 2503 7777797777
1385 2457 1448 2493 uis
1468 2454 1762 2502 excipiebatur,
1789 2463 1865 2490 nec

334 2526 413 2562 iam
441 2524 582 2571 eqredi
609 2527 730 2560 677777
756 2524 1002 2560 munimenta
1024 2522 1280 2559 castellorum
1301 2521 1517 2558 audebant.
1556 2519 1625 2557 ubi
1651 2518 1865 2556 admodum

336 2595 372 2627 et
409 2599 574 2626 suorum
613 2594 649 2625 et
686 2588 858 2625 hostium
897 2589 1052 2624 animos
1091 2591 1148 2623 est
1180 2591 1388 2635 aspertus,
1428 2585 1651 2623 conuocari
1683 2583 1871 2621 tribunos

324 2653 642 2703 praefectosque
668 2659 704 2690 67
732 2655 885 2700 equites
911 2654 1038 2690 omnis
1065 2657 1101 2688 et
1129 2653 1387 2689 centuriones
1420 2652 1534 2688 iussit
1563 2644 1626 2701 (Ξ
1649 2647 1740 2685 Cato
1768 2648 1864 2697 orig.

336 2719 380 2757 fr.
406 2716 500 2769 128,
521 2717 660 2756 Iordan
682 2722 776 2755 orat.
798 2717 842 2754 fr.
870 2714 933 2767 13,
954 2729 990 2767 p.
1006 2714 1093 2767 357.
1116 2738 1169 2742 —
1192 2715 1275 2753 Liu.
1301 2713 1366 2765 14,
1390 2713 1430 2753 1:
1457 2715 1584 2752 Nocte
1603 2714 1748 2761 media,
1775 2723 1865 2750 cum

335 2787 518 2834 auspicio
544 2795 708 2832 operam
735 2783 926 2832 dedisset,
954 2782 1169 2831 profectus
1195 2787 1238 2819 ut
1263 2783 1393 2819 iocum
1420 2792 1534 2828 quem
1562 2781 1697 2825 uellet,
1724 2780 1867 2827 prius-

335 2838 454 2898 quam
480 2850 612 2887 hostes
631 2850 839 2895 sentirent,
861 2852 1036 2895 caperet,
1051 2852 1224 2896 praeter
1244 2852 1382 2885 castra
1402 2846 1573 2883 hostium
1596 2844 1868 2883 circumducit
