2002 3342
657 184 694 218 L.
723 183 908 218 CINCIVS
937 182 1215 217 ALIMENTVS
1627 198 1702 227 (J1x

171 311 247 336 uae
268 299 450 346 templum
472 301 539 334 est.
579 307 667 334 eum
689 298 859 341 clauum,
890 297 987 343 quia
1008 307 1135 333 rarae
1151 307 1233 344 per
1260 307 1308 333 ea
1336 300 1516 344 tempora
1543 299 1705 334 litterae

168 368 299 410 erant,
314 368 447 400 notam
470 363 628 399 numeri
648 371 847 398 annorum
865 360 993 408 fuisse
1010 359 1162 409 ferunt,
1185 372 1310 409 eoque
1326 360 1543 399 MIneruae
1561 364 1703 410 templo

169 430 347 467 dicatam
380 429 522 475 leqem,
557 428 652 474 quia
686 437 876 463 numerus
910 425 1126 463 Mineruae
1158 428 1365 463 inuentum
1401 429 1463 464 stt.
1517 427 1705 466 Volsiniis

170 504 326 542 quoque
359 494 496 530 clauos
529 493 685 529 indl'ces
721 493 882 528 numere·
917 501 1116 528 armorum
1145 493 1252 536 sia-os
1285 493 1323 529 in
1359 494 1501 540 templo
1536 493 1705 531 Nortiae

170 559 372 597 Etruscae
404 558 505 595 deae
538 568 764 605 conparere
797 558 969 603 diliqens
1004 557 1142 593 talium
1179 562 1520 595 monumentorum
1559 564 1705 596 auctor

175 623 339 661 Cincius
370 623 573 669 adfirmat.
613 622 810 659 Horatius
841 623 983 659 consul
1013 633 1062 659 ea
1095 622 1182 668 leqe
1216 623 1399 670 templum
1428 623 1540 660 Iouis
1566 625 1706 671 optimi

169 690 339 727 maximi
365 689 574 726 dedicauit
601 698 707 724 amm
725 694 821 735 post
847 698 964 733 requ
985 691 1162 733 estractosg
1191 698 1215 723 a
1237 688 1468 725 consulebas
1484 693 1630 736 postea
1651 690 1708 726 ad

170 755 402 800 dictatores,
430 754 527 801 quia
547 754 678 790 malus
697 754 907 800 imperium
930 757 1030 799 erat,
1051 753 1239 789 sollemne
1261 754 1371 790 claui
1392 754 1549 800 fiaendi
1570 759 1702 791 trans-

169 821 294 857 latum
328 823 396 857 est.
439 819 665 856 intermisso
700 818 846 855 deinde
878 828 988 855 more
1021 818 1148 865 diana
1181 819 1301 855 etiam
1325 829 1408 866 per
1438 830 1480 855 se
1512 821 1600 856 uisa
1628 832 1705 861 res,

159 889 336 933 propter
361 894 480 931 quam
514 884 692 921 dictator
724 887 950 921 crearetur.
989 894 1070 930 qua
1097 883 1146 920 de
1174 893 1300 920 causa
1328 888 1492 920 creatus
1518 883 1560 921 L.
1584 883 1702 921 Man-

169 951 264 996 lius,
287 949 465 998 perinde
492 960 542 986 ac
568 950 631 986 rei
653 949 862 996 yerendae
889 959 939 985 ac
966 959 1043 985 non
1077 949 1298 986 soluendae
1324 950 1543 998 reliffl'om's
1562 952 1704 997 qratia

169 1019 334 1052 creatus
360 1018 471 1061 esset,
499 1014 641 1052 bellum
669 1013 891 1051 Hernicum
918 1013 1133 1062 adfectans
1161 1014 1309 1051 dilectu
1338 1014 1486 1051 acerbo
1515 1015 1702 1051 iuuentu-

169 1084 247 1117 tem
279 1081 472 1127 aqe'taue't,
506 1079 746 1126 tandemque
778 1080 959 1116 amnibus
992 1081 1030 1116 in
1060 1090 1149 1116 eum
1183 1079 1358 1116 tribunis
1381 1080 1516 1127 plebis
1543 1082 1704 1126 coortis,

167 1155 237 1182 seu
265 1147 309 1182 ui
333 1156 403 1182 seu
430 1145 683 1182 uerecundia
713 1146 854 1193 uictus,
884 1146 1093 1183 dictatura
1120 1145 1230 1182 abitt.

259 1209 306 1248 At
327 1209 394 1260 qui
421 1213 569 1247 attento
596 1210 725 1247 animo
753 1209 825 1247 hoc.
848 1209 949 1248 Liuii
977 1214 1093 1260 caput
1115 1208 1466 1258 considerauerint,
1496 1210 1533 1247 in
1555 1222 1599 1248 eo
1622 1211 1706 1248 sine

170 1273 288 1313 dubio
321 1273 532 1324 offendent,
560 1273 664 1325 quod
692 1286 789 1325 quae
818 1274 954 1312 Liuius
987 1287 1032 1313 ex
1067 1273 1202 1312 Cincio
1237 1273 1284 1312 ad
1319 1287 1400 1313 rem
1435 1274 1704 1326 explicandam

168 1341 355 1391 inseruit,
382 1345 558 1391 pugnant
584 1352 672 1378 cum
701 1340 758 1377 eis
785 1352 883 1390 quae
912 1339 1141 1391 explicanda
1169 1346 1291 1378 erant.
1329 1352 1418 1378 nam
1451 1341 1490 1378 in
1518 1341 1706 1379 orationis

167 1411 305 1443 tenore
339 1418 428 1444 eum
460 1404 727 1456 pestilentiam
754 1404 951 1456 quondam
985 1405 1093 1444 clauo
1122 1404 1168 1443 ab
1203 1405 1393 1444 dictatore
1422 1406 1497 1443 fixo
1531 1405 1703 1444 sedatam

170 1482 258 1509 esse
286 1471 463 1508 seniores
490 1471 776 1520 meminissent,
808 1482 851 1508 ea
879 1469 1066 1521 religione
1095 1470 1306 1509 adductum
1335 1476 1514 1509 senatum
1545 1470 1705 1509 dictato-

171 1548 254 1574 rem
281 1535 383 1574 claui
410 1534 556 1586 figendi
582 1548 697 1574 causa
726 1535 801 1573 dici
828 1537 993 1574 iussisse
1022 1541 1269 1575 narrauerat:
1297 1549 1400 1575 nunc
1428 1549 1511 1588 per
1537 1538 1704 1587 singu-

170 1600 241 1639 los
269 1613 391 1639 annos
419 1600 548 1639 idibus
570 1600 869 1652 Septembribus
897 1601 943 1639 ab
971 1614 1015 1640 eo
1044 1602 1110 1652 qui
1137 1607 1295 1652 praetor
1318 1603 1512 1640 maximus
1540 1603 1563 1640 i.
1587 1615 1617 1641 e.
1640 1602 1703 1641 uel

170 1664 338 1704 dictator
364 1665 428 1704 uel
456 1665 593 1704 consul
620 1665 684 1704 uel
711 1667 884 1704 interrex
913 1672 1028 1717 esset⁷
1056 1666 1210 1705 clauum
1239 1667 1359 1705 fixum
1387 1680 1473 1706 esse
1501 1680 1546 1706 ex
1569 1667 1704 1706 Cincio

168 1731 308 1781 refert,
340 1737 383 1769 ut
415 1731 512 1770 haec
539 1736 645 1770 esset
671 1737 761 1770 nota
789 1733 943 1770 numeri
971 1744 1174 1771 annorum.
1214 1744 1306 1783 ergo
1335 1732 1427 1771 solis
1454 1732 1584 1772 idibus
1613 1733 1707 1784 Sep-

169 1795 408 1847 tembribus,
441 1809 517 1847 qno
545 1796 606 1835 die
633 1797 824 1848 templum
850 1797 955 1836 Iouis
983 1797 1191 1849 Capitolini
1220 1797 1441 1837 dedicatum
1476 1804 1559 1837 erat
1587 1794 1706 1851 (plut.

168 1861 315 1912 Poplie.
340 1858 426 1916 14),
453 1861 587 1900 clauus
615 1874 700 1900 eam
727 1864 809 1900 uim
837 1862 1019 1913 habebat⁷
1047 1869 1090 1902 ut
1117 1864 1216 1902 fixus
1243 1863 1511 1914 pestilentiam
1539 1863 1706 1913 sedaret,

169 1927 313 1965 ceteris
351 1928 443 1965 anni
482 1927 684 1966 mensibus
723 1927 794 1966 hoc
833 1928 1051 1967 remedium
1090 1928 1241 1967 nullum
1282 1927 1394 1968 erat‘?
1439 1928 1703 1980 expectandae

169 1998 282 2030 erant
310 1992 398 2031 idus
426 1991 708 2044 Septembres?
741 1999 887 2044 contra,
919 1995 951 2031 si
979 1995 1011 2032 is
1039 1996 1198 2045 antiquo
1226 1999 1402 2045 tempore
1429 2007 1513 2032 mos
1541 2001 1635 2043 erat,
1664 2000 1705 2032 ut

169 2063 334 2108 propter
358 2063 489 2096 notam
516 2059 672 2096 numeri
699 2071 889 2097 annorum
913 2061 1122 2110 quotannis
1149 2059 1280 2098 idibus
1301 2059 1600 2111 Septembribus
1628 2059 1704 2098 ela-

168 2134 245 2160 uus
277 2128 527 2173 pangeretur,
561 2122 655 2174 quid
688 2123 823 2162 clauus
857 2123 903 2162 ad
937 2124 1230 2175 pestilentiam?
1264 2126 1296 2163 si
1324 2126 1533 2176 quotannis
1568 2125 1703 2163 clauus

169 2187 374 2238 figebatur,
414 2188 508 2239 quid
540 2201 638 2239 opus
671 2194 753 2227 erat
787 2190 987 2228 seniorum
1022 2191 1229 2241 memoria7
1262 2203 1351 2229 cum
1381 2192 1615 2241 praesertim
1643 2190 1702 2228 lex

170 2254 210 2290 in
237 2252 331 2291 aede
358 2253 462 2292 Iouis
498 2254 569 2291 fixa
598 2260 754 2292 centum
783 2254 1039 2305 quadraginta
1074 2268 1139 2294 sex
1172 2256 1284 2293 annis
1319 2261 1407 2294 ante
1442 2262 1575 2294 saneta
1603 2261 1707 2294 esset

168 2312 408 2371 (Mommsen
436 2318 577 2357 Cliron.
604 2332 640 2370 p.
661 2316 741 2357 177
759 2316 865 2373 sqsf?
898 2332 946 2358 ne
981 2320 1119 2371 multa,
1154 2320 1248 2359 duas
1278 2333 1339 2359 res
1373 2322 1478 2359 inter
1505 2333 1545 2359 se
1575 2320 1704 2359 diuer-

170 2384 348 2421 sissimas
375 2389 524 2422 temere
550 2385 710 2422 miscuit
732 2384 879 2423 Liuius.
913 2385 986 2423 hoe
1014 2398 1108 2423 uero
1135 2387 1187 2424 ita
1216 2398 1302 2425 esse
1331 2385 1619 2436 expediendum
1647 2387 1705 2424 ui-

174 2447 305 2486 detur:
333 2449 458 2499 primo
485 2450 688 2500 antiquum
711 2449 879 2500 aliquem
901 2452 1134 2501 scriptorem
1162 2451 1407 2501 historicum,
1434 2452 1498 2489 cui
1518 2452 1707 2489 orationis

174 2519 350 2552 tenorem
374 2513 500 2564 dehet,
527 2520 686 2553 secutus
714 2515 785 2553 hoe
807 2527 929 2553 unum
951 2515 997 2553 ad
1026 2515 1289 2566 pestilentiam
1317 2515 1529 2555 sedandam
1552 2515 1705 2554 clauum

173 2578 294 2616 fixum
323 2590 408 2617 esse
431 2584 671 2630 narrauerat,
698 2592 797 2631 quae
819 2582 1048 2631 superstitio
1072 2593 1166 2619 uere
1188 2581 1360 2620 Romana
1382 2587 1451 2631 est,
1479 2593 1565 2619 eum
1590 2582 1706 2618 etiam

176 2643 293 2681 Plinii
319 2645 479 2681 maioris
506 2650 630 2683 aetate
658 2640 754 2697 (nat.
776 2645 866 2684 hist.
889 2643 955 2696 28,
972 2642 1047 2700 63)
1077 2646 1231 2685 clauum
1265 2647 1437 2685 ferreum
1470 2646 1637 2696 deligere
1669 2647 1705 2683 in

176 2720 252 2758 quo
280 2708 363 2746 loco
392 2710 562 2759 primum
596 2715 711 2760 caput
739 2711 866 2749 fixerit
894 2723 1090 2749 conruens
1118 2711 1254 2749 morbo
1282 2711 1484 2761 comitiali,
1512 2711 1706 2749 absoluto-

178 2774 280 2811 rium
302 2774 385 2811 eius
408 2773 497 2811 mali
520 2774 666 2813 dictum
689 2777 739 2813 sit
760 2773 930 2828 (Preller
944 2777 1079 2815 Roem.
1099 2777 1260 2825 Myllzol.
1278 2773 1311 2814 13
1332 2789 1366 2827 p.
1382 2774 1499 2829 260).
1537 2777 1592 2813 sic
1615 2775 1705 2813 sul)-

173 2836 263 2875 latis
295 2837 430 2876 uerbis
462 2841 528 2876 lea·
562 2845 721 2878 uetusta
755 2847 812 2879 est
844 2863 901 2867 -
922 2847 1096 2890 propter
1128 2854 1247 2890 quam
1281 2843 1458 2880 dictator
1491 2847 1706 2880 crearetur
