2002 3342
666 172 705 214 Q.
728 172 896 207 AELIVS
924 172 1115 206 TVBERO
1445 186 1525 216 CCC
1532 187 1659 216 LXVII

219 285 345 324 Huius
381 286 542 323 forsitan
575 296 696 335 nepos
731 285 845 322 suerit
881 283 920 321 L.
948 283 1122 332 Tubero,
1156 285 1191 322 ei
1226 290 1264 322 et
1295 285 1373 322 uita
1409 290 1446 322 et
1481 284 1657 322 doctrina

129 350 283 401 similis,
311 349 440 388 ‘bomo
468 362 555 388 cum
584 350 741 400 ingenio
769 355 851 387 tum
879 350 995 387 etiam
1025 348 1200 387 doctrina
1225 348 1436 388 excellens'
1466 344 1563 402 (Cic.
1586 362 1659 400 pro

129 412 372 469 Lig.4‚10),
407 428 494 453 cum
522 414 710 453 Cicerone
743 426 818 452 una
848 413 950 451 domi
983 413 1178 464 eruditus,
1213 416 1253 452 in
1280 415 1418 453 militia
1447 414 1657 453 contuber-

127 480 238 531 nalis,
266 479 480 519 eorundem
502 479 721 518 studiorum
744 478 902 517 uinculo
924 479 1170 530 coniunctus,
1196 480 1236 517 in
1259 481 1365 517 omni
1387 479 1555 530 denique
1576 481 1656 518 uita

127 545 331 584 familiaris
353 543 449 597 (Cic.
471 557 541 596 pro
563 543 698 595 Lig.4,
717 540 802 598 10).
842 545 875 581 is
896 544 938 588 Q.
961 544 1204 594 Ciceronem,
1232 557 1320 582 cum
1348 558 1378 583 a.
1408 543 1474 583 61.
1504 542 1588 583 (393
1617 547 1656 583 in

126 610 255 649 Asiam
282 611 527 662 prouinciam
555 609 692 660 abiret,
719 609 868 660 legatus
896 614 1055 647 secutus
1083 614 1141 647 est
1165 605 1264 663 (Cic.
1286 609 1333 648 ad
1348 610 1478 655 Quint.
1502 612 1546 648 t'r.
1567 609 1658 661 1,1‚

128 672 167 725 3,
187 672 259 728 10)
289 681 326 714 et
353 681 536 727 quattuor
563 676 674 713 annis
700 680 787 726 post
815 687 859 713 ex
881 674 969 712 Asia
993 674 1187 713 decedens
1209 687 1253 713 ea
1274 687 1315 713 re
1338 674 1384 713 de
1406 675 1533 713 Marco
1555 675 1656 714 bene

129 742 296 779 meritus
318 746 387 791 est,
409 740 511 792 quod
532 752 628 791 quas
649 739 812 778 insidias
833 739 878 778 ab
901 739 1080 778 exulibus
1102 741 1316 778 coniuratis
1338 742 1373 778 ei
1394 746 1547 791 paratas
1569 753 1655 779 esse

125 805 342 857 audiuerat,
369 805 417 844 ad
438 818 526 845 eum
547 805 866 844 Thessalonicam
888 804 1025 843 detulit
1049 801 1146 858 (Cic.
1168 818 1238 856 pro
1253 805 1382 843 Planc.
1398 803 1468 856 41,
1486 803 1579 844 100.
1608 806 1656 844 cs.

127 870 327 909 Drumann
349 871 377 908 V
397 884 432 922 p.
449 868 566 924 642).
605 870 706 909 bello
735 870 844 909 ciuili
870 876 1005 909 exorto
1033 883 1078 909 ex
1107 876 1266 910 senatus
1287 871 1464 909 consulto
1486 872 1657 910 Africam

124 938 370 987 prouinciam
403 938 565 975 sortitus
598 949 687 975 cum
721 936 764 981 Q.
797 935 876 974 filio
910 937 1054 974 iuuene
1083 948 1127 974 eo
1159 936 1361 987 profectus
1389 942 1458 975 est.
1504 938 1655 975 interea

123 1006 253 1040 tamen
275 1001 314 1039 P.
336 1002 464 1040 Attius
484 1002 608 1041 Varus
630 1002 875 1053 prouinciam
897 1003 973 1039 iam
995 1007 1268 1053 occupauerat,
1296 1003 1459 1052 eiusque
1481 1003 1591 1040 iussu
1613 1001 1655 1047 Q.

125 1066 304 1117 Ligarius
332 1066 580 1106 Tuberonem
606 1067 755 1106 Vticam
782 1067 1027 1116 uenientem,
1055 1068 1127 1105 etsi
1156 1066 1259 1105 filius
1286 1066 1512 1105 ualetudine
1541 1067 1656 1105 affec-

126 1137 188 1170 tus
210 1137 304 1183 erat,
330 1138 446 1183 portu
468 1137 582 1183 atque
604 1132 746 1183 oppido
772 1131 984 1183 prohibuit,
1013 1144 1132 1183 quare
1158 1132 1223 1171 ille
1248 1132 1411 1171 sublatis
1432 1135 1587 1172 ancoris
1609 1133 1657 1172 ad

122 1196 190 1235 Cn.
211 1197 442 1248 Pompeium
463 1199 503 1235 in
523 1197 790 1236 Macedoniam
818 1210 858 1236 se
887 1197 1062 1247 contulit,
1089 1197 1157 1236 ubi
1181 1197 1284 1237 filius
1307 1204 1479 1238 armatus
1500 1211 1656 1250 pugnae

122 1262 368 1301 Pharsalieae
395 1262 574 1301 interfuit
601 1259 698 1315 (Cic.
719 1275 754 1314 p.
772 1263 852 1314 Lig.
874 1260 913 1313 3,
929 1260 967 1301 9.
990 1260 1027 1313 8,
1043 1261 1097 1302 2⁹·
1112 1260 1228 1317 sqq.)
1267 1270 1349 1302 tum
1376 1277 1471 1303 uero
1498 1266 1614 1303 uenia
1636 1278 1656 1303 a

123 1327 288 1366 Caesare
314 1329 466 1366 uictore
493 1329 700 1379 impetrata
725 1327 888 1366 Romam
915 1329 1068 1366 reuersi
1095 1328 1137 1373 Q.
1160 1328 1306 1379 Ligarii
1333 1329 1420 1368 odio
1448 1331 1499 1368 ita
1527 1329 1655 1369 indul-

124 1399 272 1444 serunt,
299 1399 353 1443 ut,
381 1406 469 1432 cum
496 1405 545 1432 ne
573 1406 618 1432 ex
647 1393 763 1432 exilio
791 1398 1058 1444 reuocaretur,
1084 1395 1281 1445 timerent,
1308 1394 1351 1439 Q.
1373 1394 1527 1433 Tubero
1550 1395 1655 1434 filius

122 1457 224 1509 apud
252 1458 421 1497 eundem
448 1458 654 1497 Caesarem
687 1458 934 1510 dictatorem,
962 1471 1131 1509 quocum
1158 1460 1241 1510 ipse
1270 1461 1390 1498 armis
1418 1472 1656 1511 congressus

121 1529 220 1574 erat,
248 1523 290 1569 Q.
312 1523 528 1574 Ligarium,
563 1523 665 1575 quod
697 1525 737 1562 in
771 1523 1090 1562 aduersariorum
1122 1530 1233 1575 parte
1261 1525 1418 1576 fuisset,
1453 1532 1656 1565 accusaret

121 1585 252 1641 (3.46.
278 1586 394 1643 708).
434 1595 548 1640 atque
576 1589 640 1627 hic
673 1589 832 1640 quidem
866 1594 904 1627 et
931 1588 1108 1627 Caesaris
1142 1589 1352 1628 clementia
1387 1596 1424 1629 et
1451 1590 1655 1630 Ciceronis

124 1653 400 1705 deprecatione
417 1653 617 1693 absolutus
638 1659 709 1705 est,
729 1653 772 1699 Q.
794 1659 924 1692 autem
944 1653 1100 1692 Tubero
1122 1666 1211 1693 cum
1226 1667 1309 1693 rem
1325 1667 1401 1694 non
1417 1655 1654 1695 obtinuisset

125 1719 228 1770 apud
254 1719 474 1770 Caesarem,
501 1732 520 1758 a
548 1721 678 1758 causis
704 1719 866 1770 agendis
893 1718 940 1757 ad
966 1720 1028 1758 ius
1055 1719 1171 1758 ciuile
1198 1721 1355 1759 transiit
1380 1720 1512 1771 ibique
1539 1733 1652 1772 prae-

116 1786 181 1823 ter
213 1790 366 1823 ceteros
398 1785 542 1824 ssoruit.
586 1785 682 1824 haec
715 1786 818 1823 enim
854 1784 900 1823 de
931 1796 975 1823 eo
1002 1784 1242 1836 Pomponius
1271 1780 1312 1838 (l.
1335 1797 1363 1824 s.
1378 1782 1455 1839 46)
1483 1787 1654 1826 rettulit:

121 1851 216 1890 Post
240 1852 313 1889 hos
338 1850 510 1896 Quintus
537 1851 612 1900 [sic
634 1850 786 1889 emend.
806 1850 1036 1901 Mommsen,
1062 1862 1219 1900 quoque
1238 1851 1346 1902 libri]
1380 1853 1535 1891 Tubero
1558 1854 1654 1903 fuit,

119 1918 191 1965 qui
204 1915 318 1963 Ofilio
331 1927 495 1965 operam
511 1918 632 1955 dedit.
654 1916 737 1966 fuit
749 1921 881 1955 autem
885 1919 1096 1965 patricius
1109 1915 1333 1966 [patronus
1344 1918 1481 1968 scrips.
1490 1917 1654 1957 Momm-

121 1979 208 2030 sen]
238 1987 276 2019 et
302 1984 467 2020 transiit
493 1993 518 2020 α
545 1984 681 2020 causis
707 1982 878 2030 ayendz's
903 1982 960 2019 ad
983 1983 1047 2019 ius
1073 1983 1211 2032 ciuile,
1244 1985 1419 2021 maxime
1440 1990 1654 2032 postquam

129 2046 171 2092 Q.
185 2046 398 2095 Liqarium
414 2049 628 2085 accusauit
642 2059 716 2086 nee
731 2049 904 2096 optinuit
918 2048 1030 2095 apud
1047 2047 1190 2085 Gaium
1210 2047 1424 2087 Caesarem
1442 2047 1505 2098 [cf.
1521 2047 1654 2093 Quint.

123 2109 188 2162 11,
203 2109 238 2161 1,
251 2108 325 2163 233
343 2108 408 2149 78.
429 2110 561 2162 Meyer
575 2116 670 2150 orat.
686 2111 796 2162 reliq.
811 2124 846 2162 p.
857 2108 939 2150 501
953 2110 1040 2162 sq.].
1053 2134 1110 2138 —
1126 2112 1280 2151 Tubero
1297 2114 1550 2152 doctissimus
1566 2118 1652 2163 qui·

120 2178 208 2216 dem
227 2177 390 2215 habitus
409 2182 466 2215 est
480 2179 584 2215 iuris
594 2178 756 2226 publici
770 2182 807 2216 el
818 2179 983 2226 priuati
996 2182 1033 2215 et
1049 2180 1274 2227 complures
1294 2181 1504 2227 utriusque
1519 2183 1655 2228 operis

119 2243 244 2280 libros
275 2244 459 2290 reliquit:
489 2254 672 2282 sermone
704 2244 825 2281 etiam
855 2245 1021 2290 antiquo
1049 2254 1144 2280 usus
1170 2244 1384 2291 affectaue't
1408 2245 1590 2283 seribere
1616 2250 1654 2283 et

119 2307 209 2345 ideo
233 2318 386 2356 parum
418 2308 516 2346 libri
546 2310 633 2346 eius
662 2310 777 2356 yrale'
807 2308 1019 2346 hahentur.
1059 2307 1128 2345 sed
1154 2309 1231 2346 iam
1259 2320 1327 2347 sua
1355 2313 1480 2347 aetate
1508 2308 1653 2348 multos

119 2376 285 2410 nanetus
313 2377 389 2422 est,
422 2373 489 2423 qui
516 2373 600 2411 eius
628 2373 726 2410 iuris
754 2373 959 2410 scientiam
987 2371 1294 2423 admirarentur,
1324 2375 1380 2411 sic
1408 2373 1653 2424 Ciceronem,

121 2435 168 2474 de
189 2437 302 2475 cuius
323 2438 612 2475 existimatione
634 2436 782 2476 Gellius
803 2434 860 2489 (1,
877 2434 944 2487 22,
960 2433 1004 2490 7)
1027 2437 1123 2476 baec
1144 2437 1322 2476 tradidit:
1350 2439 1404 2477 M.
1427 2445 1558 2478 autem
1588 2440 1650 2478 Ci-

120 2512 215 2540 cero
244 2504 284 2539 in
305 2503 420 2552 libro,
448 2505 518 2551 qui
538 2505 757 2552 inscriptus
777 2509 834 2542 est
854 2499 921 2541 ‘de
941 2506 1032 2541 lure
1053 2505 1168 2542 ciuili
1188 2506 1228 2542 in
1250 2510 1378 2543 artem
1399 2503 1653 2555 rediffendo',

120 2567 249 2605 uerba
269 2568 370 2605 haec
381 2571 539 2616 posuit:
559 2565 659 2606 ‘Nee
676 2579 774 2607 uero
794 2571 967 2606 seientia
988 2571 1092 2606 iuris
1111 2570 1334 2608 maioribus
1352 2572 1436 2608 suis
1455 2570 1497 2615 Q.
1513 2572 1652 2609 Aelius

126 2631 282 2670 Tubero
310 2632 454 2681 defuit,
487 2634 676 2671 doctrina
709 2635 828 2671 etiam
859 2631 1090 2682 superfue't'.
1129 2636 1170 2671 in
1198 2645 1275 2682 quo
1301 2636 1388 2674 loco
1417 2632 1648 2684 ‘superfuit’

120 2698 358 2745 significare
389 2698 554 2736 uidetur
581 2695 720 2747 ‘supra
748 2697 831 2747 fuit
858 2704 895 2736 et
921 2701 1129 2747 praestitit
1159 2702 1451 2748 superauitque
1476 2703 1652 2739 maiores

120 2772 214 2800 suos
240 2762 429 2800 doctrina
453 2774 545 2810 sua,
574 2765 841 2812 superfluente*
866 2769 998 2802 tamen
1026 2769 1062 2802 el
1089 2766 1209 2802 m'mz‘s
1234 2762 1487 2804 abundanli’.
1528 2767 1648 2804 disci-

116 2828 253 2874 plinus
280 2829 384 2865 enim
415 2827 569 2866 Tubero
595 2830 746 2866 stoicas
772 2833 811 2866 et
833 2829 1071 2867 dialecticas
1088 2831 1372 2878 percalluerat
1381 2844 1395 2876 ;
1421 2835 1503 2868 tum
1531 2831 1649 2868 etiam
