2002 3342
539 675 590 721 L.
630 673 823 721 CINCII
861 671 1180 720 ALIMENTI
1217 670 1559 718 HISTORIAE

378 779 428 824 [1.
464 779 565 813 Mar.
592 778 724 812 Victor.
752 777 779 810 Ι
802 778 909 820 1123
931 776 979 809 K.
1020 774 1258 819 [Repertores
1290 773 1529 819 litterarum]
1581 771 1741 807 Cadmus
1773 783 1816 806 ex

282 831 471 866 Phoenice
497 831 535 865 in
562 829 757 865 Graeciam
785 831 823 863 et
848 828 1025 862 Euander
1051 828 1098 862 ad
1125 839 1191 862 nos
1219 826 1494 861 transtulerunt
1525 837 1547 860 a
1566 826 1589 860 b
1611 837 1630 860 c
1650 826 1674 859 d
1695 836 1714 859 e
1736 825 1784 870 [h]
1806 825 1818 858 i

281 885 306 919 k
328 887 340 920 l
360 897 395 919 m
415 897 439 919 n
460 895 480 919 ο
500 896 525 929 p
547 884 600 930 [q]
621 895 638 917 1·
659 895 674 916 s
694 885 711 917 t
729 895 755 917 u
781 882 946 924 litteras,
978 892 1131 915 numero
1164 893 1235 915 xv1.
1280 882 1412 925 postea
1443 880 1624 924 quasdam
1656 891 1678 914 a
1709 879 1818 913 Pala-

282 939 391 973 mede
411 940 449 973 et
468 937 561 972 alias
582 949 604 971 a
624 936 812 970 Simonide
833 935 998 970 adiectas
1019 934 1193 979 implesse
1213 945 1407 969 numerum
1426 946 1531 968 xxnn
1551 932 1605 980 [in
1626 932 1820 967 comoedia

283 992 463 1037 scriptum
501 992 582 1025 erat
621 989 784 1024 ‘ellum'z
824 999 898 1022 non
929 989 1029 1022 recte
1060 999 1127 1022 uos
1161 988 1301 1022 fecistis
1336 987 1490 1021 ‘illum’2
1530 988 1587 1021 est
1625 986 1722 1020 enim
1760 986 1854 1019 ‘en5

282 1045 435 1091 illum'.]
481 1043 733 1089 grammatici,
766 1043 961 1087 praeterea
987 1041 1196 1076 Demetrius
1223 1041 1441 1083 Phalereus,
1468 1040 1743 1082 Hermocrates,
1777 1049 1820 1073 ex

282 1099 418 1133 nostris
445 1100 571 1132 autem
598 1096 757 1138 Cincius,
783 1095 934 1138 Fabius,
966 1094 1107 1129 Gellius
1133 1095 1380 1129 tradiderunt.
1425 1104 1470 1128 ex
1495 1093 1630 1138 quibus
1657 1092 1820 1127 Cincius:

285 1152 466 1197 ‘paucis’,
503 1150 643 1194 inquit,
684 1149 960 1192 ‘commutatiS,
998 1150 1041 1182 ut
1079 1148 1127 1182 ad
1162 1148 1329 1193 linguam
1364 1149 1529 1181 nostram
1569 1146 1820 1191 peruenirent,

283 1205 434 1240 easdem
465 1215 557 1248 quas
585 1203 745 1238 Cadmus
773 1213 816 1237 ex
842 1202 1026 1236 Phoenice
1053 1202 1090 1235 in
1117 1201 1328 1243 Graeciam,
1360 1201 1447 1235 inde
1480 1201 1527 1235 ad
1555 1211 1622 1234 nos
1649 1199 1822 1233 Euander

283 1258 599 1303 transtulerunt'.]
1840 1264 1874 1289 10

384 1378 422 1412 1.
457 1377 608 1411 Mari-us
640 1375 850 1410 Victorinus
881 1375 940 1409 uel
966 1376 1014 1417 is,
1044 1385 1146 1418 quem
1171 1373 1230 1408 hic
1254 1374 1460 1417 exscripsit,
1494 1372 1613 1407 Cincii
1639 1372 1822 1416 Fabiique

285 1426 348 1468 (fr.
370 1428 408 1468 1)
435 1425 689 1459 auctoritatem
714 1424 868 1466 fortasse
893 1422 991 1456 debet
1014 1421 1130 1456 Gellio
1159 1421 1221 1463 (fr.
1241 1423 1292 1462 2).
1333 1425 1422 1455 certe
1447 1421 1543 1454 hunc
1568 1419 1611 1454 de
1636 1419 1759 1454 eadem
1784 1430 1821 1454 re

284 1484 393 1518 ayens
419 1474 507 1507 citat
533 1472 683 1506 Plinius
713 1473 745 1513 7,
768 1472 857 1505 192.-
883 1469 1041 1503 Litteras
1068 1479 1213 1512 semper
1239 1468 1398 1502 arbitror
1418 1467 1578 1511 Assyriis
1604 1466 1729 1508 fuisse,
1757 1466 1820 1500 sed

285 1520 351 1554 alii
377 1520 477 1564 apud
504 1518 712 1563 Aegyptios
740 1529 761 1551 a
786 1517 986 1558 Mercurio,
1026 1518 1069 1550 ut
1095 1515 1254 1557 Gellius,
1293 1515 1359 1550 alii
1393 1515 1493 1560 apud
1520 1514 1629 1559 Syros
1655 1515 1821 1558 repertas

284 1567 426 1602 uolunt.
472 1567 622 1610 utrique
654 1566 693 1599 in
727 1564 924 1600 Graeciam
960 1563 1131 1598 intulisse
1165 1575 1183 1597 e
1217 1562 1402 1598 Phoenice
1443 1562 1621 1597 Cadmum
1660 1561 1822 1596 sedecim

284 1626 448 1657 numero,
476 1613 611 1658 quibus
632 1613 793 1647 Troiano
820 1611 920 1646 bello
943 1611 1170 1645 Palameden
1197 1611 1379 1645 adiecisse
1405 1611 1584 1654 quattuor
1607 1609 1678 1643 hac
1704 1609 1823 1653 figura

288 1666 314 1697 Z
340 1665 371 1696 Τ
391 1665 420 1697 Φ
439 1665 487 1704 X,
527 1661 686 1695 totidem
718 1662 805 1705 post
837 1671 919 1693 eum
954 1659 1169 1693 Simoniden
1206 1658 1383 1693 melicum
1413 1659 1502 1696 ΨΞ
1521 1660 1554 1692 Ω
1579 1658 1626 1699 Θ,
1666 1667 1821 1700 quai-um

286 1710 450 1744 omnium
482 1709 539 1743 uis
572 1709 609 1742 in
642 1708 779 1742 nostris
808 1707 1098 1752 recognoscitur.
1126 1727 1168 1731 -—
1196 1706 1234 1739 in
1261 1706 1408 1740 Latium
1434 1716 1496 1739 eas
1524 1704 1730 1738 attulerunt
1755 1703 1822 1738 Pe-

285 1757 391 1802 lasgi.
436 1757 514 1791 uid.
543 1769 626 1801 app.
655 1756 704 1790 ad
733 1755 821 1790 Gezl.
849 1755 894 1797 fr.
917 1757 950 1789 2.
996 1755 1061 1789 Ea>
1086 1754 1205 1788 eodem
1230 1754 1330 1796 fonte
1354 1765 1398 1788 eoe
1426 1764 1495 1797 quo
1524 1753 1675 1787 Marius
1699 1752 1822 1786 hausit

289 1806 481 1840 DIaoeimus
509 1805 715 1839 Victorinus
735 1815 774 1847 p.
796 1805 866 1837 194
880 1803 928 1836 K.
938 1817 949 1835 .·
988 1801 1058 1843 Qui
1091 1801 1201 1845 primi
1230 1801 1441 1835 litterarum
1467 1801 1680 1834 inuentores
1707 1798 1822 1833 fuisse

287 1853 508 1887 traduntur?
560 1851 780 1891 Phoenices,
820 1849 992 1893 quamuis
1031 1848 1097 1883 alii
1135 1848 1324 1891 Assyrios,
1364 1847 1430 1882 alii
1462 1847 1686 1881 Mercurium
1722 1846 1822 1891 apud

287 1899 492 1945 Aegyptios
526 1899 713 1933 adserunt.
758 1898 796 1932 in
830 1897 1026 1931 Graeciam
1059 1898 1158 1931 certe
1191 1895 1369 1935 Cadmum
1402 1895 1624 1929 Phoenicem
1661 1893 1822 1928 sedecim

379 2019 422 2075 1,
459 2027 478 2061 1
528 2023 624 2060 Vide
661 2023 706 2060 de
743 2023 778 2060 72.
818 2022 841 2059 l.
879 2021 929 2060 A.
963 2021 1185 2058 Il'ilmamis
1220 2021 1282 2058 De
1318 2020 1506 2057 Varronis
1545 2020 1629 2057 libr.
1658 2030 1822 2066 mamm.

280 2097 320 2132 p.
346 2085 427 2121 121
444 2095 539 2131 sqq„
575 2082 641 2119 ubi.
668 2082 719 2119 acl
741 2081 930 2118 Varronis
957 2080 1171 2118 doctrinam
1198 2081 1373 2126 refertur.
1412 2079 1645 2128 Repertores
1671 2078 1823 2115 littera-

286 2156 374 2180 rum
393 2154 469 2190 pro
489 2143 714 2189 ylosscmate
739 2142 857 2179 habco
884 2140 1017 2187 (ctiam
1036 2139 1220 2186 Schadgs),
1246 2140 1325 2177 uid.
1346 2151 1566 2186 p.LXXX1'J.
1602 2138 1823 2175 lVilmauus

280 2206 371 2250 post
394 2202 620 2239 litterarum
639 2201 880 2239 intercidisse
902 2201 1124 2248 suspicatur
1145 2198 1333 2236 Chaldaei
1356 2194 1436 2249 (uel
1455 2192 1687 2247 Phoenices)
1710 2198 1823 2234 erant

291 2265 312 2299 2
341 2263 356 2299 i
375 2262 401 2298 k
422 2257 453 2312 l]
481 2261 506 2297 h
526 2261 540 2297 i
560 2261 586 2297 k
606 2261 815 2298 Palatinus
834 2260 1043 2297 Parisinus
1061 2259 1173 2296 7531
1196 2269 1292 2296 saec.
1309 2257 1452 2295 VIIII
1533 2258 1557 2293 4
1584 2256 1625 2293 in
1646 2255 1822 2293 comedia

288 2357 415 2394 Paris.
448 2356 488 2392 in
516 2334 738 2393 commgdia
763 2355 848 2392 Pal.
961 2354 984 2391 5
1012 2349 1149 2404 illum]
1178 2353 1298 2390 ellum
1324 2352 1451 2390 Paris.
1564 2352 1665 2388 4—ss
1693 2352 1733 2387 in
1761 2362 1823 2387 co-

289 2415 565 2454 moedia—en
597 2414 724 2451 illum.
764 2413 1016 2464 grammatici
1050 2414 1259 2462 praeterea
1294 2413 1392 2449 delet
1421 2411 1604 2449 Liebaldt
1637 2411 1683 2448 de
1717 2409 1821 2448 Oine.

282 2488 324 2523 p.
346 2477 415 2519 20,
441 2474 482 2511 in
509 2473 833 2512 comoedia—en
858 2473 973 2510 illum
999 2473 1119 2510 Hertz
1146 2473 1191 2509 (le
1215 2472 1318 2510 Ciuc.
1339 2484 1381 2519 p.
1406 2471 1470 2508 59.
1508 2482 1579 2508 uos
1606 2471 1822 2516 interpunc-

290 2536 425 2571 tionem
454 2535 609 2571 omniuo
635 2533 863 2570 sustulimus
882 2535 973 2580 post
990 2531 1166 2578 XXIIII,
1192 2532 1440 2569 distinximus
1459 2532 1550 2578 post
1573 2529 1823 2567 tradiderunt

291 2594 363 2640 (sic
385 2594 498 2631 ctiam
517 2593 626 2640 Keil)
715 2593 737 2629 6
765 2587 990 2642 praeterea]
1017 2594 1087 2628 aut
1112 2591 1325 2629 eiciendum
1351 2592 1419 2628 aut
1443 2590 1649 2636 uestiyium
1670 2588 1824 2625 uidetur

292 2665 370 2690 esse
395 2653 662 2690 historicorum
687 2652 932 2699 quorundam
949 2651 1214 2698 yrammaticis
1227 2650 1537 2697 praemissorum
1564 2647 1822 2687 Wilmauusio

290 2712 500 2750 Phalereos
514 2711 598 2750 Pal.
613 2712 741 2749 Paris.
829 2712 850 2747 7
875 2710 1016 2759 quibus
1038 2708 1193 2747 Cintius
1207 2709 1335 2746 Paris.
1411 2710 1434 2746 8
1457 2708 1713 2745 conuenirent
1728 2706 1823 2744 Wil-

290 2783 432 2809 mauus
555 2772 577 2808 9
613 2782 677 2808 eas
703 2783 876 2818 namque
902 2770 994 2808 libri
1026 2768 1182 2806 easdem
1209 2780 1308 2816 quas
1339 2769 1568 2815 scripsimus
1642 2765 1822 2803 Greciam

291 2831 419 2868 Paris.
523 2830 625 2866 unde
652 2830 757 2867 codd.
790 2829 881 2867 inde
906 2829 1134 2876 scripsimus
1161 2828 1294 2874 (etiam
1318 2826 1489 2874 Sehady)
1615 2826 1668 2864 10
1696 2827 1821 2862 trans-

292 2890 440 2927 tulerat
466 2890 569 2936 uulgi.
