2002 3342
290 215 349 246 XC
623 201 686 236 DE
714 200 1020 236 SCRIPTORVM
1045 199 1169 235 VITIS
1196 200 1258 234 ET
1285 200 1493 236 SCRIPTIS

291 314 409 351 etiam
437 313 560 363 magis
588 312 797 350 Fabiorum
825 312 1087 350 inconstantia
1114 313 1153 349 in
1182 313 1239 350 rei
1260 324 1296 362 p.
1318 311 1649 350 administrandae
1670 313 1821 351 ratione

290 377 537 416 offendimur.
578 389 665 415 nam
689 376 826 415 Liuius
847 382 1053 427 postquam
1081 378 1166 414 eius
1194 378 1322 426 gentis
1349 376 1574 427 superbiam
1596 389 1711 427 saepe
1734 389 1822 415 cum

290 441 558 493 indignatione
586 441 752 492 quadam
778 442 995 491 castigauit,
1023 446 1192 479 mutatos
1214 440 1343 479 subito
1364 440 1410 479 M.
1432 440 1542 479 Fabii
1562 441 1822 492 popularitate

290 508 442 545 animos
481 506 615 558 populi
657 518 743 544 esse
784 507 894 556 quasi
935 505 1062 544 dedita
1102 517 1218 556 opera
1259 505 1353 543 dicit
1390 502 1605 560 dicitquel)
1643 505 1822 557 cladique

291 571 540 610 Cremerensi
574 571 778 622 gentilium
812 570 1028 609 uirtutibus
1063 570 1272 621 descriptis
1307 570 1379 609 hac
1416 570 1587 609 clausula
1624 571 1824 622 praefatur

290 634 341 689 (c.
368 635 437 688 47,
468 634 558 690 12);
603 639 699 676 inde
720 639 946 686 populares
978 640 1057 675 iam
1091 648 1174 675 esse
1200 637 1321 675 Fabii
1352 648 1428 675 nec
1459 637 1535 675 hoc
1564 639 1647 675 ulla
1674 649 1721 675 re
1747 639 1826 676 nisi

287 704 446 741 salubre·
477 706 540 741 rei
561 704 757 752 publicae
789 707 889 740 arse.
941 701 1077 739 eadem
1111 706 1192 739 arte
1226 702 1454 739 inimicitias
1488 701 1694 752 explicuit,
1728 713 1824 752 quas

289 766 399 805 Fabii
426 772 465 805 et
485 767 637 805 Claudii
657 769 761 805 inter
782 779 823 804 se
845 765 1045 816 gerebant,
1073 778 1169 816 quas
1190 767 1266 804 iam
1287 765 1419 804 Pictor
1440 765 1705 817 descripserat
1726 763 1823 819 (uid.

289 844 407 883 supra
435 846 470 883 p.
492 842 520 870 L
536 828 653 885 sqq).
699 833 806 882 atqui
828 831 1003 869 Licinius
1024 830 1155 869 Macer
1176 832 1215 868 in
1236 830 1398 869 historia
1427 843 1495 869 sua
1516 830 1555 869 id
1577 833 1667 882 egit,
1693 836 1737 870 ut
1756 844 1824 869 no-

289 896 429 935 bilitati
457 897 707 948 obtrectaret,
734 896 963 947 popularem
992 901 1120 934 autem
1150 908 1308 934 causam
1334 895 1565 934 inlustraret
1585 902 1701 947 atque
1723 896 1823 935 cele-

288 962 432 1013 braret,
460 962 696 1013 Liuiumque
724 963 764 1000 in
792 962 1043 1000 contentione
1070 966 1224 1012 patrum
1260 966 1299 999 et
1329 960 1456 1012 plebis
1483 961 1678 1000 narranda
1704 961 1824 1000 multa

289 1040 335 1066 ex
364 1040 408 1066 eo
435 1033 656 1066 mutuatum
683 1039 771 1065 esse
798 1027 897 1065 infra
925 1026 1106 1077 pluribus
1134 1039 1375 1077 exponemus
1394 1028 1568 1077 itemque
1588 1027 1677 1065 ueri
1698 1027 1824 1065 simile

289 1105 376 1131 esse
414 1094 455 1131 in
495 1105 538 1131 ea
581 1092 739 1143 Fabios,
778 1091 1014 1143 quibuscum
1054 1091 1195 1130 Licinii
1240 1091 1435 1142 quondam
1475 1093 1590 1130 etiam
1637 1092 1824 1131 affinitate

289 1160 491 1197 coniuncti
523 1159 695 1208 fuerant,
731 1158 932 1208 principes
965 1156 1188 1195 moderatae
1223 1158 1403 1195 factionis
1437 1162 1661 1196 senatorum
1690 1157 1825 1208 fuisse,

290 1222 472 1262 Claudios
497 1222 757 1274 implacabilis
783 1221 967 1273 plebique
995 1222 1172 1273 infestae,
1198 1227 1242 1261 ut
1267 1222 1363 1260 haec
1390 1234 1527 1260 eorum
1554 1222 1642 1261 odio
1662 1223 1823 1261 incensa

289 1290 406 1327 etiam
438 1290 547 1327 uinci
579 1287 625 1326 ab
659 1287 839 1326 hostibus
871 1287 1015 1325 mallet.
1061 1288 1154 1325 citat
1191 1292 1321 1325 autem
1360 1286 1470 1325 illum
1504 1287 1641 1326 Liuius
1678 1288 1825 1338 septies

288 1355 327 1391 in
354 1355 481 1404 prima
516 1352 659 1392 decade
692 1365 849 1403 unoque
882 1352 984 1403 locO,
1020 1357 1063 1390 ut
1096 1352 1236 1390 famam
1263 1351 1457 1402 quandam
1485 1351 1616 1391 Fabiis
1648 1353 1825 1403 iniquam

289 1419 434 1457 refutet
456 1416 543 1471 (10,
559 1415 597 1468 9,
617 1415 681 1456 10.
704 1418 748 1456 fr.
768 1414 851 1471 19),
880 1429 995 1468 quam
1018 1418 1135 1455 etiam
1155 1416 1270 1468 paulo
1290 1422 1379 1467 post
1400 1417 1595 1467 significat
1614 1413 1666 1469 (c.
1684 1415 1750 1468 11,
1766 1414 1824 1470 9).

288 1485 420 1534 itaque
442 1496 512 1534 per
532 1483 729 1521 Licinium
750 1482 870 1521 multa
899 1495 944 1521 ex
965 1482 1132 1520 Pictoris
1154 1482 1316 1520 historia
1336 1483 1376 1520 in
1398 1494 1513 1521 suum
1535 1495 1632 1533 opus
1653 1488 1823 1521 transtu-

288 1548 382 1587 lisse
410 1544 625 1601 uidetu1·2),
652 1547 844 1599 quaedam
871 1559 967 1586 uero
996 1560 1041 1586 ex
1068 1547 1140 1585 hac
1161 1549 1256 1598 ipsa,
1284 1559 1448 1598 eamque
1470 1552 1645 1586 extremo
1667 1547 1825 1586 demum

287 1613 387 1652 libro
415 1620 553 1653 octauo
580 1614 682 1652 fastu
709 1614 794 1652 eius
827 1613 965 1663 gentili
991 1613 1165 1651 offensus
1199 1614 1440 1664 seposuisse,
1468 1612 1824 1664 comprobaturque

289 1692 331 1718 ea
360 1681 492 1730 opinio
518 1678 678 1717 Diodori
704 1680 894 1717 memoria
922 1683 1157 1729 comparata.

377 1745 420 1783 In
454 1745 574 1784 altera
609 1743 753 1783 decade
786 1756 864 1782 11011
898 1743 1121 1795 neglectum
1155 1755 1242 1782 esse
1269 1742 1432 1781 Fabium
1459 1756 1478 1781 a
1506 1743 1618 1781 Liuio
1648 1742 1739 1781 inde
1766 1745 1824 1782 in-

287 1810 504 1861 tellegitur,
544 1809 647 1861 quod
680 1808 844 1848 Orosius
878 1814 916 1848 et
948 1809 1160 1859 Eutropius
1189 1808 1253 1861 (fr.
1276 1804 1352 1861 23)
1393 1808 1542 1847 eisdem
1576 1809 1658 1847 fere
1691 1808 1825 1847 uerbis

288 1875 451 1914 Fabium
483 1876 717 1914 historicum
752 1874 798 1913 de
830 1873 945 1913 bellis
978 1873 1137 1912 Gallicis
1169 1873 1339 1912 laudant.
1394 1873 1440 1912 de
1473 1875 1587 1912 tertia
1620 1875 1660 1912 in
1688 1885 1825 1912 eorum

288 1942 524 1980 sententiam
562 1941 727 1991 inclino,
767 1941 838 1990 qui
870 1939 1072 1991 Polybium
1107 1945 1145 1978 et
1178 1939 1351 1980 Coelium
1378 1938 1626 1990 Antipatrum
1659 1951 1679 1977 a
1712 1939 1824 1978 Liuio

288 2007 575 2044 contaminatos
596 2018 774 2057 quaeque
796 2018 841 2044 ex
862 2005 928 2043 illo
949 2006 1142 2056 originem
1164 2017 1241 2043 non
1264 2003 1422 2055 ducunt,
1444 2005 1651 2043 maximam
1672 2011 1824 2055 partem

288 2071 335 2109 ad
361 2071 466 2110 hunc
493 2070 700 2109 referenda
728 2083 815 2109 esse
837 2076 1011 2109 censent.
1057 2069 1177 2108 multa
1204 2071 1326 2121 igitur
1350 2069 1519 2108 Fabiana
1541 2071 1659 2108 etiam
1686 2071 1726 2108 in
1752 2069 1824 2108 1136

288 2136 391 2188 3Ρο(1
418 2136 575 2175 Liuium
608 2141 762 2174 exstare
796 2137 992 2187 sequitur,
1026 2136 1209 2186 quoniam
1243 2136 1283 2173 in
1311 2134 1433 2173 Coelii
1465 2134 1692 2173 auctoribus
1725 2136 1824 2173 anti-

288 2203 503 2253 quissimus
541 2201 606 2240 ille
645 2201 852 2253 ponendus
891 2206 961 2240 est.
1012 2203 1052 2239 in
1093 2200 1335 2239 dubitatione
1374 2206 1504 2238 tamen
1541 2201 1658 2239 etiam
1693 2201 1824 2251 ipsum

288 2267 425 2305 Liuius
458 2268 640 2318 inspexit.
691 2279 782 2305 nam
809 2264 877 2317 22,
900 2264 937 2317 7,
957 2264 985 2304 4
1012 2263 1079 2319 (fr.
1099 2262 1175 2319 26)
1209 2278 1250 2304 se
1284 2267 1323 2304 in
1357 2277 1522 2304 numero
1556 2277 1692 2303 eorum
1730 2264 1823 2304 defi-

287 2332 445 2383 niendo,
472 2334 539 2383 qui
566 2331 614 2370 ad
634 2332 762 2370 lacurn
782 2331 1099 2370 Trasumennum
1126 2331 1326 2370 interfecti
1346 2332 1436 2381 sint,
1463 2331 1644 2379 Fabium,
1672 2342 1822 2379 aequa-

385 2436 417 2478 1)
445 2438 476 2478 2,
498 2438 554 2477 42,
575 2437 613 2468 8:
642 2435 681 2468 F
681 2435 804 2469 abiam
825 2434 909 2468 inde
929 2445 1058 2469 nomeu
1077 2435 1205 2479 inyens
1218 2438 1302 2478 post
1321 2438 1392 2468 tres
1410 2434 1600 2468 continuos
1613 2433 1824 2468 consulatus

286 2499 429 2532 unoque
443 2489 541 2523 uelut
556 2492 674 2523 tenore
688 2499 807 2522 omnes
821 2492 983 2532 expertos
996 2488 1205 2522 tribuniciis
1218 2487 1476 2521 certaminibus
1488 2486 1662 2520 habitum.
1688 2485 1823 2520 deinde

287 2541 353 2584 eis,
382 2552 476 2585 quae
497 2543 713 2585 sequuntur,
741 2541 833 2575 talia
852 2541 1042 2585 inspersit:
1070 2541 1233 2575 Fabium
1251 2551 1392 2582 nomen,
1412 2540 1536 2574 Fabia
1560 2550 1646 2584 qens
1665 2540 1822 2573 maxime

287 2596 418 2629 enituit
439 2597 482 2638 (c.
504 2598 561 2638 45,
584 2596 659 2639 16),
686 2596 781 2629 inter
799 2596 979 2638 primores
1002 2604 1116 2639 genus
1137 2593 1298 2628 Fabium
1318 2593 1461 2638 insiyne
1485 2593 1687 2636 spectaculo
1706 2603 1820 2626 exem-

283 2649 414 2693 ploque
439 2648 582 2683 ciuibus
608 2652 685 2682 erat
711 2650 754 2692 (c.
777 2651 832 2691 46,
853 2649 899 2692 4),
926 2646 1074 2681 similia.

383 2703 417 2745 2)
443 2700 477 2734 N
481 2700 767 2735 ecessitudinem
788 2700 978 2744 quandam
998 2700 1095 2734 inter
1108 2699 1304 2741 Pictorem,
1325 2698 1518 2741 Licinium,
1539 2697 1686 2732 Liuium
1707 2697 1820 2732 inter-

287 2755 416 2789 cedere
443 2756 543 2788 recbe
570 2754 699 2788 Soltau
727 2755 813 2789 Liu.
840 2765 875 2798 p.
900 2757 966 2787 119
982 2765 1061 2797 sqq.
1087 2752 1289 2797 perspexit,
1316 2751 1415 2785 ultra
1441 2763 1571 2785 uerum
1590 2753 1717 2785 tamen
1737 2762 1821 2795 pro-

288 2819 446 2853 gressus,
473 2807 572 2852 quod
598 2819 633 2851 p.
655 2811 674 2841 S
703 2807 870 2849 Fabium,
898 2806 1076 2849 Cincium,
1103 2805 1294 2849 Catonem,
1314 2805 1488 2849 Acilium,
1509 2804 1683 2847 Gellium,
1705 2804 1821 2838 Tudi-

285 2863 417 2895 tanum
443 2860 548 2895 Liuio
575 2872 620 2895 ne
648 2862 754 2895 notos
780 2859 931 2904 quidem
956 2859 1071 2894 fuisse
1096 2858 1214 2903 ponit.
