2002 3342
814 661 1042 709 FABIVS
1082 660 1316 709 PICTOR

599 769 690 814 Qvi
722 769 954 807 LATINos
987 769 1239 807 ANNALES
1275 768 1532 807 ooND1D1T

384 857 510 895 Vnum
544 856 713 908 aliquem
747 857 829 895 Ser.
862 856 1025 896 Fabium
1060 858 1255 896 Pictorem
1296 858 1498 909 aequalem
1539 858 1669 897 Seruii
1701 858 1829 897 Fuluii

296 918 490 974 (consulis
521 919 615 961 135.
641 918 746 976 619)
776 935 853 960 non
882 922 1007 961 solum
1035 922 1226 961 disertum
1254 922 1322 961 sed
1351 924 1466 961 etiam
1494 924 1592 962 iuris
1620 929 1658 962 et
1683 923 1830 962 littera·

296 1000 383 1026 rum
411 994 449 1026 et
469 989 713 1038 antiquitatis
734 987 834 1026 bene
855 989 1026 1038 peritum
1054 988 1188 1038 fuisse,
1216 988 1333 1026 alium
1356 993 1486 1026 autern
1509 988 1683 1027 eiusdem
1706 990 1830 1027 nomi-

294 1054 356 1090 nis
378 1058 416 1091 et
441 1054 685 1103 cognominis
706 1052 842 1091 eadem
870 1053 950 1091 sere
971 1058 1096 1091 aetate
1126 1053 1284 1092 Latinos
1306 1053 1463 1091 annales
1486 1053 1709 1092 condidisse
1737 1066 1830 1105 quo-

295 1119 399 1156 niam
416 1117 552 1156 Cicero
575 1123 742 1156 testatur
759 1114 857 1170 (uid.
874 1130 990 1168 supra
1008 1127 1236 1169 p.LXXV111
1252 1114 1368 1172 sqq),
1384 1118 1487 1156 idem
1503 1118 1658 1170 Fabius,
1673 1118 1711 1157 id
1727 1118 1830 1170 quod

294 1185 370 1223 iam
393 1182 542 1221 Nonius
564 1179 619 1235 (p.
635 1180 733 1233 518,
754 1182 833 1222 uid.
854 1184 955 1221 infra
976 1196 1011 1234 p.
1030 1180 1202 1236 CLXXV)
1227 1185 1373 1234 statuit,
1396 1189 1433 1222 et
1454 1189 1497 1222 ut
1517 1185 1655 1234 proaui
1675 1183 1830 1222 laudem

295 1248 451 1287 Catonis
473 1248 608 1286 Latina
635 1248 799 1287 historia
827 1248 1075 1287 obscuratam
1104 1248 1404 1299 redintegraret,
1431 1248 1567 1286 Latine
1595 1248 1753 1287 annales
1781 1254 1830 1300 et,

294 1320 337 1352 ut
363 1313 674 1352 adulescentium
699 1314 905 1364 gentilium
929 1313 975 1351 ad
997 1313 1214 1352 sacerdotia
1237 1315 1495 1364 aspirantium
1518 1313 1717 1352 doctrinae
1739 1327 1829 1352 con-

294 1379 458 1429 suleret,
497 1379 542 1417 de
578 1380 662 1417 iure
695 1379 897 1429 pontificio
931 1379 1052 1417 libros
1085 1380 1293 1429 scripsisse
1321 1378 1498 1424 uidetur,
1531 1380 1643 1417 cuius
1670 1378 1828 1430 quidem

293 1444 497 1482 historiam
525 1443 763 1482 inconditam
792 1444 913 1482 fuisse
942 1443 1045 1495 quod
1072 1443 1217 1482 Fronto
1244 1440 1299 1497 (p.
1326 1442 1408 1481 114
1429 1439 1493 1496 Ν.)
1521 1443 1679 1482 Latinos
1710 1444 1829 1482 histo-

293 1511 395 1548 ricos
424 1522 639 1548 recensens
666 1509 867 1559 iudicauit,
898 1522 975 1547 non
1002 1508 1252 1561 mirabimur,
1286 1521 1374 1547 nam
1403 1514 1491 1547 ante
1520 1508 1694 1548 Coelium
1721 1511 1829 1547 Anti-

292 1580 447 1625 patrum
475 1574 612 1625 gentili
639 1574 767 1613 studio
797 1575 937 1613 ductus
965 1576 999 1612 ei
1027 1586 1169 1625 operae
1198 1587 1238 1612 se
1267 1575 1501 1613 accinxerat.

382 1640 609 1690 Inscriptio,
637 1641 670 1677 si
698 1639 822 1677 Nonio
849 1638 912 1692 (fr.
935 1636 980 1693 3)
1009 1639 1126 1678 fidem
1152 1639 1292 1690 habes,
1321 1638 1469 1678 ‘rerum
1496 1646 1695 1690 gestarum
1721 1638 1827 1678 libri’

292 1706 412 1744 fuisse
446 1705 622 1756 uidetur,
656 1706 688 1743 si
716 1704 839 1743 Gellio
873 1704 937 1757 (fr.
961 1703 1018 1758 6),
1047 1703 1251 1744 ‘annales'.
1297 1705 1352 1743 Ex
1386 1704 1498 1743 libris
1534 1707 1618 1744 eius
1654 1705 1830 1744 adfertur

292 1772 455 1822 primus,
477 1783 552 1821 quo
574 1771 686 1808 initia
708 1770 817 1809 urbis
840 1776 1080 1820 narrauerat,
1102 1776 1140 1808 et
1161 1776 1336 1821 quartuS,
1359 1783 1434 1821 quo
1455 1783 1581 1821 usque
1609 1769 1656 1808 ad
1677 1783 1708 1808 a.
1730 1768 1827 1809 367.

292 1834 376 1875 387
405 1848 640 1887 progressus
668 1841 762 1874 erat.
802 1835 1019 1886 Perexigua
1046 1837 1132 1874 eius
1160 1837 1377 1886 fragmenta
1405 1841 1564 1886 praeter
1590 1847 1725 1886 unum,
1752 1848 1827 1886 quo

292 1901 366 1940 duo
388 1901 498 1940 Fabii
526 1913 546 1939 a
568 1900 757 1939 Cicerone
786 1902 1080 1952 coniunguntur
1107 1897 1173 1954 (fr.
1195 1898 1221 1938 5
1242 1901 1321 1939 uid.
1342 1914 1378 1952 p.
1400 1897 1627 1953 LXXXVII),
1655 1914 1674 1939 a
1702 1902 1828 1952 scrip-

290 1966 460 2017 toribus,
497 1967 564 2017 qui
591 1966 832 2011 Quintiliano
861 1967 1101 2005 recentiores
1130 1971 1246 2016 sunt,
1276 1972 1431 2004 seruata
1459 1971 1567 2016 sunt,
1603 1965 1755 2016 singula
1782 1965 1828 2004 ab

290 2033 375 2084 ipso
403 2031 643 2077 Quintiliano
668 2028 745 2085 (2),
771 2045 791 2070 a
819 2031 943 2070 Gellio
972 2028 1048 2084 (6),
1077 2044 1097 2070 a
1124 2031 1249 2070 Nonio
1272 2028 1349 2084 (3),
1378 2030 1453 2069 duo
1481 2043 1501 2069 a
1529 2031 1668 2070 Seruio
1689 2027 1747 2084 (1.
1769 2027 1827 2085 4),

291 2110 337 2136 ex
365 2097 508 2148 quibus
536 2099 630 2148 quin
656 2097 733 2135 huc
760 2099 985 2148 pertincant
1011 2097 1055 2135 fr.
1077 2095 1103 2135 2
1131 2104 1169 2135 et
1195 2097 1233 2147 ὃ,
1264 2096 1433 2135 dubitari
1460 2109 1538 2135 non
1564 2102 1705 2147 potest,
1739 2110 1827 2136 cum

291 2176 336 2201 ex
358 2162 476 2201 Fabio
497 2163 651 2201 Pictore
673 2164 757 2213 ipsa
778 2162 913 2201 Latina
934 2162 1055 2200 uerba
1077 2162 1316 2212 adferantur,
1337 2174 1410 2200 nec
1432 2163 1524 2212 quin
1548 2162 1593 2200 fr.
1614 2160 1642 2200 4
1663 2161 1827 2200 Seruius

290 2228 353 2266 uel
375 2229 600 2279 quicunque
623 2229 708 2266 eius
730 2233 866 2266 auctor
887 2228 970 2278 suit,
999 2240 1046 2266 ex
1072 2227 1220 2266 Latinis
1242 2226 1351 2265 Fabii
1373 2226 1579 2265 annalibus
1601 2228 1826 2278 sumpserit.

290 2306 406 2344 quem
435 2306 523 2332 cum
551 2293 672 2332 altero
700 2293 802 2343 loco,
841 2292 909 2331 ubi
935 2292 1046 2331 Fabii
1073 2293 1315 2331 mentionem
1349 2293 1442 2330 fecit
1467 2290 1533 2344 (fr.
1558 2291 1619 2342 1),
1659 2291 1827 2330 eundem

290 2358 454 2397 Fabium
482 2358 725 2397 intellexisse
753 2359 840 2397 ueri
867 2358 995 2396 simile
1023 2363 1144 2408 esset,
1180 2357 1254 2396 hoc
1281 2362 1412 2396 autem
1440 2356 1524 2395 loco
1552 2356 1714 2395 Fabium
1741 2357 1826 2395 Pic-

291 2429 415 2462 torem
448 2420 544 2476 (qua
580 2436 621 2462 re
661 2423 706 2462 de
743 2423 861 2461 Fabio
899 2422 1119 2461 Seruiliano
1157 2423 1328 2473 cogitare
1364 2418 1566 2476 uetamur)
1603 2422 1826 2474 appellaret,

288 2494 500 2540 utrumque
538 2489 581 2527 fr.
616 2489 662 2527 ad
698 2489 769 2527 hos
804 2488 915 2527 Fabii
950 2488 1118 2527 Pictoris
1154 2488 1314 2527 Latinos
1350 2488 1510 2526 annales
1544 2484 1824 2542 rettulimus.¹)

290 2552 403 2591 Gellii
430 2553 559 2591 locum
587 2549 603 2598 (
608 2554 651 2591 fr.
675 2549 720 2607 6)
749 2553 968 2592 Seruiliano
995 2553 1201 2592 uindicare
1229 2553 1380 2592 studuit
1407 2566 1495 2592 cum
1522 2552 1687 2591 Krausio
1714 2565 1749 2604 p.
1768 2551 1824 2591 48

288 2618 347 2656 Du
373 2618 471 2657 Rieu
498 2631 534 2669 p.
556 2616 659 2669 397,
696 2618 813 2669 idque
841 2631 927 2657 eam
954 2618 1002 2657 ob
1030 2631 1206 2669 causam,
1241 2617 1345 2669 quod
1372 2617 1519 2657 Gellius
1546 2619 1690 2657 ceteris
1717 2618 1825 2670 locis,

385 2746 418 2787 1)
446 2743 654 2778 Fatendum
682 2745 807 2778 tamen
834 2746 891 2778 est:
910 2744 998 2779 inde
1018 2744 1118 2788 quod
1144 2743 1186 2778 fr.
1212 2748 1229 2778 1
1257 2743 1365 2778 Fabii
1384 2743 1541 2778 Pictoris
1564 2744 1824 2778 auctoritatem

288 2797 482 2832 coniunxit
508 2808 591 2831 cum
616 2797 890 2841 pontificalium
916 2797 1097 2832 librorum
1123 2797 1322 2839 mentione,
1351 2797 1601 2841 suspicionem
1627 2797 1748 2840 nasei,
1779 2808 1825 2831 ne

288 2851 401 2884 etiam
427 2850 497 2885 hoc
524 2862 567 2884 ex
594 2851 700 2885 Fabii
726 2851 882 2885 Pictoris
909 2851 1000 2885 iuris
1025 2850 1206 2895 pontificii
1232 2849 1338 2884 libris
1365 2850 1584 2885 manauerit.
