2002 3342
300 216 407 246 CLVI
631 203 693 237 DE
724 202 1032 237 SCRIPTORVM
1058 203 1182 238 VITIS
1209 203 1270 238 ET
1297 203 1503 239 SCRIPTIS

298 314 455 353 Catonis
488 313 609 352 uerba
638 313 827 364 quaedam
856 315 1168 365 expiscaremur,
1201 308 1357 353 tametsi
1384 315 1484 354 leuis
1511 321 1602 354 sunt
1631 318 1834 356 momenti.

298 381 336 417 111
364 379 455 417 libri
483 381 588 417 enim
617 380 746 417 oetaui
778 378 908 417 indice
936 384 1023 430 post
1048 379 1273 418 Mucianum
1301 385 1338 418 et
1364 380 1594 431 Prociliuin,
1628 382 1695 432 qui
1720 383 1829 432 prin-

297 447 406 495 cipes
434 450 543 495 sunt,
577 444 615 482 hi
643 450 824 483 auctores
852 450 1069 495 ponuntur:
1097 445 1257 483 Verrius
1285 444 1464 496 Flaccus,
1491 445 1531 484 L.
1552 445 1658 496 Piso,
1686 445 1833 485 Corne-

298 510 372 548 lius
405 509 652 560 Valerianus,
690 509 782 548 Cato
816 509 1045 561 Censorius,
1078 510 1315 561 Fenestella,
1343 510 1504 561 Trogus.
1551 513 1658 562 atqui
1691 524 1737 550 ex
1770 511 1835 549 his

298 575 458 613 Verrius
486 574 649 612 Flaccus
676 580 714 613 et
741 574 781 613 L.
802 574 892 613 Piso
920 587 1068 626 paragr.
1096 573 1147 613 17
1177 576 1408 614 nominatim
1435 575 1676 626 adseruntur,
1708 576 1832 615 Fene-

297 639 407 677 stella
441 652 476 690 p.
502 637 575 678 19:
612 652 704 690 ergo
737 653 773 690 p.
798 638 850 679 18
884 653 955 678 nos
989 640 1160 678 Cornelii
1187 640 1382 679 Valeriani
1408 646 1447 679 et
1478 638 1679 695 Catonis1)
1710 641 1833 680 uerba

298 704 443 743 habere
472 706 661 755 sequitur.
701 706 799 744 fines
826 711 956 744 autem
984 705 1097 743 facile
1125 707 1398 744 terminantur,
1438 705 1611 757 loquitur
1631 708 1735 745 enim
1756 705 1832 744 Pli-

298 771 387 808 nius
419 769 485 807 illo
513 769 597 808 loco
627 769 672 809 de
700 770 934 821 elephantis,
963 772 1029 821 qui
1054 771 1221 809 uictoria
1250 770 1289 809 L.
1311 770 1456 810 Metelli
1480 772 1679 823 pontificis
1705 773 1745 810 in
1774 771 1836 810 Si-

297 835 385 873 cilia
420 834 466 873 de
502 835 644 874 Poenis
677 837 781 886 capti
817 837 907 874 sint.
952 836 1022 874 hos
1056 835 1271 874 tradiderat
1303 835 1480 887 Verrius,
1521 849 1609 875 cum
1648 838 1689 875 in
1728 838 1838 875 circo·

300 905 557 951 pugnassent,
585 901 815 939 interfectos
843 913 946 951 esse,
984 900 1024 939 L.
1046 901 1135 939 Piso
1164 898 1363 940 ‘inductos
1390 903 1429 939 in
1458 903 1607 940 circum
1633 907 1766 952 atque,
1793 906 1839 939 ut

300 971 552 1016 contemptus
589 978 725 1004 eorum
759 967 1018 1016 incresceret,
1050 965 1097 1004 ab
1125 967 1315 1017 operariis
1347 967 1478 1005 hastas
1507 966 1742 1018 praepilatas
1769 967 1836 1004 ha·

300 1030 483 1069 bentibus
517 1043 588 1082 per
622 1032 772 1069 circum
805 1037 929 1070 totum
963 1029 1097 1070 actos?
1145 1031 1285 1070 deinde
1320 1033 1376 1070 sic
1408 1034 1603 1083 pergitur:
1636 1045 1711 1072 nec
1737 1033 1843 1081 quid

298 1097 446 1135 deinde
472 1099 521 1135 lis
544 1097 705 1145 sactum
724 1100 776 1135 sit
797 1102 984 1136 auctores
1005 1100 1213 1146 explicant
1234 1100 1303 1146 qai
1322 1109 1401 1136 non
1412 1103 1565 1147 putant
1586 1098 1836 1147 interfectos.

297 1158 425 1212 (18.)
458 1162 580 1200 Clara
608 1168 665 1200 est
692 1165 813 1201 anias
839 1175 860 1201 e
886 1163 1082 1201 Romanis
1108 1164 1316 1202 de‘me'cate'o
1344 1165 1543 1202 aduersas
1569 1165 1838 1212 elephantum,

301 1238 389 1264 cam
411 1227 622 1266 Hannibal
646 1230 830 1276 captiuos
856 1234 1013 1266 nostros
1035 1229 1232 1266 dimicare
1253 1230 1360 1267 inter
1378 1240 1464 1267 sese
1485 1231 1688 1277 coeytsset.
1722 1240 1834 1266 aam-

301 1304 378 1339 qae
405 1304 528 1331 anam
555 1295 625 1341 qul
649 1298 866 1341 supererat
898 1294 1044 1331 obieci!
1077 1294 1306 1342 elephanto,
1339 1299 1376 1332 et
1402 1295 1468 1332 ille
1501 1295 1648 1332 dimitte·
1670 1298 1838 1342 pactus,

297 1359 334 1396 se·
354 1360 632 1406 interemisset,
652 1360 759 1396 solus
780 1360 819 1396 in
841 1359 1000 1396 harena
1022 1369 1262 1407 conqressas
1280 1370 1426 1407 mayno
1449 1360 1674 1397 Poenorum
1696 1360 1840 1397 dolore

301 1423 488 1471 confecit.
527 1423 739 1462 Hannibal
763 1435 852 1461 eum
876 1423 1030 1472 famam
1057 1426 1144 1462 eius
1171 1425 1444 1462 dimicationes
1471 1430 1735 1473 contemptum
1763 1424 1835 1461 ad·

300 1490 478 1526 laturam
512 1490 639 1527 beluis
666 1491 933 1537 intelleyeret‚
967 1492 1120 1537 equites
1145 1492 1270 1537 misit,
1301 1492 1371 1537 qui
1397 1491 1606 1528 abeuntem
1634 1491 1834 1536 interfice-

302 1560 403 1592 rent.
429 1555 715 1603 proboscidem
742 1566 879 1593 eoram
902 1555 1101 1604 facillime
1121 1557 1327 1603 [tammari
1348 1556 1475 1604 Pyrri
1490 1557 1744 1604 proeliorum
1765 1566 1837 1593 ex-

292 1621 534 1667 perimentis
558 1622 709 1668 patuit.
756 1620 911 1659 Romae
935 1632 1144 1669 pafflzasse
1171 1621 1393 1659 Fenestella
1427 1622 1553 1659 tradit
1586 1625 1624 1658 et
1656 1632 1691 1670 q.
1719 1632 1748 1658 s.
1788 1631 1834 1657 ex

301 1683 435 1722 uerbis
462 1697 557 1723 uero
579 1684 686 1723 hisce
708 1686 833 1736 prima
855 1698 930 1724 uec
951 1687 1052 1734 qaid
1071 1687 1218 1724 cleinae
1242 1707 1295 1712 —
1319 1686 1554 1735 interfectos
1575 1686 1699 1736 ipsius
1719 1684 1839 1723 Plinii

301 1756 394 1788 sunt
429 1762 558 1800 neque
595 1751 797 1801 pertinent
833 1750 879 1788 ad
916 1752 1188 1801 quaestionem
1221 1757 1413 1803 nostram3
1450 1752 1490 1788 in
1525 1752 1668 1789 ceteris
1700 1755 1835 1801 aperte

302 1814 400 1854 duae
429 1815 609 1854 diuersae
637 1828 700 1854 res
729 1821 990 1866 exponuntur,
1018 1828 1182 1866 quarum
1203 1817 1313 1866 prior
1334 1817 1428 1866 quin
1449 1815 1496 1854 ad
1518 1815 1743 1854 Cornelium
1765 1815 1839 1852 Va-

302 1880 507 1932 lerianum,
536 1894 555 1919 a
582 1894 658 1932 quo
687 1880 846 1919 eaedem
875 1881 956 1920 fere
978 1894 1041 1920 res
1063 1894 1150 1920 esse
1174 1886 1362 1920 tractatae
1382 1881 1572 1920 uidentur
1593 1876 1659 1934 (cf.
1682 1879 1720 1931 3,
1738 1878 1837 1919 108.

305 1943 370 1996 10,
391 1943 429 1984 5.
460 1943 623 1999 14,11)
658 1951 774 1997 atque
808 1959 828 1985 a
859 1946 1003 1997 Plinio,
1043 1946 1249 1985 referenda
1284 1948 1350 1997 sit,
1390 1946 1509 1985 altera
1539 1947 1836 1995 (proboscidem

301 2022 440 2050 eoram
466 2034 521 2037 —
550 2015 839 2061 &perimentis
855 2015 1013 2061 patuit)
1042 2011 1088 2050 ad
1116 2012 1318 2063 Catonem,
1346 2013 1423 2050 iam
1450 2024 1527 2050 non
1556 2012 1631 2049 erit
1661 2010 1837 2050 dubium.

303 2077 416 2115 cuius
439 2076 714 2127 disputationis
742 2077 894 2116 fructus
922 2078 995 2116 etsi
1016 2090 1087 2128 per
1108 2090 1149 2116 se
1172 2083 1232 2116 est
1252 2078 1430 2128 exiguus,
1456 2082 1586 2115 tamen
1607 2076 1698 2115 inde
1720 2088 1838 2127 appa-

305 2147 364 2180 ret
390 2155 410 2180 a
438 2141 583 2180 Catone
610 2142 748 2193 Pyrrhi
777 2148 943 2181 aetatem
971 2155 1049 2181 non
1077 2144 1236 2181 omnino
1264 2155 1350 2181 esse
1378 2143 1709 2193 praetermissam.

392 2206 493 2245 Num
532 2207 819 2246 Plutarchus
858 2210 963 2259 ipsas
1005 2209 1177 2258 origines
1215 2209 1451 2259 inspexerit,
1490 2209 1687 2246 incertum
1727 2203 1838 2260 esffl)

303 2273 399 2322 quin
433 2273 550 2311 etiam
585 2273 748 2312 forsitan
783 2272 965 2312 debuerit
999 2279 1115 2312 totam
1144 2286 1253 2312 suam
1281 2273 1438 2312 Catonis
1471 2274 1649 2311 notitIam
1679 2273 1837 2323 corpori

304 2337 460 2376 cuidam
494 2337 686 2377 dictorum
724 2338 1047 2389 Catonianorum,
1080 2338 1183 2389 quod
1217 2351 1263 2377 ex
1297 2339 1381 2377 eius
1416 2339 1573 2388 scriptis
1607 2343 1835 2388 excerptum

304 2408 389 2441 erat
422 2398 520 2455 (uid.
556 2403 716 2449 Ouellen
746 2406 782 2443 d.
804 2405 908 2443 Plat.
935 2417 970 2455 p.
993 2400 1080 2457 90).
1124 2416 1252 2454 neque
1286 2405 1408 2454 enim,
1448 2415 1682 2454 quamquam
1715 2403 1838 2441 histo-

304 2468 382 2505 rias
405 2467 451 2505 ab
474 2480 517 2506 eo
541 2468 717 2507 conditas
739 2481 825 2507 esse
848 2469 969 2507 refert
991 2464 1091 2522 (Cat.
1113 2465 1188 2522 25)
1200 2465 1247 2522 3),
1275 2470 1367 2507 citat
1388 2469 1572 2519 origines,
1600 2473 1714 2518 atque
1737 2480 1839 2518 quae

403 2601 435 2642 1)
461 2599 558 2633 Nam
580 2600 679 2643 quod
701 2600 791 2635 Cato
811 2600 886 2634 iam
912 2613 946 2645 p.
963 2605 1004 2635 11
1033 2600 1207 2634 laudatus
1230 2602 1295 2643 est,
1322 2611 1395 2634 non
1416 2599 1544 2634 turbat
1563 2600 1632 2634 hoo
1652 2599 1836 2633 rationem

304 2654 486 2694 nostram,
521 2664 602 2687 cum
630 2655 672 2688 ut
698 2653 807 2689 multi
834 2654 888 2688 ita
915 2654 1029 2688 etiam
1055 2654 1117 2688 hic
1142 2653 1245 2687 locus
1271 2655 1355 2697 post
1383 2653 1469 2687 libri
1495 2655 1661 2688 tenorem
1687 2651 1836 2687 absolu-

305 2708 385 2740 tum
411 2706 645 2750 iudicemque
673 2708 882 2742 consectum
905 2707 1072 2742 adiectus
1100 2707 1157 2741 sit.
1198 2707 1376 2741 adsensus
1397 2708 1452 2741 est
1472 2706 1644 2741 Muenzer
1673 2706 1838 2752 Quellen-

304 2759 386 2795 trit.
414 2760 448 2794 d.
471 2760 621 2795 Plinius
645 2773 679 2804 p.
696 2764 763 2794 375
779 2773 830 2804 sq.

401 2815 435 2857 2)
463 2812 546 2848 Vid.
574 2813 617 2848 H.
638 2813 761 2858 Klapp
788 2815 846 2849 De
870 2816 937 2850 uit.
958 2816 1056 2849 Plut.
1078 2819 1170 2849 auct.
1193 2814 1295 2848 Rom.
1323 2818 1428 2858 p.11.

403 2869 439 2911 3)
466 2867 564 2902 Caue
590 2879 635 2901 ne
661 2870 812 2912 propter
832 2868 987 2902 uerbum
1013 2867 1205 2912 ἱστόρηκεν
1231 2867 1321 2902 haec
1343 2878 1386 2902 ex
1407 2866 1553 2902 Catonis
1579 2867 1743 2900 historiis
1770 2866 1838 2900 flu-
