2002 3342
267 244 297 273 X
833 229 1236 265 PROLEGOMENON

353 340 435 379 Alia
457 346 589 379 autem
611 341 685 379 suit
706 353 847 378 causa
870 341 910 378 in
931 339 1076 378 tabulis
1098 340 1270 391 notandi,
1295 341 1369 380 alia
1390 340 1543 380 tabulas
1565 341 1801 381 adseruandi

265 411 304 444 et
324 407 370 444 in
391 405 575 444 tablino
598 404 872 456 reponendi.
908 417 997 443 nam
1021 417 1109 443 cum
1130 405 1204 444 hoc
1219 406 1425 456 pontifices
1440 408 1600 445 maximi
1615 408 1800 457 facerent,

265 476 309 510 ut
334 471 578 522 posteritatis
604 471 817 509 memoriae
845 471 1100 521 inseruirent,
1126 470 1313 521 paulatim
1336 476 1375 509 et
1395 471 1497 522 apud
1519 471 1614 511 alios
1636 479 1675 511 et
1694 472 1797 523 apud

264 536 382 574 hosce
415 536 524 586 ipsos
557 537 782 586 opinionem
815 536 925 573 nasci
957 536 1133 586 potuisse
1164 548 1241 574 non
1268 548 1367 587 nego
1396 536 1531 575 eadem
1560 549 1692 588 causa,
1726 550 1800 588 qua

264 600 537 651 seruabautur,
559 600 717 639 annales
737 600 825 639 illos
847 601 965 639 etiam
988 601 1226 650 compositos
1247 613 1346 639 esse.
1381 599 1504 651 quid?
1525 601 1628 652 quod
1649 607 1800 653 postre-

263 667 340 704 mis
366 665 611 716 temporibus
638 666 755 703 etiam
782 671 866 704 tum
894 678 983 704 cum
1011 672 1362 717 componerentur,
1398 672 1646 717 posterorum
1674 669 1798 718 magis

264 731 458 768 rationem
491 729 664 768 habitam
697 743 783 769 esse
817 743 933 782 quam
967 743 1104 769 eorum
1138 732 1206 782 qui
1238 736 1321 769 tum
1354 731 1544 770 uiuebant
1570 734 1688 771 etiam
1714 734 1799 783 ipse

265 795 476 833 adsentior.
518 795 588 833 sed
615 796 692 833 iam
719 797 891 847 antiquis
925 799 1141 836 memoriae
1169 796 1397 836 retinendae
1425 809 1541 836 causa
1569 811 1588 836 a
1615 799 1800 848 pontifice

263 862 433 899 maximo
460 873 524 899 res
551 860 725 911 singulas
752 861 895 900 litteris
921 862 1125 901 mandatas
1154 868 1193 901 et
1220 862 1304 901 loco
1325 861 1391 900 illo
1412 863 1559 913 insigni
1580 864 1801 914 propositas

265 938 353 964 esse
386 925 484 964 mihi
517 925 691 964 nondum
724 938 958 977 persuasum
993 934 1069 979 est,
1107 940 1235 979 neque
1262 926 1475 978 quidquam
1502 927 1674 966 Cichorii
1701 925 1743 981 (l.
1770 941 1800 967 s.

265 1003 296 1029 c.
321 986 456 1043 2249)
484 992 771 1041 argumentatio
798 992 904 1031 ualet
931 994 1134 1031 caritatem
1162 1004 1339 1031 annonae
1361 993 1470 1031 ciues
1491 994 1597 1043 ipsos
1618 998 1801 1044 expertos

265 1068 371 1107 esse,
404 1055 518 1094 lunae
552 1061 618 1094 aut
644 1055 737 1094 solis
766 1056 1008 1096 defectiones
1035 1058 1213 1109 talesque
1240 1070 1321 1108 reS,
1355 1070 1521 1108 quarum
1554 1059 1800 1097 ieiunitatem

265 1120 357 1159 Cato
384 1121 615 1172 pontificum
642 1120 786 1160 tabulis
813 1123 1024 1173 exprobrat
1052 1120 1117 1175 (fr.
1142 1119 1229 1175 77),
1254 1121 1405 1161 uidisse
1433 1122 1675 1173 explicantis.
1711 1136 1801 1162 nam

264 1187 299 1225 si
331 1186 526 1225 frumenta
558 1187 599 1224 in
632 1188 732 1225 mari
766 1187 909 1226 aduehi
942 1193 1008 1227 aut
1039 1187 1217 1239 prodigia
1249 1192 1457 1238 procurata
1490 1200 1577 1226 esse
1610 1194 1677 1227 aut
1711 1201 1800 1239 pro-

265 1252 395 1290 curari
440 1251 657 1290 addebatur
672 1248 704 1305 ¹)
751 1254 929 1304 ratioque
975 1252 1223 1291 sacrificandi
1268 1252 1507 1291 suadebatur
1554 1249 1801 1306 (Marquardt

265 1318 526 1356 Staatsveru).
547 1313 617 1355 1112
636 1330 672 1368 p.
688 1316 772 1356 257
790 1317 907 1371 sqq),
935 1324 1019 1357 erat
1046 1331 1118 1357 cur
1143 1317 1311 1369 populus
1339 1330 1384 1356 eo
1412 1319 1656 1369 conueniret,
1682 1318 1801 1370 idque

264 1383 382 1421 etiam
415 1382 531 1421 saluti
562 1381 742 1433 publicae
776 1383 1037 1433 conducebat,
1075 1389 1119 1422 ut
1151 1385 1237 1422 eius
1273 1383 1450 1421 incitatio
1487 1388 1526 1421 et
1557 1383 1800 1434 perturbatio

264 1449 485 1486 animorum
513 1447 730 1486 sedaretur.
764 1454 927 1487 eatenus
949 1454 1056 1487 certe
1084 1448 1210 1487 Seeck
1233 1444 1287 1501 (p.
1309 1444 1504 1501 61—65)
1531 1461 1687 1488 mecum
1708 1462 1800 1488 con-

264 1515 396 1564 sentit,
421 1518 463 1551 ut
490 1513 717 1563 pontificem
744 1525 816 1564 per
842 1513 1020 1564 singulos
1048 1513 1131 1552 dies
1159 1526 1222 1552 res
1250 1513 1456 1552 adnotasse
1485 1519 1656 1564 censeat,
1683 1516 1801 1553 etiam

263 1579 387 1629 magis
415 1577 549 1616 Soltau
575 1574 674 1631 (uid.
702 1577 884 1617 Chronol.
912 1578 1021 1618 Rom.
1048 1591 1084 1630 p.
1106 1576 1192 1618 445
1208 1575 1331 1632 sqq),
1370 1580 1483 1617 cuius
1521 1584 1652 1618 tamen
1690 1579 1801 1619 docta

264 1645 550 1694 argumentatio
583 1656 628 1682 eo
663 1643 889 1695 deducitur,
921 1649 966 1683 ut
995 1644 1222 1695 pontificem
1256 1656 1334 1682 non
1367 1643 1494 1682 solum
1527 1656 1548 1682 a
1582 1643 1648 1683 Cn.
1676 1644 1801 1684 Flauii

264 1709 462 1747 aedilitate
482 1709 734 1748 incohantem
755 1714 868 1748 notas
889 1722 979 1748 suas
1000 1711 1041 1748 in
1062 1709 1193 1748 tabula
1214 1708 1369 1760 publica
1391 1710 1571 1760 posuisse
1592 1709 1662 1748 sed
1683 1711 1800 1749 etiam

264 1787 296 1813 a.
324 1772 421 1813 249.
451 1771 536 1814 505
572 1776 815 1825 posteritatis
848 1787 965 1814 causa
1000 1776 1121 1814 totius
1156 1776 1248 1813 anni
1281 1787 1345 1813 res
1378 1773 1586 1825 complecti
1621 1777 1799 1826 coepisse

265 1844 410 1878 statuat
431 1835 485 1892 (p.
502 1836 771 1893 270—276),
799 1852 915 1890 quam
938 1841 1186 1890 sententiam,
1214 1841 1289 1878 etsi
1315 1852 1335 1878 a
1362 1838 1402 1878 L.
1419 1839 1629 1878 Cantarelli
1649 1837 1748 1893 (uid.
1769 1853 1799 1880 s.

263 1918 299 1957 p.
315 1902 386 1959 111)
407 1904 587 1956 pluribus
610 1904 803 1956 explicata
825 1910 863 1944 et
885 1904 1044 1944 defensa
1065 1911 1136 1956 est,
1159 1910 1267 1944 recte
1282 1904 1518 1943 Wuelkerus
1533 1901 1588 1958 (p.
1604 1903 1799 1960 50—70)

264 1971 464 2010 refutauit.

354 2035 430 2074 Sed
468 2047 605 2074 omnes
645 2034 896 2074 difficultates
935 2048 1013 2075 non
1052 2025 1364 2087 remouebimus,
1402 2037 1482 2074 nisi
1520 2035 1723 2075 Ciceronis
1763 2042 1801 2075 et

265 2101 395 2140 Seruii
429 2101 655 2139 testimonia
694 2103 918 2140 accuratius
955 2102 1325 2140 examinauerimus.
1390 2106 1505 2152 atque
1541 2101 1606 2140 ille
1640 2101 1799 2152 quidem

262 2168 435 2218 primum
456 2178 533 2217 res,
559 2166 796 2217 simulatque
814 2166 1064 2218 accidissent,
1084 2167 1313 2217 pontificem
1334 2168 1522 2217 priuatim
1543 2166 1687 2205 litteris
1708 2179 1799 2206 con-

264 2233 440 2282 signasse
469 2230 574 2282 dicit,
600 2236 683 2270 tum
712 2231 882 2283 demum,
909 2245 999 2271 cum
1027 2245 1153 2271 annus
1180 2237 1341 2271 exactus
1369 2237 1485 2283 esset,
1518 2232 1636 2271 simul
1662 2245 1799 2271 omnes

266 2299 384 2336 totius
411 2298 503 2336 anni
529 2298 570 2334 in
597 2297 769 2336 tabulam
796 2297 1005 2336 translatas
1032 2303 1070 2336 et
1095 2299 1136 2336 in
1163 2300 1270 2348 regia
1298 2298 1531 2349 propositas,
1556 2302 1601 2336 ut
1620 2297 1799 2349 populus,

265 2362 357 2414 quid
380 2374 535 2413 quoque
556 2374 658 2400 anno
679 2368 833 2413 gestum
855 2368 972 2414 esset,
992 2363 1131 2402 uidere
1151 2369 1295 2414 posset.
1307 2359 1340 2416 2)
1375 2368 1510 2402 contra
1532 2362 1671 2402 Seruio
1698 2369 1798 2402 teste

361 2466 393 2509 1)
421 2463 473 2498 Cf.
489 2464 532 2498 fr.
547 2468 579 2498 4.
617 2464 745 2499 Soitau
764 2464 787 2499 l.
804 2476 829 2499 s,
851 2477 887 2509 p.
903 2469 982 2500 265.
1015 2465 1112 2500 infra
1131 2477 1166 2510 p.
1182 2479 1282 2500 xxvn
1295 2477 1347 2508 sq.
1381 2465 1435 2499 Ex
1455 2465 1585 2499 multis
1605 2464 1696 2499 locis
1717 2465 1797 2509 qui-

262 2518 332 2553 bus
353 2517 480 2552 Liuius
505 2517 680 2562 prodigia
699 2518 1017 2563 commemorauit,
1045 2519 1136 2554 duos
1157 2518 1219 2553 hic
1239 2518 1458 2561 exscribam,
1485 2518 1620 2562 quibus
1641 2518 1688 2552 ad
1714 2529 1798 2562 pro·

262 2571 493 2606 curationem
519 2571 699 2615 populum
726 2572 1007 2606 conuocandum
1033 2572 1149 2606 fuisse
1176 2573 1373 2616 appareat:
1409 2573 1469 2607 Eo
1500 2583 1599 2607 auno
1625 2572 1798 2617 prodigia

262 2626 379 2659 multa
412 2626 580 2668 fuerunt,
616 2636 770 2668 quorum
802 2626 1170 2661 auerruncandorum
1201 2636 1315 2660 eausa
1345 2625 1628 2670 supplicationes
1652 2629 1799 2660 senatus

262 2679 304 2712 in
331 2678 482 2713 biduum
509 2678 675 2713 decreuit.
715 2678 862 2722 publice
886 2680 1018 2713 uiuum
1048 2690 1092 2714 ac
1117 2683 1176 2713 tus
1198 2679 1422 2722 praebitum,
1448 2678 1695 2722 supplicatum
1726 2679 1798 2713 iere

261 2732 463 2776 frequentes
487 2732 566 2765 uiri
590 2731 815 2776 feminaeque
837 2734 908 2775 (10,
924 2735 979 2773 23,
997 2734 1040 2776 1).
1073 2743 1116 2766 ea
1137 2732 1313 2777 prodiyia
1338 2731 1540 2766 maioribus
1564 2731 1690 2766 hostiis
1709 2742 1798 2774 pro-

262 2789 405 2820 curata.
434 2785 524 2819 editi
548 2796 572 2819 α
597 2785 742 2830 collegio
762 2785 980 2829 pontificum
1007 2785 1075 2828 dei,
1102 2786 1233 2829 quibus
1256 2785 1525 2827 sacrificaretur
1550 2787 1620 2828 (30,
1642 2787 1673 2825 2,
1696 2786 1764 2828 13).

358 2839 393 2883 2)
419 2838 452 2872 A
478 2836 652 2872 Cicerone
687 2837 846 2881 profecti
881 2837 1050 2872 Klotzius
1087 2838 1184 2882 (Lat.
1210 2838 1531 2882 Litteraturyesch.
1561 2838 1575 2871 I
1608 2841 1676 2871 356
1691 2839 1800 2882 sqq),

262 2891 506 2926 Hullemanus
533 2903 567 2936 p.
590 2894 634 2925 34
650 2902 720 2934 sq.,
757 2891 839 2934 alii,
876 2892 1078 2935 antequam
1110 2890 1262 2925 tabulae
1294 2890 1382 2924 illae
1414 2890 1628 2935 propositae
1663 2892 1800 2935 essent,
