<?xml version="1.0" encoding="UTF-8"?>
<!DOCTYPE html PUBLIC "-//W3C//DTD XHTML 1.0 Transitional//EN"
    "http://www.w3.org/TR/xhtml1/DTD/xhtml1-transitional.dtd">
<html xmlns="http://www.w3.org/1999/xhtml" xml:lang="en" lang="en">
 <head>
  <title>
</title>
<meta http-equiv="Content-Type" content="text/html;charset=utf-8" />
  <meta name='ocr-system' content='tesseract 3.04.00' />
  <meta name='ocr-capabilities' content='ocr_page ocr_carea ocr_par ocr_line ocrx_word'/>
</head>
<body>
  <div class='ocr_page' id='page_1' title='image "./historicorumroma01peteuoft_0266.png"; bbox 0 0 2002 3342; ppageno 0'>
   <div class='ocr_carea' id='block_1_1' title="bbox 296 194 1491 241">
    <p class='ocr_par' dir='ltr' id='par_1_1' title="bbox 296 194 1491 241">
     <span class='ocr_line' id='line_1_1' title="bbox 296 194 1491 241; baseline -0.003 -8"><span class='ocrx_word' id='word_1_1' title='bbox 296 211 416 241; x_wconf 69' lang='lat' dir='ltr'>CCLII</span> <span class='ocrx_word' id='word_1_2' title='bbox 626 197 688 231; x_wconf 88' lang='lat' dir='ltr'><em>DE</em></span> <span class='ocrx_word' id='word_1_3' title='bbox 716 195 1021 231; x_wconf 82' lang='lat' dir='ltr'>SCRIPTORVM</span> <span class='ocrx_word' id='word_1_4' title='bbox 1047 194 1169 229; x_wconf 83' lang='lat' dir='ltr'>VITIS</span> <span class='ocrx_word' id='word_1_5' title='bbox 1196 195 1257 229; x_wconf 90' lang='lat' dir='ltr'><em>ET</em></span> <span class='ocrx_word' id='word_1_6' title='bbox 1285 194 1491 230; x_wconf 84' lang='lat' dir='ltr'>SCRIPTIS</span> 
     </span>
    </p>
   </div>
   <div class='ocr_carea' id='block_1_2' title="bbox 293 307 1845 2373">
    <p class='ocr_par' dir='ltr' id='par_1_2' title="bbox 293 307 1836 1139">
     <span class='ocr_line' id='line_1_2' title="bbox 293 307 1824 355; baseline -0.003 -7"><span class='ocrx_word' id='word_1_7' title='bbox 293 315 330 348; x_wconf 77' lang='lat' dir='ltr'><em>ec</em></span> <span class='ocrx_word' id='word_1_8' title='bbox 352 310 506 347; x_wconf 73' lang='lat' dir='ltr'><em>Rutilio</em></span> <span class='ocrx_word' id='word_1_9' title='bbox 534 310 715 346; x_wconf 76' lang='lat' dir='ltr'><em>breuiter</em></span> <span class='ocrx_word' id='word_1_10' title='bbox 740 310 833 346; x_wconf 77' lang='lat' dir='ltr'><em>lieet</em></span> <span class='ocrx_word' id='word_1_11' title='bbox 861 308 1009 354; x_wconf 76' lang='lat' dir='ltr'><em>dicere,</em></span> <span class='ocrx_word' id='word_1_12' title='bbox 1037 318 1206 355; x_wconf 77' lang='lat' dir='ltr'><em>quorum</em></span> <span class='ocrx_word' id='word_1_13' title='bbox 1233 312 1376 345; x_wconf 71' lang='lat' dir='ltr'><em>neuter</em></span> <span class='ocrx_word' id='word_1_14' title='bbox 1395 308 1538 345; x_wconf 80' lang='lat' dir='ltr'><em>summi</em></span> <span class='ocrx_word' id='word_1_15' title='bbox 1557 308 1735 344; x_wconf 79' lang='lat' dir='ltr'><em>oratoris</em></span> <span class='ocrx_word' id='word_1_16' title='bbox 1753 307 1824 345; x_wconf 78' lang='lat' dir='ltr'><em>ha-</em></span> 
     </span>
     <span class='ocr_line' id='line_1_3' title="bbox 293 372 1824 421; baseline -0.003 -8"><span class='ocrx_word' id='word_1_17' title='bbox 293 376 379 413; x_wconf 76' lang='lat' dir='ltr'><em>buit</em></span> <span class='ocrx_word' id='word_1_18' title='bbox 398 376 568 421; x_wconf 77' lang='lat' dir='ltr'><em>lcmdem,</em></span> <span class='ocrx_word' id='word_1_19' title='bbox 590 378 628 411; x_wconf 78' lang='lat' dir='ltr'><em>et</em></span> <span class='ocrx_word' id='word_1_20' title='bbox 642 378 699 411; x_wconf 72' lang='lat' dir='ltr'><em>esi</em></span> <span class='ocrx_word' id='word_1_21' title='bbox 713 377 883 420; x_wconf 77' lang='lat' dir='ltr'><em>uterque</em></span> <span class='ocrx_word' id='word_1_22' title='bbox 905 375 945 410; x_wconf 78' lang='lat' dir='ltr'><em>in</em></span> <span class='ocrx_word' id='word_1_23' title='bbox 960 374 1094 410; x_wconf 80' lang='lat' dir='ltr'><em>mullis</em></span> <span class='ocrx_word' id='word_1_24' title='bbox 1115 374 1250 410; x_wconf 77' lang='lat' dir='ltr'><em>causis</em></span> <span class='ocrx_word' id='word_1_25' title='bbox 1270 376 1470 409; x_wconf 75' lang='lat' dir='ltr'><em>uersatus.</em></span> <span class='ocrx_word' id='word_1_26' title='bbox 1491 376 1580 409; x_wconf 80' lang='lat' dir='ltr'><em>erac</em></span> <span class='ocrx_word' id='word_1_27' title='bbox 1601 373 1642 409; x_wconf 76' lang='lat' dir='ltr'><em>in</em></span> <span class='ocrx_word' id='word_1_28' title='bbox 1664 372 1824 419; x_wconf 79' lang='lat' dir='ltr'><em>quibus-</em></span> 
     </span>
     <span class='ocr_line' id='line_1_4' title="bbox 294 437 1827 485; baseline -0.003 -7"><span class='ocrx_word' id='word_1_29' title='bbox 294 441 386 478; x_wconf 88' lang='lat' dir='ltr'><em>dam</em></span> <span class='ocrx_word' id='word_1_30' title='bbox 406 439 625 477; x_wconf 73' lang='lat' dir='ltr'><em>laudandis</em></span> <span class='ocrx_word' id='word_1_31' title='bbox 645 440 760 485; x_wconf 77' lang='lat' dir='ltr'><em>uiris,</em></span> <span class='ocrx_word' id='word_1_32' title='bbox 782 440 902 476; x_wconf 72' lang='lat' dir='ltr'><em>etiam</em></span> <span class='ocrx_word' id='word_1_33' title='bbox 922 440 959 475; x_wconf 81' lang='lat' dir='ltr'><em>si</em></span> <span class='ocrx_word' id='word_1_34' title='bbox 978 439 1159 475; x_wconf 44' lang='lat' dir='ltr'><em>waltrami</em></span> <span class='ocrx_word' id='word_1_35' title='bbox 1179 439 1319 485; x_wconf 64' lang='lat' dir='ltr'><em>inqeni</em></span> <span class='ocrx_word' id='word_1_36' title='bbox 1339 447 1417 474; x_wconf 75' lang='lat' dir='ltr'><em>non</em></span> <span class='ocrx_word' id='word_1_37' title='bbox 1439 440 1579 484; x_wconf 70' lang='lat' dir='ltr'><em>essent,</em></span> <span class='ocrx_word' id='word_1_38' title='bbox 1597 437 1827 485; x_wconf 73' lang='lat' dir='ltr'><em>probabilis</em></span> 
     </span>
     <span class='ocr_line' id='line_1_5' title="bbox 296 502 1830 552; baseline -0.003 -9"><span class='ocrx_word' id='word_1_39' title='bbox 296 509 424 543; x_wconf 74' lang='lat' dir='ltr'><em>tamen</em></span> <span class='ocrx_word' id='word_1_40' title='bbox 452 505 679 548; x_wconf 76' lang='lat' dir='ltr'><em>imluslria;</em></span> <span class='ocrx_word' id='word_1_41' title='bbox 705 514 948 552; x_wconf 67' lang='lat' dir='ltr'><em>quamquam</em></span> <span class='ocrx_word' id='word_1_42' title='bbox 967 503 1031 540; x_wconf 80' lang='lat' dir='ltr'><em>his</em></span> <span class='ocrx_word' id='word_1_43' title='bbox 1051 503 1211 549; x_wconf 73' lang='lat' dir='ltr'><em>quidem</em></span> <span class='ocrx_word' id='word_1_44' title='bbox 1237 512 1316 539; x_wconf 75' lang='lat' dir='ltr'><em>non</em></span> <span class='ocrx_word' id='word_1_45' title='bbox 1339 503 1497 539; x_wconf 70' lang='lat' dir='ltr'><em>omnino</em></span> <span class='ocrx_word' id='word_1_46' title='bbox 1518 503 1736 548; x_wconf 62' lang='lat' dir='ltr'><em>maenium,</em></span> <span class='ocrx_word' id='word_1_47' title='bbox 1756 502 1830 539; x_wconf 84' lang='lat' dir='ltr'><em>sed</em></span> 
     </span>
     <span class='ocr_line' id='line_1_6' title="bbox 295 567 1826 616; baseline -0.003 -8"><span class='ocrx_word' id='word_1_48' title='bbox 295 572 519 608; x_wconf 70' lang='lat' dir='ltr'><em>oratorium</em></span> <span class='ocrx_word' id='word_1_49' title='bbox 547 571 752 615; x_wconf 62' lang='lat' dir='ltr'><em>maenium</em></span> <span class='ocrx_word' id='word_1_50' title='bbox 779 568 918 616; x_wconf 68' lang='lat' dir='ltr'><em>defait.</em></span> <span class='ocrx_word' id='word_1_51' title='bbox 946 589 1000 593; x_wconf 88' lang='lat'><em>-</em></span> <span class='ocrx_word' id='word_1_52' title='bbox 1028 570 1067 605; x_wconf 78' lang='lat' dir='ltr'><em>in</em></span> <span class='ocrx_word' id='word_1_53' title='bbox 1092 567 1243 605; x_wconf 75' lang='lat' dir='ltr'><em>Scauri</em></span> <span class='ocrx_word' id='word_1_54' title='bbox 1263 569 1460 616; x_wconf 77' lang='lat' dir='ltr'><em>oratione,</em></span> <span class='ocrx_word' id='word_1_55' title='bbox 1486 568 1682 614; x_wconf 75' lang='lat' dir='ltr'><em>sapientis</em></span> <span class='ocrx_word' id='word_1_56' title='bbox 1704 567 1826 604; x_wconf 78' lang='lat' dir='ltr'><em>homi-</em></span> 
     </span>
     <span class='ocr_line' id='line_1_7' title="bbox 296 632 1828 681; baseline -0.002 -8"><span class='ocrx_word' id='word_1_57' title='bbox 296 637 358 673; x_wconf 78' lang='lat' dir='ltr'><em>m‘s</em></span> <span class='ocrx_word' id='word_1_58' title='bbox 385 639 422 673; x_wconf 85' lang='lat' dir='ltr'><em>et</em></span> <span class='ocrx_word' id='word_1_59' title='bbox 448 636 561 681; x_wconf 72' lang='lat' dir='ltr'><em>recti,</em></span> <span class='ocrx_word' id='word_1_60' title='bbox 586 636 777 681; x_wconf 70' lang='lat' dir='ltr'><em>yraaitas</em></span> <span class='ocrx_word' id='word_1_61' title='bbox 801 644 954 671; x_wconf 81' lang='lat' dir='ltr'><em>samma</em></span> <span class='ocrx_word' id='word_1_62' title='bbox 981 638 1018 670; x_wconf 82' lang='lat' dir='ltr'><em>et</em></span> <span class='ocrx_word' id='word_1_63' title='bbox 1044 634 1248 670; x_wconf 67' lang='lat' dir='ltr'><em>neamalis</em></span> <span class='ocrx_word' id='word_1_64' title='bbox 1275 632 1474 679; x_wconf 80' lang='lat' dir='ltr'><em>quaedam</em></span> <span class='ocrx_word' id='word_1_65' title='bbox 1495 633 1629 669; x_wconf 73' lang='lat' dir='ltr'><em>inerat</em></span> <span class='ocrx_word' id='word_1_66' title='bbox 1650 633 1828 670; x_wconf 79' lang='lat' dir='ltr'><em>auctori·</em></span> 
     </span>
     <span class='ocr_line' id='line_1_8' title="bbox 297 697 1830 750; baseline -0.003 -12"><span class='ocrx_word' id='word_1_67' title='bbox 297 705 375 750; x_wconf 79' lang='lat' dir='ltr'><em>tas,</em></span> <span class='ocrx_word' id='word_1_68' title='bbox 408 710 486 737; x_wconf 72' lang='lat' dir='ltr'><em>non</em></span> <span class='ocrx_word' id='word_1_69' title='bbox 516 704 557 737; x_wconf 76' lang='lat' dir='ltr'><em>at</em></span> <span class='ocrx_word' id='word_1_70' title='bbox 585 710 768 745; x_wconf 77' lang='lat' dir='ltr'><em>eausam,</em></span> <span class='ocrx_word' id='word_1_71' title='bbox 799 699 873 736; x_wconf 88' lang='lat' dir='ltr'><em>sed</em></span> <span class='ocrx_word' id='word_1_72' title='bbox 903 703 945 735; x_wconf 77' lang='lat' dir='ltr'><em>at</em></span> <span class='ocrx_word' id='word_1_73' title='bbox 979 700 1245 735; x_wconf 71' lang='lat' dir='ltr'><em>testimonium</em></span> <span class='ocrx_word' id='word_1_74' title='bbox 1273 697 1410 734; x_wconf 79' lang='lat' dir='ltr'><em>dicere</em></span> <span class='ocrx_word' id='word_1_75' title='bbox 1427 701 1613 745; x_wconf 70' lang='lat' dir='ltr'><em>putareS,</em></span> <span class='ocrx_word' id='word_1_76' title='bbox 1641 707 1729 734; x_wconf 82' lang='lat' dir='ltr'><em>eum</em></span> <span class='ocrx_word' id='word_1_77' title='bbox 1747 707 1830 745; x_wconf 74' lang='lat' dir='ltr'><em>pro</em></span> 
     </span>
     <span class='ocr_line' id='line_1_9' title="bbox 296 763 1830 810; baseline -0.003 -7"><span class='ocrx_word' id='word_1_78' title='bbox 296 776 366 803; x_wconf 79' lang='lat' dir='ltr'><em>reo</em></span> <span class='ocrx_word' id='word_1_79' title='bbox 401 766 565 802; x_wconf 78' lang='lat' dir='ltr'><em>diceret.</em></span> <span class='ocrx_word' id='word_1_80' title='bbox 603 765 680 802; x_wconf 78' lang='lat' dir='ltr'><em>hoc</em></span> <span class='ocrx_word' id='word_1_81' title='bbox 713 764 877 802; x_wconf 77' lang='lat' dir='ltr'><em>dicendi</em></span> <span class='ocrx_word' id='word_1_82' title='bbox 907 774 1036 810; x_wconf 61' lang='lat' dir='ltr'><em>aenas</em></span> <span class='ocrx_word' id='word_1_83' title='bbox 1063 764 1119 799; x_wconf 86' lang='lat' dir='ltr'><em>ad</em></span> <span class='ocrx_word' id='word_1_84' title='bbox 1136 763 1379 810; x_wconf 73' lang='lat' dir='ltr'><em>patrocinia</em></span> <span class='ocrx_word' id='word_1_85' title='bbox 1405 763 1667 800; x_wconf 71' lang='lat' dir='ltr'><em>mediocriter</em></span> <span class='ocrx_word' id='word_1_86' title='bbox 1694 766 1830 810; x_wconf 78' lang='lat' dir='ltr'><em>aptum</em></span> 
     </span>
     <span class='ocr_line' id='line_1_10' title="bbox 297 828 1830 877; baseline -0.003 -9"><span class='ocrx_word' id='word_1_87' title='bbox 297 831 526 877; x_wconf 76' lang='lat' dir='ltr'><em>uidebatur,</em></span> <span class='ocrx_word' id='word_1_88' title='bbox 555 830 610 866; x_wconf 83' lang='lat' dir='ltr'><em>ad</em></span> <span class='ocrx_word' id='word_1_89' title='bbox 627 830 875 866; x_wconf 69' lang='lat' dir='ltr'><em>senatoriam</em></span> <span class='ocrx_word' id='word_1_90' title='bbox 899 839 994 865; x_wconf 83' lang='lat' dir='ltr'><em>aero</em></span> <span class='ocrx_word' id='word_1_91' title='bbox 1015 829 1266 873; x_wconf 75' lang='lat' dir='ltr'><em>sententiam,</em></span> <span class='ocrx_word' id='word_1_92' title='bbox 1294 829 1411 865; x_wconf 80' lang='lat' dir='ltr'><em>cuias</em></span> <span class='ocrx_word' id='word_1_93' title='bbox 1431 831 1521 864; x_wconf 79' lang='lat' dir='ltr'><em>erat</em></span> <span class='ocrx_word' id='word_1_94' title='bbox 1541 828 1607 864; x_wconf 83' lang='lat' dir='ltr'><em>ille</em></span> <span class='ocrx_word' id='word_1_95' title='bbox 1621 829 1830 875; x_wconf 75' lang='lat' dir='ltr'><em>princeps,</em></span> 
     </span>
     <span class='ocr_line' id='line_1_11' title="bbox 297 892 1835 941; baseline -0.003 -9"><span class='ocrx_word' id='word_1_96' title='bbox 297 896 364 933; x_wconf 83' lang='lat' dir='ltr'><em>uel</em></span> <span class='ocrx_word' id='word_1_97' title='bbox 387 906 597 939; x_wconf 52' lang='lat' dir='ltr'><em>matt-amm</em></span> <span class='ocrx_word' id='word_1_98' title='bbox 631 893 893 940; x_wconf 68' lang='lat' dir='ltr'><em>siqnilieabat</em></span> <span class='ocrx_word' id='word_1_99' title='bbox 926 895 1030 930; x_wconf 75' lang='lat' dir='ltr'><em>enim</em></span> <span class='ocrx_word' id='word_1_100' title='bbox 1063 903 1141 930; x_wconf 78' lang='lat' dir='ltr'><em>non</em></span> <span class='ocrx_word' id='word_1_101' title='bbox 1160 893 1428 941; x_wconf 70' lang='lat' dir='ltr'><em>prudentiam</em></span> <span class='ocrx_word' id='word_1_102' title='bbox 1453 893 1578 929; x_wconf 82' lang='lat' dir='ltr'><em>solum</em></span> <span class='ocrx_word' id='word_1_103' title='bbox 1604 892 1691 939; x_wconf 77' lang='lat' dir='ltr'><em>sed,</em></span> <span class='ocrx_word' id='word_1_104' title='bbox 1725 892 1835 939; x_wconf 81' lang='lat' dir='ltr'><em>quod</em></span> 
     </span>
     <span class='ocr_line' id='line_1_12' title="bbox 297 957 1836 1005; baseline -0.003 -7"><span class='ocrx_word' id='word_1_105' title='bbox 297 962 472 998; x_wconf 75' lang='lat' dir='ltr'><em>maxime</em></span> <span class='ocrx_word' id='word_1_106' title='bbox 505 971 588 996; x_wconf 83' lang='lat' dir='ltr'><em>rem</em></span> <span class='ocrx_word' id='word_1_107' title='bbox 616 958 864 1005; x_wconf 74' lang='lat' dir='ltr'><em>continebat,</em></span> <span class='ocrx_word' id='word_1_108' title='bbox 887 959 1020 1004; x_wconf 72' lang='lat' dir='ltr'><em>sidem.</em></span> <span class='ocrx_word' id='word_1_109' title='bbox 1065 958 1239 995; x_wconf 75' lang='lat' dir='ltr'><em>habebat</em></span> <span class='ocrx_word' id='word_1_110' title='bbox 1264 958 1340 995; x_wconf 78' lang='lat' dir='ltr'><em>hoe</em></span> <span class='ocrx_word' id='word_1_111' title='bbox 1367 968 1391 994; x_wconf 87' lang='lat' dir='ltr'><em>a</em></span> <span class='ocrx_word' id='word_1_112' title='bbox 1418 961 1569 994; x_wconf 75' lang='lat' dir='ltr'><em>maura</em></span> <span class='ocrx_word' id='word_1_113' title='bbox 1595 958 1701 1005; x_wconf 76' lang='lat' dir='ltr'><em>ipsa,</em></span> <span class='ocrx_word' id='word_1_114' title='bbox 1727 957 1836 1004; x_wconf 81' lang='lat' dir='ltr'><em>quod</em></span> 
     </span>
     <span class='ocr_line' id='line_1_13' title="bbox 299 1022 1834 1072; baseline -0.003 -9"><span class='ocrx_word' id='word_1_115' title='bbox 299 1037 324 1064; x_wconf 84' lang='lat' dir='ltr'><em>a</em></span> <span class='ocrx_word' id='word_1_116' title='bbox 352 1027 541 1063; x_wconf 74' lang='lat' dir='ltr'><em>doctrina</em></span> <span class='ocrx_word' id='word_1_117' title='bbox 568 1035 646 1061; x_wconf 75' lang='lat' dir='ltr'><em>non</em></span> <span class='ocrx_word' id='word_1_118' title='bbox 670 1022 798 1072; x_wconf 80' lang='lat' dir='ltr'><em>facile</em></span> <span class='ocrx_word' id='word_1_119' title='bbox 816 1028 955 1071; x_wconf 77' lang='lat' dir='ltr'><em>posset</em></span> <span class='ocrx_word' id='word_1_120' title='bbox 963 1036 978 1068; x_wconf 89' lang='lat'><em>;</em></span> <span class='ocrx_word' id='word_1_121' title='bbox 1010 1034 1251 1070; x_wconf 76' lang='lat' dir='ltr'><em>quamquam</em></span> <span class='ocrx_word' id='word_1_122' title='bbox 1278 1023 1400 1060; x_wconf 73' lang='lat' dir='ltr'><em>haias</em></span> <span class='ocrx_word' id='word_1_123' title='bbox 1426 1032 1582 1069; x_wconf 78' lang='lat' dir='ltr'><em>quoque</em></span> <span class='ocrx_word' id='word_1_124' title='bbox 1608 1024 1733 1070; x_wconf 74' lang='lat' dir='ltr'><em>ipsias</em></span> <span class='ocrx_word' id='word_1_125' title='bbox 1759 1023 1834 1069; x_wconf 79' lang='lat' dir='ltr'><em>rei,</em></span> 
     </span>
     <span class='ocr_line' id='line_1_14' title="bbox 299 1090 1178 1139; baseline -0.003 -11"><span class='ocrx_word' id='word_1_126' title='bbox 299 1102 413 1139; x_wconf 83' lang='lat' dir='ltr'><em>quem</em></span> <span class='ocrx_word' id='word_1_127' title='bbox 441 1091 497 1127; x_wconf 84' lang='lat' dir='ltr'><em>ad</em></span> <span class='ocrx_word' id='word_1_128' title='bbox 520 1090 678 1126; x_wconf 81' lang='lat' dir='ltr'><em>modum</em></span> <span class='ocrx_word' id='word_1_129' title='bbox 704 1090 795 1135; x_wconf 74' lang='lat' dir='ltr'><em>scis,</em></span> <span class='ocrx_word' id='word_1_130' title='bbox 819 1092 1049 1136; x_wconf 70' lang='lat' dir='ltr'><em>praecepta</em></span> <span class='ocrx_word' id='word_1_131' title='bbox 1075 1092 1178 1126; x_wconf 77' lang='lat' dir='ltr'><em>sunt.</em></span> 
     </span>
    </p>

    <p class='ocr_par' dir='ltr' id='par_1_3' title="bbox 300 1150 1842 2248">
     <span class='ocr_line' id='line_1_15' title="bbox 388 1150 1833 1202; baseline -0.003 -10"><span class='ocrx_word' id='word_1_132' title='bbox 388 1154 429 1192; x_wconf 84' lang='grc'><em>111</em></span> <span class='ocrx_word' id='word_1_133' title='bbox 464 1154 591 1192; x_wconf 83' lang='lat' dir='ltr'><em>causis</em></span> <span class='ocrx_word' id='word_1_134' title='bbox 624 1153 746 1202; x_wconf 79' lang='lat' dir='ltr'><em>igitur</em></span> <span class='ocrx_word' id='word_1_135' title='bbox 777 1164 854 1190; x_wconf 91' lang='lat' dir='ltr'><em>non</em></span> <span class='ocrx_word' id='word_1_136' title='bbox 888 1154 1087 1191; x_wconf 88' lang='lat' dir='ltr'><em>orationes</em></span> <span class='ocrx_word' id='word_1_137' title='bbox 1121 1151 1189 1190; x_wconf 88' lang='lat' dir='ltr'><em>sed</em></span> <span class='ocrx_word' id='word_1_138' title='bbox 1217 1153 1437 1190; x_wconf 79' lang='lat' dir='ltr'><em>testimonia</em></span> <span class='ocrx_word' id='word_1_139' title='bbox 1466 1164 1555 1190; x_wconf 90' lang='lat' dir='ltr'><em>eum</em></span> <span class='ocrx_word' id='word_1_140' title='bbox 1584 1163 1655 1202; x_wconf 84' lang='lat' dir='ltr'><em>pro</em></span> <span class='ocrx_word' id='word_1_141' title='bbox 1683 1163 1749 1189; x_wconf 90' lang='lat' dir='ltr'><em>reo</em></span> <span class='ocrx_word' id='word_1_142' title='bbox 1778 1150 1833 1188; x_wconf 90' lang='lat' dir='ltr'><em>di-</em></span> 
     </span>
     <span class='ocr_line' id='line_1_16' title="bbox 300 1215 1835 1268; baseline -0.003 -10"><span class='ocrx_word' id='word_1_143' title='bbox 300 1222 405 1258; x_wconf 83' lang='lat' dir='ltr'><em>xisse</em></span> <span class='ocrx_word' id='word_1_144' title='bbox 428 1219 565 1257; x_wconf 85' lang='lat' dir='ltr'><em>Cicero</em></span> <span class='ocrx_word' id='word_1_145' title='bbox 593 1217 749 1268; x_wconf 73' lang='lat' dir='ltr'><em>iudicat,</em></span> <span class='ocrx_word' id='word_1_146' title='bbox 776 1217 899 1255; x_wconf 87' lang='lat' dir='ltr'><em>multo</em></span> <span class='ocrx_word' id='word_1_147' title='bbox 921 1222 1050 1255; x_wconf 91' lang='lat' dir='ltr'><em>tamen</em></span> <span class='ocrx_word' id='word_1_148' title='bbox 1071 1218 1195 1267; x_wconf 79' lang='lat' dir='ltr'><em>magis</em></span> <span class='ocrx_word' id='word_1_149' title='bbox 1217 1216 1387 1255; x_wconf 81' lang='lat' dir='ltr'><em>Scaurus</em></span> <span class='ocrx_word' id='word_1_150' title='bbox 1408 1215 1554 1266; x_wconf 81' lang='lat' dir='ltr'><em>habuit,</em></span> <span class='ocrx_word' id='word_1_151' title='bbox 1583 1229 1654 1255; x_wconf 88' lang='lat' dir='ltr'><em>cur</em></span> <span class='ocrx_word' id='word_1_152' title='bbox 1674 1217 1713 1253; x_wconf 88' lang='lat' dir='ltr'><em>in</em></span> <span class='ocrx_word' id='word_1_153' title='bbox 1734 1215 1835 1253; x_wconf 86' lang='lat' dir='ltr'><em>libro</em></span> 
     </span>
     <span class='ocr_line' id='line_1_17' title="bbox 300 1281 1836 1335; baseline -0.003 -12"><span class='ocrx_word' id='word_1_154' title='bbox 300 1297 370 1323; x_wconf 88' lang='lat' dir='ltr'><em>suo</em></span> <span class='ocrx_word' id='word_1_155' title='bbox 397 1284 588 1335; x_wconf 80' lang='lat' dir='ltr'><em>grauitate</em></span> <span class='ocrx_word' id='word_1_156' title='bbox 617 1288 655 1321; x_wconf 91' lang='lat' dir='ltr'><em>et</em></span> <span class='ocrx_word' id='word_1_157' title='bbox 681 1283 913 1320; x_wconf 88' lang='lat' dir='ltr'><em>auctoritate</em></span> <span class='ocrx_word' id='word_1_158' title='bbox 940 1282 1084 1320; x_wconf 89' lang='lat' dir='ltr'><em>indolis</em></span> <span class='ocrx_word' id='word_1_159' title='bbox 1111 1294 1203 1320; x_wconf 90' lang='lat' dir='ltr'><em>suae</em></span> <span class='ocrx_word' id='word_1_160' title='bbox 1232 1283 1382 1319; x_wconf 85' lang='lat' dir='ltr'><em>animos</em></span> <span class='ocrx_word' id='word_1_161' title='bbox 1404 1293 1539 1320; x_wconf 87' lang='lat' dir='ltr'><em>eorum</em></span> <span class='ocrx_word' id='word_1_162' title='bbox 1567 1282 1633 1332; x_wconf 87' lang='lat' dir='ltr'><em>qui</em></span> <span class='ocrx_word' id='word_1_163' title='bbox 1660 1281 1836 1331; x_wconf 82' lang='lat' dir='ltr'><em>legerent</em></span> 
     </span>
     <span class='ocr_line' id='line_1_18' title="bbox 300 1347 1835 1399; baseline -0.003 -11"><span class='ocrx_word' id='word_1_164' title='bbox 300 1355 480 1389; x_wconf 89' lang='lat' dir='ltr'><em>moueret</em></span> <span class='ocrx_word' id='word_1_165' title='bbox 506 1349 783 1399; x_wconf 83' lang='lat' dir='ltr'><em>propositaque</em></span> <span class='ocrx_word' id='word_1_166' title='bbox 813 1348 974 1386; x_wconf 87' lang='lat' dir='ltr'><em>uirtutis</em></span> <span class='ocrx_word' id='word_1_167' title='bbox 1002 1352 1039 1385; x_wconf 90' lang='lat' dir='ltr'><em>et</em></span> <span class='ocrx_word' id='word_1_168' title='bbox 1067 1348 1308 1385; x_wconf 77' lang='lat' dir='ltr'><em>constantiae</em></span> <span class='ocrx_word' id='word_1_169' title='bbox 1336 1358 1427 1384; x_wconf 89' lang='lat' dir='ltr'><em>suae</em></span> <span class='ocrx_word' id='word_1_170' title='bbox 1455 1347 1586 1396; x_wconf 80' lang='lat' dir='ltr'><em>specie</em></span> <span class='ocrx_word' id='word_1_171' title='bbox 1614 1347 1742 1384; x_wconf 84' lang='lat' dir='ltr'><em>omnia</em></span> <span class='ocrx_word' id='word_1_172' title='bbox 1769 1357 1835 1396; x_wconf 93' lang='lat' dir='ltr'><em>op—</em></span> 
     </span>
     <span class='ocr_line' id='line_1_19' title="bbox 300 1410 1837 1466; baseline -0.003 -13"><span class='ocrx_word' id='word_1_173' title='bbox 300 1414 459 1466; x_wconf 91' lang='lat' dir='ltr'><em>probria</em></span> <span class='ocrx_word' id='word_1_174' title='bbox 487 1419 526 1452; x_wconf 87' lang='lat' dir='ltr'><em>et</em></span> <span class='ocrx_word' id='word_1_175' title='bbox 558 1414 741 1463; x_wconf 76' lang='lat' dir='ltr'><em>crimina,</em></span> <span class='ocrx_word' id='word_1_176' title='bbox 775 1412 918 1463; x_wconf 90' lang='lat' dir='ltr'><em>quihus</em></span> <span class='ocrx_word' id='word_1_177' title='bbox 945 1411 1164 1463; x_wconf 74' lang='lat' dir='ltr'><em>petebatur,</em></span> <span class='ocrx_word' id='word_1_178' title='bbox 1197 1411 1427 1449; x_wconf 80' lang='lat' dir='ltr'><em>amoliretur</em></span> <span class='ocrx_word' id='word_1_179' title='bbox 1459 1416 1497 1449; x_wconf 87' lang='lat' dir='ltr'><em>et</em></span> <span class='ocrx_word' id='word_1_180' title='bbox 1524 1410 1703 1449; x_wconf 82' lang='lat' dir='ltr'><em>dilueret.</em></span> <span class='ocrx_word' id='word_1_181' title='bbox 1741 1410 1837 1449; x_wconf 86' lang='lat' dir='ltr'><em>haec</em></span> 
     </span>
     <span class='ocr_line' id='line_1_20' title="bbox 301 1471 1837 1528; baseline -0.004 -9"><span class='ocrx_word' id='word_1_182' title='bbox 301 1486 430 1519; x_wconf 83' lang='lat' dir='ltr'><em>tamen</em></span> <span class='ocrx_word' id='word_1_183' title='bbox 466 1480 564 1517; x_wconf 86' lang='lat' dir='ltr'><em>ratio</em></span> <span class='ocrx_word' id='word_1_184' title='bbox 598 1490 687 1517; x_wconf 90' lang='lat' dir='ltr'><em>eum</em></span> <span class='ocrx_word' id='word_1_185' title='bbox 721 1477 870 1516; x_wconf 83' lang='lat' dir='ltr'><em>fefellit.</em></span> <span class='ocrx_word' id='word_1_186' title='bbox 911 1490 1001 1515; x_wconf 85' lang='lat' dir='ltr'><em>nam</em></span> <span class='ocrx_word' id='word_1_187' title='bbox 1034 1476 1137 1528; x_wconf 87' lang='lat' dir='ltr'><em>quod</em></span> <span class='ocrx_word' id='word_1_188' title='bbox 1165 1477 1539 1515; x_wconf 76' lang='lat' dir='ltr'><em>commentariorum</em></span> <span class='ocrx_word' id='word_1_189' title='bbox 1566 1471 1837 1528; x_wconf 78' lang='grc' dir='ltr'>(ὑπομνημά-</span> 
     </span>
     <span class='ocr_line' id='line_1_21' title="bbox 302 1540 1838 1599; baseline -0.004 -16"><span class='ocrx_word' id='word_1_190' title='bbox 302 1541 411 1599; x_wconf 78' lang='grc' dir='ltr'>των)</span> <span class='ocrx_word' id='word_1_191' title='bbox 447 1545 611 1583; x_wconf 86' lang='lat' dir='ltr'><em>formam</em></span> <span class='ocrx_word' id='word_1_192' title='bbox 650 1542 851 1593; x_wconf 79' lang='lat' dir='ltr'><em>induerat,</em></span> <span class='ocrx_word' id='word_1_193' title='bbox 891 1543 974 1594; x_wconf 91' lang='lat' dir='ltr'><em>ipse</em></span> <span class='ocrx_word' id='word_1_194' title='bbox 1014 1554 1091 1581; x_wconf 89' lang='lat' dir='ltr'><em>non</em></span> <span class='ocrx_word' id='word_1_195' title='bbox 1126 1555 1169 1580; x_wconf 86' lang='lat' dir='ltr'><em>ea</em></span> <span class='ocrx_word' id='word_1_196' title='bbox 1207 1540 1449 1580; x_wconf 87' lang='lat' dir='ltr'><em>uerecundia</em></span> <span class='ocrx_word' id='word_1_197' title='bbox 1486 1545 1615 1579; x_wconf 88' lang='lat' dir='ltr'><em>motus</em></span> <span class='ocrx_word' id='word_1_198' title='bbox 1655 1545 1730 1590; x_wconf 84' lang='lat' dir='ltr'><em>est,</em></span> <span class='ocrx_word' id='word_1_199' title='bbox 1763 1552 1838 1590; x_wconf 83' lang='lat' dir='ltr'><em>qua</em></span> 
     </span>
     <span class='ocr_line' id='line_1_22' title="bbox 303 1603 1839 1660; baseline -0.005 -11"><span class='ocrx_word' id='word_1_200' title='bbox 303 1610 440 1649; x_wconf 87' lang='lat' dir='ltr'><em>Cicero</em></span> <span class='ocrx_word' id='word_1_201' title='bbox 468 1609 649 1648; x_wconf 88' lang='lat' dir='ltr'><em>simulata</em></span> <span class='ocrx_word' id='word_1_202' title='bbox 676 1622 697 1647; x_wconf 88' lang='lat' dir='ltr'><em>a</em></span> <span class='ocrx_word' id='word_1_203' title='bbox 718 1608 885 1647; x_wconf 81' lang='lat' dir='ltr'><em>Lucceio</em></span> <span class='ocrx_word' id='word_1_204' title='bbox 915 1603 983 1660; x_wconf 77' lang='lat' dir='ltr'><em>(ad</em></span> <span class='ocrx_word' id='word_1_205' title='bbox 1008 1608 1095 1646; x_wconf 85' lang='lat' dir='ltr'><em>fam.</em></span> <span class='ocrx_word' id='word_1_206' title='bbox 1117 1603 1301 1660; x_wconf 76' lang='lat'><em>5‚12,8)</em></span> <span class='ocrx_word' id='word_1_207' title='bbox 1328 1607 1452 1657; x_wconf 82' lang='lat' dir='ltr'><em>petiit,</em></span> <span class='ocrx_word' id='word_1_208' title='bbox 1478 1611 1521 1644; x_wconf 92' lang='lat' dir='ltr'><em>ut</em></span> <span class='ocrx_word' id='word_1_209' title='bbox 1547 1605 1839 1644; x_wconf 85' lang='lat' dir='ltr'><em>commentariis</em></span> 
     </span>
     <span class='ocr_line' id='line_1_23' title="bbox 304 1670 1840 1725; baseline -0.005 -11"><span class='ocrx_word' id='word_1_210' title='bbox 304 1689 325 1715; x_wconf 86' lang='lat' dir='ltr'><em>a</em></span> <span class='ocrx_word' id='word_1_211' title='bbox 356 1688 397 1714; x_wconf 90' lang='lat' dir='ltr'><em>se</em></span> <span class='ocrx_word' id='word_1_212' title='bbox 425 1676 584 1725; x_wconf 85' lang='lat' dir='ltr'><em>scriptis</em></span> <span class='ocrx_word' id='word_1_213' title='bbox 611 1687 707 1713; x_wconf 86' lang='lat' dir='ltr'><em>usus</em></span> <span class='ocrx_word' id='word_1_214' title='bbox 735 1675 912 1712; x_wconf 81' lang='lat' dir='ltr'><em>ornatius</em></span> <span class='ocrx_word' id='word_1_215' title='bbox 941 1673 987 1711; x_wconf 93' lang='lat' dir='ltr'><em>de</em></span> <span class='ocrx_word' id='word_1_216' title='bbox 1016 1685 1057 1711; x_wconf 89' lang='lat' dir='ltr'><em>se</em></span> <span class='ocrx_word' id='word_1_217' title='bbox 1085 1672 1294 1722; x_wconf 80' lang='lat' dir='ltr'><em>scriberet3</em></span> <span class='ocrx_word' id='word_1_218' title='bbox 1328 1683 1418 1709; x_wconf 90' lang='lat' dir='ltr'><em>nam</em></span> <span class='ocrx_word' id='word_1_219' title='bbox 1445 1670 1492 1709; x_wconf 85' lang='lat' dir='ltr'><em>ab</em></span> <span class='ocrx_word' id='word_1_220' title='bbox 1519 1671 1604 1708; x_wconf 87' lang='lat' dir='ltr'><em>eius</em></span> <span class='ocrx_word' id='word_1_221' title='bbox 1636 1674 1775 1708; x_wconf 81' lang='lat' dir='ltr'><em>natura</em></span> <span class='ocrx_word' id='word_1_222' title='bbox 1802 1674 1840 1708; x_wconf 89' lang='lat' dir='ltr'><em>et</em></span> 
     </span>
     <span class='ocr_line' id='line_1_24' title="bbox 303 1734 1840 1786; baseline -0.005 -7"><span class='ocrx_word' id='word_1_223' title='bbox 303 1746 427 1780; x_wconf 84' lang='lat' dir='ltr'><em>aetate</em></span> <span class='ocrx_word' id='word_1_224' title='bbox 455 1745 493 1779; x_wconf 91' lang='lat' dir='ltr'><em>et</em></span> <span class='ocrx_word' id='word_1_225' title='bbox 519 1740 755 1778; x_wconf 85' lang='lat' dir='ltr'><em>artificiosus</em></span> <span class='ocrx_word' id='word_1_226' title='bbox 783 1743 945 1777; x_wconf 85' lang='lat' dir='ltr'><em>ornatus</em></span> <span class='ocrx_word' id='word_1_227' title='bbox 978 1738 1167 1776; x_wconf 89' lang='lat' dir='ltr'><em>orationis</em></span> <span class='ocrx_word' id='word_1_228' title='bbox 1195 1742 1233 1775; x_wconf 89' lang='lat' dir='ltr'><em>et</em></span> <span class='ocrx_word' id='word_1_229' title='bbox 1258 1736 1324 1775; x_wconf 93' lang='lat' dir='ltr'><em>ille</em></span> <span class='ocrx_word' id='word_1_230' title='bbox 1353 1737 1554 1786; x_wconf 85' lang='lat' dir='ltr'><em>quaesitus</em></span> <span class='ocrx_word' id='word_1_231' title='bbox 1580 1734 1707 1785; x_wconf 88' lang='lat' dir='ltr'><em>pudor</em></span> <span class='ocrx_word' id='word_1_232' title='bbox 1733 1735 1840 1785; x_wconf 79' lang='lat' dir='ltr'><em>afuit,</em></span> 
     </span>
     <span class='ocr_line' id='line_1_25' title="bbox 302 1799 1840 1856; baseline -0.005 -12"><span class='ocrx_word' id='word_1_233' title='bbox 302 1812 348 1844; x_wconf 87' lang='lat' dir='ltr'><em>ut</em></span> <span class='ocrx_word' id='word_1_234' title='bbox 378 1805 500 1844; x_wconf 86' lang='lat' dir='ltr'><em>libere</em></span> <span class='ocrx_word' id='word_1_235' title='bbox 534 1817 643 1856; x_wconf 85' lang='lat' dir='ltr'><em>spem</em></span> <span class='ocrx_word' id='word_1_236' title='bbox 676 1805 888 1842; x_wconf 86' lang='lat' dir='ltr'><em>memoriae</em></span> <span class='ocrx_word' id='word_1_237' title='bbox 923 1804 1089 1841; x_wconf 77' lang='lat' dir='ltr'><em>sentiret</em></span> <span class='ocrx_word' id='word_1_238' title='bbox 1119 1807 1157 1840; x_wconf 90' lang='lat' dir='ltr'><em>et</em></span> <span class='ocrx_word' id='word_1_239' title='bbox 1183 1806 1408 1852; x_wconf 83' lang='lat' dir='ltr'><em>expectaret</em></span> <span class='ocrx_word' id='word_1_240' title='bbox 1434 1807 1548 1851; x_wconf 84' lang='lat' dir='ltr'><em>atque</em></span> <span class='ocrx_word' id='word_1_241' title='bbox 1576 1801 1705 1838; x_wconf 85' lang='lat' dir='ltr'><em>omnia</em></span> <span class='ocrx_word' id='word_1_242' title='bbox 1732 1799 1840 1838; x_wconf 84' lang='lat' dir='ltr'><em>adiu-</em></span> 
     </span>
     <span class='ocr_line' id='line_1_26' title="bbox 304 1865 1837 1920; baseline -0.005 -11"><span class='ocrx_word' id='word_1_243' title='bbox 304 1877 436 1909; x_wconf 82' lang='lat' dir='ltr'><em>menta</em></span> <span class='ocrx_word' id='word_1_244' title='bbox 471 1870 714 1908; x_wconf 72' lang='lat' dir='ltr'><em>auctoritatis</em></span> <span class='ocrx_word' id='word_1_245' title='bbox 754 1868 1027 1920; x_wconf 84' lang='lat' dir='ltr'><em>propagandae</em></span> <span class='ocrx_word' id='word_1_246' title='bbox 1066 1872 1282 1918; x_wconf 76' lang='lat' dir='ltr'><em>sperneret.</em></span> <span class='ocrx_word' id='word_1_247' title='bbox 1329 1865 1398 1904; x_wconf 89' lang='lat' dir='ltr'><em>sed</em></span> <span class='ocrx_word' id='word_1_248' title='bbox 1438 1877 1525 1904; x_wconf 86' lang='lat' dir='ltr'><em>cum</em></span> <span class='ocrx_word' id='word_1_249' title='bbox 1565 1866 1724 1903; x_wconf 89' lang='lat' dir='ltr'><em>omnino</em></span> <span class='ocrx_word' id='word_1_250' title='bbox 1763 1865 1837 1903; x_wconf 86' lang='lat' dir='ltr'><em>hoe</em></span> 
     </span>
     <span class='ocr_line' id='line_1_27' title="bbox 304 1931 1842 1987; baseline -0.005 -13"><span class='ocrx_word' id='word_1_251' title='bbox 304 1937 554 1987; x_wconf 87' lang='lat' dir='ltr'><em>potissimum</em></span> <span class='ocrx_word' id='word_1_252' title='bbox 595 1935 967 1973; x_wconf 85' lang='lat' dir='ltr'><em>commentariorum</em></span> <span class='ocrx_word' id='word_1_253' title='bbox 1007 1944 1130 1983; x_wconf 84' lang='lat' dir='ltr'><em>genus</em></span> <span class='ocrx_word' id='word_1_254' title='bbox 1168 1944 1241 1983; x_wconf 89' lang='lat' dir='ltr'><em>per</em></span> <span class='ocrx_word' id='word_1_255' title='bbox 1280 1931 1402 1969; x_wconf 89' lang='lat' dir='ltr'><em>breue</em></span> <span class='ocrx_word' id='word_1_256' title='bbox 1443 1931 1632 1981; x_wconf 85' lang='lat' dir='ltr'><em>temporis</em></span> <span class='ocrx_word' id='word_1_257' title='bbox 1672 1931 1842 1980; x_wconf 89' lang='lat' dir='ltr'><em>spatium</em></span> 
     </span>
     <span class='ocr_line' id='line_1_28' title="bbox 308 1993 1841 2051; baseline -0.005 -12"><span class='ocrx_word' id='word_1_258' title='bbox 308 2002 507 2051; x_wconf 81' lang='lat' dir='ltr'><em>integrum</em></span> <span class='ocrx_word' id='word_1_259' title='bbox 532 2001 723 2038; x_wconf 85' lang='lat' dir='ltr'><em>manserit</em></span> <span class='ocrx_word' id='word_1_260' title='bbox 750 2004 864 2049; x_wconf 84' lang='lat' dir='ltr'><em>atque</em></span> <span class='ocrx_word' id='word_1_261' title='bbox 892 1998 938 2037; x_wconf 89' lang='lat' dir='ltr'><em>ab</em></span> <span class='ocrx_word' id='word_1_262' title='bbox 966 1997 1052 2037; x_wconf 89' lang='lat' dir='ltr'><em>aliis</em></span> <span class='ocrx_word' id='word_1_263' title='bbox 1077 1998 1317 2048; x_wconf 85' lang='lat' dir='ltr'><em>exscriptum</em></span> <span class='ocrx_word' id='word_1_264' title='bbox 1345 2001 1383 2034; x_wconf 91' lang='lat' dir='ltr'><em>et</em></span> <span class='ocrx_word' id='word_1_265' title='bbox 1409 2001 1491 2034; x_wconf 86' lang='lat' dir='ltr'><em>arte</em></span> <span class='ocrx_word' id='word_1_266' title='bbox 1519 2000 1748 2033; x_wconf 82' lang='lat' dir='ltr'><em>exornatum</em></span> <span class='ocrx_word' id='word_1_267' title='bbox 1775 1993 1841 2032; x_wconf 91' lang='lat' dir='ltr'><em>ob-</em></span> 
     </span>
     <span class='ocr_line' id='line_1_29' title="bbox 306 2059 1842 2114; baseline -0.005 -10"><span class='ocrx_word' id='word_1_268' title='bbox 306 2066 521 2105; x_wconf 86' lang='lat' dir='ltr'><em>litteratum</em></span> <span class='ocrx_word' id='word_1_269' title='bbox 543 2066 605 2113; x_wconf 77' lang='lat' dir='ltr'><em>sit,</em></span> <span class='ocrx_word' id='word_1_270' title='bbox 625 2077 704 2103; x_wconf 88' lang='lat' dir='ltr'><em>non</em></span> <span class='ocrx_word' id='word_1_271' title='bbox 724 2063 968 2113; x_wconf 79' lang='lat' dir='ltr'><em>mirabimur,</em></span> <span class='ocrx_word' id='word_1_272' title='bbox 990 2062 1093 2114; x_wconf 92' lang='lat' dir='ltr'><em>quod</em></span> <span class='ocrx_word' id='word_1_273' title='bbox 1109 2062 1246 2100; x_wconf 77' lang='lat' dir='ltr'><em>Scauri</em></span> <span class='ocrx_word' id='word_1_274' title='bbox 1266 2073 1364 2112; x_wconf 92' lang='lat' dir='ltr'><em>opus</em></span> <span class='ocrx_word' id='word_1_275' title='bbox 1385 2062 1491 2099; x_wconf 89' lang='lat' dir='ltr'><em>omni</em></span> <span class='ocrx_word' id='word_1_276' title='bbox 1512 2065 1594 2098; x_wconf 86' lang='lat' dir='ltr'><em>arte</em></span> <span class='ocrx_word' id='word_1_277' title='bbox 1610 2059 1842 2098; x_wconf 88' lang='lat' dir='ltr'><em>elocutionis</em></span> 
     </span>
     <span class='ocr_line' id='line_1_30' title="bbox 308 2124 1841 2179; baseline -0.005 -10"><span class='ocrx_word' id='word_1_278' title='bbox 308 2131 538 2170; x_wconf 89' lang='lat' dir='ltr'><em>destitutum</em></span> <span class='ocrx_word' id='word_1_279' title='bbox 566 2142 651 2168; x_wconf 88' lang='lat' dir='ltr'><em>eam</em></span> <span class='ocrx_word' id='word_1_280' title='bbox 678 2135 824 2167; x_wconf 88' lang='lat' dir='ltr'><em>sortem</em></span> <span class='ocrx_word' id='word_1_281' title='bbox 852 2140 1010 2179; x_wconf 84' lang='lat' dir='ltr'><em>passum</em></span> <span class='ocrx_word' id='word_1_282' title='bbox 1038 2133 1108 2177; x_wconf 66' lang='lat' dir='ltr'><em>est,</em></span> <span class='ocrx_word' id='word_1_283' title='bbox 1138 2127 1372 2177; x_wconf 88' lang='lat' dir='ltr'><em>praesertim</em></span> <span class='ocrx_word' id='word_1_284' title='bbox 1399 2130 1605 2176; x_wconf 83' lang='lat' dir='ltr'><em>postquam</em></span> <span class='ocrx_word' id='word_1_285' title='bbox 1633 2124 1841 2163; x_wconf 85' lang='lat' dir='ltr'><em>Sallustius</em></span> 
     </span>
     <span class='ocr_line' id='line_1_31' title="bbox 307 2185 1693 2248; baseline -0.004 -14"><span class='ocrx_word' id='word_1_286' title='bbox 307 2197 433 2248; x_wconf 87' lang='lat' dir='ltr'><em>ipsius</em></span> <span class='ocrx_word' id='word_1_287' title='bbox 461 2195 740 2246; x_wconf 82' lang='lat' dir='ltr'><em>Ciceronisque</em></span> <span class='ocrx_word' id='word_1_288' title='bbox 768 2193 903 2233; x_wconf 87' lang='lat' dir='ltr'><em>laudes</em></span> <span class='ocrx_word' id='word_1_289' title='bbox 930 2192 1156 2231; x_wconf 85' lang='lat' dir='ltr'><em>moderatus</em></span> <span class='ocrx_word' id='word_1_290' title='bbox 1183 2191 1230 2230; x_wconf 88' lang='lat' dir='ltr'><em>ad</em></span> <span class='ocrx_word' id='word_1_291' title='bbox 1256 2192 1465 2230; x_wconf 88' lang='lat' dir='ltr'><em>ueritatem</em></span> <span class='ocrx_word' id='word_1_292' title='bbox 1492 2185 1693 2243; x_wconf 69' lang='lat' dir='ltr'><em>redegit.¹)</em></span> 
     </span>
    </p>

    <p class='ocr_par' dir='ltr' id='par_1_4' title="bbox 309 2253 1845 2373">
     <span class='ocr_line' id='line_1_32' title="bbox 397 2253 1843 2309; baseline -0.005 -10"><span class='ocrx_word' id='word_1_293' title='bbox 397 2261 503 2299; x_wconf 92' lang='lat' dir='ltr'><em>Vnus</em></span> <span class='ocrx_word' id='word_1_294' title='bbox 529 2260 721 2298; x_wconf 87' lang='lat' dir='ltr'><em>Asconius</em></span> <span class='ocrx_word' id='word_1_295' title='bbox 747 2265 824 2298; x_wconf 86' lang='lat' dir='ltr'><em>tam</em></span> <span class='ocrx_word' id='word_1_296' title='bbox 853 2259 1019 2309; x_wconf 83' lang='lat' dir='ltr'><em>diligens</em></span> <span class='ocrx_word' id='word_1_297' title='bbox 1046 2258 1135 2308; x_wconf 78' lang='lat' dir='ltr'><em>suit,</em></span> <span class='ocrx_word' id='word_1_298' title='bbox 1168 2263 1211 2296; x_wconf 91' lang='lat' dir='ltr'><em>ut</em></span> <span class='ocrx_word' id='word_1_299' title='bbox 1244 2257 1431 2295; x_wconf 88' lang='lat' dir='ltr'><em>orationis</em></span> <span class='ocrx_word' id='word_1_300' title='bbox 1457 2254 1694 2294; x_wconf 85' lang='lat' dir='ltr'><em>Aemilianae</em></span> <span class='ocrx_word' id='word_1_301' title='bbox 1723 2253 1843 2305; x_wconf 89' lang='lat' dir='ltr'><em>expli-</em></span> 
     </span>
     <span class='ocr_line' id='line_1_33' title="bbox 309 2316 1845 2373; baseline -0.005 -8"><span class='ocrx_word' id='word_1_302' title='bbox 309 2326 454 2365; x_wconf 84' lang='lat' dir='ltr'><em>candae</em></span> <span class='ocrx_word' id='word_1_303' title='bbox 491 2338 606 2364; x_wconf 88' lang='lat' dir='ltr'><em>causa</em></span> <span class='ocrx_word' id='word_1_304' title='bbox 642 2324 689 2363; x_wconf 84' lang='lat' dir='ltr'><em>ad</em></span> <span class='ocrx_word' id='word_1_305' title='bbox 720 2325 826 2363; x_wconf 84' lang='lat' dir='ltr'><em>hunc</em></span> <span class='ocrx_word' id='word_1_306' title='bbox 859 2324 1005 2362; x_wconf 86' lang='lat' dir='ltr'><em>fontem</em></span> <span class='ocrx_word' id='word_1_307' title='bbox 1039 2321 1257 2361; x_wconf 88' lang='lat' dir='ltr'><em>eruendum</em></span> <span class='ocrx_word' id='word_1_308' title='bbox 1289 2316 1576 2373; x_wconf 77' lang='lat' dir='ltr'><em>penetraret2)‚</em></span> <span class='ocrx_word' id='word_1_309' title='bbox 1613 2319 1715 2370; x_wconf 86' lang='lat' dir='ltr'><em>apud</em></span> <span class='ocrx_word' id='word_1_310' title='bbox 1749 2319 1845 2357; x_wconf 87' lang='lat' dir='ltr'><em>alios</em></span> 
     </span>
    </p>
   </div>
   <div class='ocr_carea' id='block_1_3' title="bbox 314 2427 468 2430">
    <p class='ocr_par' dir='ltr' id='par_1_5' title="bbox 314 2427 468 2430">
     <span class='ocr_line' id='line_1_34' title="bbox 314 2427 468 2430; baseline 0 0"><span class='ocrx_word' id='word_1_311' title='bbox 314 2427 468 2430; x_wconf 95' lang='lat' dir='ltr'><em> </em></span> 
     </span>
    </p>
   </div>
   <div class='ocr_carea' id='block_1_4' title="bbox 311 2474 1849 2898">
    <p class='ocr_par' dir='ltr' id='par_1_6' title="bbox 311 2474 1849 2845">
     <span class='ocr_line' id='line_1_35' title="bbox 408 2474 1846 2527; baseline -0.006 -11"><span class='ocrx_word' id='word_1_312' title='bbox 408 2483 441 2527; x_wconf 75' lang='lat'><em>1&gt;</em></span> <span class='ocrx_word' id='word_1_313' title='bbox 466 2481 634 2526; x_wconf 74' lang='lat' dir='ltr'><em>Iugurth.</em></span> <span class='ocrx_word' id='word_1_314' title='bbox 657 2485 711 2523; x_wconf 79' lang='lat'><em>15,</em></span> <span class='ocrx_word' id='word_1_315' title='bbox 734 2483 770 2514; x_wconf 85' lang='lat'><em>3:</em></span> <span class='ocrx_word' id='word_1_316' title='bbox 797 2480 849 2515; x_wconf 77' lang='lat' dir='ltr'><em>At</em></span> <span class='ocrx_word' id='word_1_317' title='bbox 871 2483 998 2514; x_wconf 76' lang='lat' dir='ltr'><em>eontra</em></span> <span class='ocrx_word' id='word_1_318' title='bbox 1019 2479 1144 2522; x_wconf 76' lang='lat' dir='ltr'><em>pauci,</em></span> <span class='ocrx_word' id='word_1_319' title='bbox 1172 2478 1303 2522; x_wconf 76' lang='lat' dir='ltr'><em>quibus</em></span> <span class='ocrx_word' id='word_1_320' title='bbox 1329 2478 1462 2511; x_wconf 72' lang='lat' dir='ltr'><em>bonam</em></span> <span class='ocrx_word' id='word_1_321' title='bbox 1481 2479 1512 2509; x_wconf 76' lang='lat' dir='ltr'><em>et</em></span> <span class='ocrx_word' id='word_1_322' title='bbox 1531 2486 1681 2518; x_wconf 76' lang='lat' dir='ltr'><em>aequom</em></span> <span class='ocrx_word' id='word_1_323' title='bbox 1701 2474 1846 2508; x_wconf 70' lang='lat' dir='ltr'><em>diuitiis</em></span> 
     </span>
     <span class='ocr_line' id='line_1_36' title="bbox 311 2526 1846 2577; baseline -0.007 -7"><span class='ocrx_word' id='word_1_324' title='bbox 311 2536 436 2570; x_wconf 80' lang='lat' dir='ltr'><em>carius</em></span> <span class='ocrx_word' id='word_1_325' title='bbox 462 2540 549 2577; x_wconf 75' lang='lat' dir='ltr'><em>erat,</em></span> <span class='ocrx_word' id='word_1_326' title='bbox 573 2533 868 2569; x_wconf 71' lang='lat' dir='ltr'><em>subuenimzclum</em></span> <span class='ocrx_word' id='word_1_327' title='bbox 889 2532 1093 2567; x_wconf 78' lang='lat' dir='ltr'><em>Adherbali</em></span> <span class='ocrx_word' id='word_1_328' title='bbox 1111 2536 1144 2566; x_wconf 82' lang='lat' dir='ltr'><em>et</em></span> <span class='ocrx_word' id='word_1_329' title='bbox 1163 2530 1388 2575; x_wconf 77' lang='lat' dir='ltr'><em>Hiempsalis</em></span> <span class='ocrx_word' id='word_1_330' title='bbox 1416 2533 1561 2563; x_wconf 80' lang='lat' dir='ltr'><em>mortem</em></span> <span class='ocrx_word' id='word_1_331' title='bbox 1583 2538 1702 2562; x_wconf 81' lang='lat' dir='ltr'><em>seuere</em></span> <span class='ocrx_word' id='word_1_332' title='bbox 1721 2526 1846 2561; x_wconf 70' lang='lat' dir='ltr'><em>uindi-</em></span> 
     </span>
     <span class='ocr_line' id='line_1_37' title="bbox 311 2581 1846 2629; baseline -0.007 -6"><span class='ocrx_word' id='word_1_333' title='bbox 311 2589 468 2623; x_wconf 76' lang='lat' dir='ltr'><em>candam</em></span> <span class='ocrx_word' id='word_1_334' title='bbox 494 2589 700 2629; x_wconf 74' lang='lat' dir='ltr'><em>censebant,</em></span> <span class='ocrx_word' id='word_1_335' title='bbox 725 2587 786 2622; x_wconf 84' lang='lat' dir='ltr'><em>sed</em></span> <span class='ocrx_word' id='word_1_336' title='bbox 812 2598 856 2621; x_wconf 70' lang='lat' dir='ltr'><em>em</em></span> <span class='ocrx_word' id='word_1_337' title='bbox 881 2586 1048 2621; x_wconf 79' lang='lat' dir='ltr'><em>omnibus</em></span> <span class='ocrx_word' id='word_1_338' title='bbox 1070 2595 1238 2619; x_wconf 71' lang='lat' dir='ltr'><em>maxume</em></span> <span class='ocrx_word' id='word_1_339' title='bbox 1257 2584 1435 2618; x_wconf 76' lang='lat' dir='ltr'><em>Aemilius</em></span> <span class='ocrx_word' id='word_1_340' title='bbox 1458 2582 1630 2623; x_wconf 76' lang='lat' dir='ltr'><em>Scaurus,</em></span> <span class='ocrx_word' id='word_1_341' title='bbox 1657 2581 1759 2615; x_wconf 82' lang='lat' dir='ltr'><em>homo</em></span> <span class='ocrx_word' id='word_1_342' title='bbox 1784 2590 1846 2613; x_wconf 69' lang='lat' dir='ltr'><em>‘no-</em></span> 
     </span>
     <span class='ocr_line' id='line_1_38' title="bbox 312 2635 1848 2687; baseline -0.007 -10"><span class='ocrx_word' id='word_1_343' title='bbox 312 2643 412 2684; x_wconf 67' lang='lat' dir='ltr'><em>bilis,</em></span> <span class='ocrx_word' id='word_1_344' title='bbox 438 2642 598 2687; x_wconf 74' lang='lat' dir='ltr'><em>inpiyer,</em></span> <span class='ocrx_word' id='word_1_345' title='bbox 623 2642 817 2684; x_wconf 76' lang='lat' dir='ltr'><em>factiosas,</em></span> <span class='ocrx_word' id='word_1_346' title='bbox 845 2639 983 2674; x_wconf 78' lang='lat' dir='ltr'><em>auidus</em></span> <span class='ocrx_word' id='word_1_347' title='bbox 1006 2639 1204 2682; x_wconf 70' lang='lat' dir='ltr'><em>potentiae,</em></span> <span class='ocrx_word' id='word_1_348' title='bbox 1230 2637 1393 2678; x_wconf 78' lang='lat' dir='ltr'><em>honoris,</em></span> <span class='ocrx_word' id='word_1_349' title='bbox 1427 2635 1664 2676; x_wconf 74' lang='lat' dir='ltr'><em>diuitiarum,</em></span> <span class='ocrx_word' id='word_1_350' title='bbox 1696 2637 1848 2668; x_wconf 74' lang='lat' dir='ltr'><em>ceteram</em></span> 
     </span>
     <span class='ocr_line' id='line_1_39' title="bbox 312 2686 1849 2730; baseline -0.007 -1"><span class='ocrx_word' id='word_1_351' title='bbox 312 2696 410 2730; x_wconf 71' lang='lat' dir='ltr'><em>uitia</em></span> <span class='ocrx_word' id='word_1_352' title='bbox 435 2706 505 2729; x_wconf 81' lang='lat' dir='ltr'><em>sua</em></span> <span class='ocrx_word' id='word_1_353' title='bbox 531 2694 662 2729; x_wconf 66' lang='lat' dir='ltr'><em>callide</em></span> <span class='ocrx_word' id='word_1_354' title='bbox 681 2694 877 2728; x_wconf 70' lang='lat' dir='ltr'><em>occultans.</em></span> <span class='ocrx_word' id='word_1_355' title='bbox 918 2692 962 2726; x_wconf 81' lang='lat' dir='ltr'><em>cf.</em></span> <span class='ocrx_word' id='word_1_356' title='bbox 985 2690 1021 2726; x_wconf 81' lang='lat' dir='ltr'><em>C.</em></span> <span class='ocrx_word' id='word_1_357' title='bbox 1043 2689 1237 2724; x_wconf 76' lang='lat' dir='ltr'><em>Lauekner</em></span> <span class='ocrx_word' id='word_1_358' title='bbox 1262 2690 1336 2724; x_wconf 78' lang='lat' dir='ltr'><em>Die</em></span> <span class='ocrx_word' id='word_1_359' title='bbox 1355 2688 1659 2724; x_wconf 75' lang='lat' dir='ltr'><em>kuenstlerischen</em></span> <span class='ocrx_word' id='word_1_360' title='bbox 1685 2686 1762 2720; x_wconf 68' lang='lat' dir='ltr'><em>und</em></span> <span class='ocrx_word' id='word_1_361' title='bbox 1781 2696 1849 2729; x_wconf 79' lang='lat'><em>100-</em></span> 
     </span>
     <span class='ocr_line' id='line_1_40' title="bbox 313 2738 1846 2791; baseline -0.007 -8"><span class='ocrx_word' id='word_1_362' title='bbox 313 2748 478 2784; x_wconf 73' lang='lat' dir='ltr'><em>litischen</em></span> <span class='ocrx_word' id='word_1_363' title='bbox 503 2748 599 2781; x_wconf 79' lang='lat' dir='ltr'><em>Ziele</em></span> <span class='ocrx_word' id='word_1_364' title='bbox 625 2747 688 2781; x_wconf 81' lang='lat' dir='ltr'><em>der</em></span> <span class='ocrx_word' id='word_1_365' title='bbox 708 2746 978 2791; x_wconf 73' lang='lat' dir='ltr'><em>Monoyraphie</em></span> <span class='ocrx_word' id='word_1_366' title='bbox 996 2745 1154 2780; x_wconf 76' lang='lat' dir='ltr'><em>Sallusts</em></span> <span class='ocrx_word' id='word_1_367' title='bbox 1180 2744 1285 2778; x_wconf 77' lang='lat' dir='ltr'><em>ueber</em></span> <span class='ocrx_word' id='word_1_368' title='bbox 1312 2743 1380 2777; x_wconf 76' lang='lat' dir='ltr'><em>den</em></span> <span class='ocrx_word' id='word_1_369' title='bbox 1405 2741 1574 2786; x_wconf 57' lang='lat' dir='ltr'><em>Iugur-th.</em></span> <span class='ocrx_word' id='word_1_370' title='bbox 1595 2741 1710 2784; x_wconf 72' lang='lat' dir='ltr'><em>Kriey</em></span> <span class='ocrx_word' id='word_1_371' title='bbox 1737 2738 1846 2783; x_wconf 77' lang='lat' dir='ltr'><em>(Dies.</em></span> 
     </span>
     <span class='ocr_line' id='line_1_41' title="bbox 318 2801 554 2845; baseline -0.008 -10"><span class='ocrx_word' id='word_1_372' title='bbox 318 2801 416 2845; x_wconf 80' lang='lat' dir='ltr'><em>Lips.</em></span> <span class='ocrx_word' id='word_1_373' title='bbox 440 2801 554 2844; x_wconf 83' lang='lat'>1911).</span> 
     </span>
    </p>

    <p class='ocr_par' dir='ltr' id='par_1_7' title="bbox 410 2844 1846 2898">
     <span class='ocr_line' id='line_1_42' title="bbox 410 2844 1846 2898; baseline -0.006 -11"><span class='ocrx_word' id='word_1_374' title='bbox 410 2855 444 2898; x_wconf 79' lang='lat'><em>2)</em></span> <span class='ocrx_word' id='word_1_375' title='bbox 471 2851 724 2887; x_wconf 76' lang='lat' dir='ltr'><em>Lichtenfeldt</em></span> <span class='ocrx_word' id='word_1_376' title='bbox 761 2851 829 2896; x_wconf 81' lang='lat' dir='ltr'><em>(De</em></span> <span class='ocrx_word' id='word_1_377' title='bbox 861 2851 943 2886; x_wconf 86' lang='lat' dir='ltr'><em>Asc.</em></span> <span class='ocrx_word' id='word_1_378' title='bbox 970 2850 1137 2885; x_wconf 70' lang='lat' dir='ltr'><em>fontibus</em></span> <span class='ocrx_word' id='word_1_379' title='bbox 1170 2860 1213 2884; x_wconf 79' lang='lat' dir='ltr'><em>ac</em></span> <span class='ocrx_word' id='word_1_380' title='bbox 1245 2848 1330 2893; x_wconf 81' lang='lat' dir='ltr'><em>fide)</em></span> <span class='ocrx_word' id='word_1_381' title='bbox 1368 2847 1461 2882; x_wconf 80' lang='lat' dir='ltr'><em>haec</em></span> <span class='ocrx_word' id='word_1_382' title='bbox 1493 2847 1541 2883; x_wconf 78' lang='lat' dir='ltr'><em>ab</em></span> <span class='ocrx_word' id='word_1_383' title='bbox 1578 2857 1620 2880; x_wconf 87' lang='lat' dir='ltr'><em>eo</em></span> <span class='ocrx_word' id='word_1_384' title='bbox 1652 2844 1846 2890; x_wconf 75' lang='lat' dir='ltr'><em>repetiuit:</em></span> 
     </span>
    </p>
   </div>
   <div class='ocr_carea' id='block_1_5' title="bbox 1955 158 1964 747">
    <p class='ocr_par' dir='ltr' id='par_1_8' title="bbox 1955 158 1964 747">
     <span class='ocr_line' id='line_1_43' title="bbox 1955 158 1964 747; baseline 0 0"><span class='ocrx_word' id='word_1_385' title='bbox 1955 158 1964 747; x_wconf 95' lang='lat' dir='ltr'><em> </em></span> 
     </span>
    </p>
   </div>
   <div class='ocr_carea' id='block_1_6' title="bbox 1920 0 2002 3342">
    <p class='ocr_par' dir='ltr' id='par_1_9' title="bbox 1920 0 2002 3342">
     <span class='ocr_line' id='line_1_44' title="bbox 1920 0 2002 3342; baseline 0 0"><span class='ocrx_word' id='word_1_386' title='bbox 1920 0 2002 3342; x_wconf 95' lang='lat' dir='ltr'><em> </em></span> 
     </span>
    </p>
   </div>
  </div>
 </body>
</html>
