<?xml version="1.0" encoding="UTF-8"?>
<!DOCTYPE html PUBLIC "-//W3C//DTD XHTML 1.0 Transitional//EN"
    "http://www.w3.org/TR/xhtml1/DTD/xhtml1-transitional.dtd">
<html xmlns="http://www.w3.org/1999/xhtml" xml:lang="en" lang="en">
 <head>
  <title>
</title>
<meta http-equiv="Content-Type" content="text/html;charset=utf-8" />
  <meta name='ocr-system' content='tesseract 3.04.00' />
  <meta name='ocr-capabilities' content='ocr_page ocr_carea ocr_par ocr_line ocrx_word'/>
</head>
<body>
  <div class='ocr_page' id='page_1' title='image "./historicorumroma01peteuoft_0135.png"; bbox 0 0 2002 3342; ppageno 0'>
   <div class='ocr_carea' id='block_1_1' title="bbox 0 0 40 2415">
    <p class='ocr_par' dir='ltr' id='par_1_1' title="bbox 0 0 40 2415">
     <span class='ocr_line' id='line_1_1' title="bbox 0 0 40 2415; baseline 0 0"><span class='ocrx_word' id='word_1_1' title='bbox 0 0 40 2415; x_wconf 95' lang='lat' dir='ltr'> </span> 
     </span>
    </p>
   </div>
   <div class='ocr_carea' id='block_1_2' title="bbox 0 2813 14 3342">
    <p class='ocr_par' dir='ltr' id='par_1_2' title="bbox 0 2808 14 3342">
     <span class='ocr_line' id='line_1_2' title="bbox 0 2813 10 3136; baseline 0 -34"><span class='ocrx_word' id='word_1_2' title='bbox 0 2813 10 3136; x_wconf 75' lang='lat' dir='ltr'>l</span> 
     </span>
     <span class='ocr_line' id='line_1_3' title="bbox 0 3137 14 3342; baseline 0 0"><span class='ocrx_word' id='word_1_3' title='bbox 0 3137 14 3342; x_wconf 72' lang='lat' dir='ltr'>l</span> 
     </span>
    </p>
   </div>
   <div class='ocr_carea' id='block_1_3' title="bbox 767 606 1157 673">
    <p class='ocr_par' dir='ltr' id='par_1_3' title="bbox 767 606 1157 673">
     <span class='ocr_line' id='line_1_4' title="bbox 767 606 1157 673; baseline -0.005 -16"><span class='ocrx_word' id='word_1_4' title='bbox 767 607 820 657; x_wconf 77' lang='lat' dir='ltr'>e.</span> <span class='ocrx_word' id='word_1_5' title='bbox 852 606 1157 673; x_wconf 78' lang='lat' dir='ltr'><strong>ACILIVS1)</strong></span> 
     </span>
    </p>
   </div>
   <div class='ocr_carea' id='block_1_4' title="bbox 181 721 1732 2537">
    <p class='ocr_par' dir='ltr' id='par_1_4' title="bbox 182 721 1732 2408">
     <span class='ocr_line' id='line_1_5' title="bbox 284 721 1732 772; baseline 0.001 -11"><span class='ocrx_word' id='word_1_6' title='bbox 284 723 376 761; x_wconf 87' lang='lat' dir='ltr'>Tam</span> <span class='ocrx_word' id='word_1_7' title='bbox 404 724 553 761; x_wconf 89' lang='lat' dir='ltr'>incerta</span> <span class='ocrx_word' id='word_1_8' title='bbox 581 724 711 761; x_wconf 89' lang='lat' dir='ltr'>omnia</span> <span class='ocrx_word' id='word_1_9' title='bbox 739 728 830 761; x_wconf 89' lang='lat' dir='ltr'>sunt</span> <span class='ocrx_word' id='word_1_10' title='bbox 857 721 902 760; x_wconf 91' lang='lat' dir='ltr'>de</span> <span class='ocrx_word' id='word_1_11' title='bbox 930 722 1001 760; x_wconf 87' lang='lat' dir='ltr'>hoc</span> <span class='ocrx_word' id='word_1_12' title='bbox 1030 722 1069 760; x_wconf 83' lang='lat' dir='ltr'>C.</span> <span class='ocrx_word' id='word_1_13' title='bbox 1091 721 1231 772; x_wconf 80' lang='lat' dir='ltr'>Acilio,</span> <span class='ocrx_word' id='word_1_14' title='bbox 1260 729 1300 760; x_wconf 94' lang='lat' dir='ltr'>ut</span> <span class='ocrx_word' id='word_1_15' title='bbox 1329 722 1582 761; x_wconf 79' lang='lat' dir='ltr'>fundamenta</span> <span class='ocrx_word' id='word_1_16' title='bbox 1610 723 1732 762; x_wconf 77' lang='lat' dir='ltr'>liuius</span> 
     </span>
     <span class='ocr_line' id='line_1_6' title="bbox 194 786 1729 838; baseline 0.001 -13"><span class='ocrx_word' id='word_1_17' title='bbox 194 788 505 827; x_wconf 73' lang='lat' dir='ltr'>commentarioli</span> <span class='ocrx_word' id='word_1_18' title='bbox 532 786 573 826; x_wconf 89' lang='lat' dir='ltr'>in</span> <span class='ocrx_word' id='word_1_19' title='bbox 601 789 827 826; x_wconf 85' lang='lat' dir='ltr'>coniectura</span> <span class='ocrx_word' id='word_1_20' title='bbox 853 786 1032 838; x_wconf 87' lang='lat' dir='ltr'>ponenda</span> <span class='ocrx_word' id='word_1_21' title='bbox 1060 788 1150 825; x_wconf 85' lang='lat' dir='ltr'>sint.</span> <span class='ocrx_word' id='word_1_22' title='bbox 1200 788 1240 825; x_wconf 94' lang='lat' dir='ltr'>in</span> <span class='ocrx_word' id='word_1_23' title='bbox 1269 787 1371 825; x_wconf 88' lang='lat' dir='ltr'>Liuii</span> <span class='ocrx_word' id='word_1_24' title='bbox 1403 789 1507 825; x_wconf 91' lang='lat' dir='ltr'>enim</span> <span class='ocrx_word' id='word_1_25' title='bbox 1540 788 1729 838; x_wconf 84' lang='lat' dir='ltr'>periocha·</span> 
     </span>
     <span class='ocr_line' id='line_1_7' title="bbox 195 852 1727 903; baseline 0.001 -13"><span class='ocrx_word' id='word_1_26' title='bbox 195 852 276 892; x_wconf 90' lang='lat' dir='ltr'>Llll</span> <span class='ocrx_word' id='word_1_27' title='bbox 304 854 342 892; x_wconf 89' lang='lat' dir='ltr'>C.</span> <span class='ocrx_word' id='word_1_28' title='bbox 364 854 452 892; x_wconf 93' lang='lat' dir='ltr'>lulii</span> <span class='ocrx_word' id='word_1_29' title='bbox 479 854 672 892; x_wconf 87' lang='lat' dir='ltr'>senatoris</span> <span class='ocrx_word' id='word_1_30' title='bbox 698 854 845 892; x_wconf 89' lang='lat' dir='ltr'>mentio</span> <span class='ocrx_word' id='word_1_31' title='bbox 874 854 926 903; x_wconf 85' lang='lat' dir='ltr'>lit,</span> <span class='ocrx_word' id='word_1_32' title='bbox 954 854 1021 903; x_wconf 93' lang='lat' dir='ltr'>qui</span> <span class='ocrx_word' id='word_1_33' title='bbox 1042 852 1188 891; x_wconf 79' lang='lat' dir='ltr'><strong>Graece</strong></span> <span class='ocrx_word' id='word_1_34' title='bbox 1217 865 1280 891; x_wconf 85' lang='lat' dir='ltr'>res</span> <span class='ocrx_word' id='word_1_35' title='bbox 1300 852 1493 891; x_wconf 86' lang='lat' dir='ltr'>Romanas</span> <span class='ocrx_word' id='word_1_36' title='bbox 1520 854 1727 903; x_wconf 81' lang='lat' dir='ltr'>scripserit</span> 
     </span>
     <span class='ocr_line' id='line_1_8' title="bbox 195 917 1730 968; baseline -0.001 -11"><span class='ocrx_word' id='word_1_37' title='bbox 195 920 257 964; x_wconf 73' lang='lat' dir='ltr'>(C.</span> <span class='ocrx_word' id='word_1_38' title='bbox 274 920 404 958; x_wconf 76' lang='lat' dir='ltr'>Iulius</span> <span class='ocrx_word' id='word_1_39' title='bbox 422 926 587 958; x_wconf 80' lang='lat' dir='ltr'>senator</span> <span class='ocrx_word' id='word_1_40' title='bbox 606 920 762 958; x_wconf 88' lang='lat' dir='ltr'>Graece</span> <span class='ocrx_word' id='word_1_41' title='bbox 782 931 847 957; x_wconf 90' lang='lat' dir='ltr'>res</span> <span class='ocrx_word' id='word_1_42' title='bbox 869 919 1075 957; x_wconf 74' lang='lat' dir='ltr'>Romanas</span> <span class='ocrx_word' id='word_1_43' title='bbox 1093 920 1269 965; x_wconf 72' lang='lat' dir='ltr'>scribit),</span> <span class='ocrx_word' id='word_1_44' title='bbox 1292 917 1371 968; x_wconf 86' lang='lat' dir='ltr'>ubi,</span> <span class='ocrx_word' id='word_1_45' title='bbox 1393 930 1481 956; x_wconf 88' lang='lat' dir='ltr'>cum</span> <span class='ocrx_word' id='word_1_46' title='bbox 1505 917 1550 956; x_wconf 93' lang='lat' dir='ltr'>de</span> <span class='ocrx_word' id='word_1_47' title='bbox 1573 917 1611 956; x_wconf 89' lang='lat' dir='ltr'>C.</span> <span class='ocrx_word' id='word_1_48' title='bbox 1628 918 1730 957; x_wconf 91' lang='lat' dir='ltr'>Iulio-</span> 
     </span>
     <span class='ocr_line' id='line_1_9' title="bbox 192 982 1726 1035; baseline 0.001 -14"><span class='ocrx_word' id='word_1_49' title='bbox 192 983 379 1022; x_wconf 88' lang='lat' dir='ltr'>historico</span> <span class='ocrx_word' id='word_1_50' title='bbox 407 984 505 1023; x_wconf 86' lang='lat' dir='ltr'>nihil</span> <span class='ocrx_word' id='word_1_51' title='bbox 531 985 743 1023; x_wconf 78' lang='lat' dir='ltr'>memoriae</span> <span class='ocrx_word' id='word_1_52' title='bbox 770 983 968 1035; x_wconf 90' lang='lat' dir='ltr'>proditum</span> <span class='ocrx_word' id='word_1_53' title='bbox 999 984 1066 1033; x_wconf 86' lang='lat' dir='ltr'>sit,</span> <span class='ocrx_word' id='word_1_54' title='bbox 1099 989 1138 1022; x_wconf 91' lang='lat' dir='ltr'>at</span> <span class='ocrx_word' id='word_1_55' title='bbox 1164 982 1203 1021; x_wconf 86' lang='lat' dir='ltr'>C.</span> <span class='ocrx_word' id='word_1_56' title='bbox 1224 982 1391 1021; x_wconf 79' lang='lat' dir='ltr'>Acilium</span> <span class='ocrx_word' id='word_1_57' title='bbox 1419 988 1458 1021; x_wconf 88' lang='lat' dir='ltr'>et</span> <span class='ocrx_word' id='word_1_58' title='bbox 1484 982 1631 1022; x_wconf 85' lang='lat' dir='ltr'>Graece</span> <span class='ocrx_word' id='word_1_59' title='bbox 1658 996 1726 1022; x_wconf 81' lang='lat' dir='ltr'>an·</span> 
     </span>
     <span class='ocr_line' id='line_1_10' title="bbox 190 1044 1728 1100; baseline -0.002 -13"><span class='ocrx_word' id='word_1_60' title='bbox 190 1049 297 1087; x_wconf 92' lang='lat' dir='ltr'>nales</span> <span class='ocrx_word' id='word_1_61' title='bbox 331 1050 598 1100; x_wconf 83' lang='lat' dir='ltr'>composuisse</span> <span class='ocrx_word' id='word_1_62' title='bbox 626 1055 664 1088; x_wconf 89' lang='lat' dir='ltr'>et</span> <span class='ocrx_word' id='word_1_63' title='bbox 696 1049 808 1087; x_wconf 90' lang='lat' dir='ltr'>Liuio</span> <span class='ocrx_word' id='word_1_64' title='bbox 835 1048 939 1087; x_wconf 89' lang='lat' dir='ltr'>haud</span> <span class='ocrx_word' id='word_1_65' title='bbox 971 1050 1148 1099; x_wconf 85' lang='lat' dir='ltr'>ignotum</span> <span class='ocrx_word' id='word_1_66' title='bbox 1183 1048 1303 1087; x_wconf 82' lang='lat' dir='ltr'>fuisse</span> <span class='ocrx_word' id='word_1_67' title='bbox 1337 1044 1441 1100; x_wconf 84' lang='lat' dir='ltr'>(Lin.</span> <span class='ocrx_word' id='word_1_68' title='bbox 1469 1045 1537 1099; x_wconf 75' lang='lat'>25,</span> <span class='ocrx_word' id='word_1_69' title='bbox 1565 1046 1634 1099; x_wconf 73' lang='lat'>39,</span> <span class='ocrx_word' id='word_1_70' title='bbox 1659 1047 1728 1087; x_wconf 64' lang='lat'>12,</span> 
     </span>
     <span class='ocr_line' id='line_1_11' title="bbox 188 1110 1724 1169; baseline 0.001 -17"><span class='ocrx_word' id='word_1_71' title='bbox 188 1111 255 1165; x_wconf 84' lang='lat'>35,</span> <span class='ocrx_word' id='word_1_72' title='bbox 273 1112 338 1165; x_wconf 77' lang='lat'>14,</span> <span class='ocrx_word' id='word_1_73' title='bbox 353 1110 399 1169; x_wconf 82' lang='lat'>5)</span> <span class='ocrx_word' id='word_1_74' title='bbox 422 1120 587 1165; x_wconf 81' lang='lat' dir='ltr'>constet,</span> <span class='ocrx_word' id='word_1_75' title='bbox 612 1120 833 1165; x_wconf 87' lang='lat' dir='ltr'>comparato</span> <span class='ocrx_word' id='word_1_76' title='bbox 855 1114 1044 1153; x_wconf 87' lang='lat' dir='ltr'>Cicerone</span> <span class='ocrx_word' id='word_1_77' title='bbox 1067 1113 1114 1152; x_wconf 90' lang='lat' dir='ltr'>de</span> <span class='ocrx_word' id='word_1_78' title='bbox 1135 1114 1197 1152; x_wconf 83' lang='lat' dir='ltr'>off.</span> <span class='ocrx_word' id='word_1_79' title='bbox 1219 1112 1257 1164; x_wconf 81' lang='lat'>3,</span> <span class='ocrx_word' id='word_1_80' title='bbox 1278 1111 1346 1164; x_wconf 73' lang='lat'>32,</span> <span class='ocrx_word' id='word_1_81' title='bbox 1371 1111 1454 1152; x_wconf 86' lang='lat'>115</span> <span class='ocrx_word' id='word_1_82' title='bbox 1476 1114 1724 1165; x_wconf 78' lang='lat' dir='ltr'>(C.Acilins,</span> 
     </span>
     <span class='ocr_line' id='line_1_12' title="bbox 188 1175 1723 1234; baseline 0.001 -17"><span class='ocrx_word' id='word_1_83' title='bbox 188 1183 258 1228; x_wconf 77' lang='lat' dir='ltr'>qui</span> <span class='ocrx_word' id='word_1_84' title='bbox 289 1181 444 1220; x_wconf 82' lang='lat' dir='ltr'>Graece</span> <span class='ocrx_word' id='word_1_85' title='bbox 468 1183 633 1230; x_wconf 72' lang='lat' dir='ltr'>scripsit</span> <span class='ocrx_word' id='word_1_86' title='bbox 665 1175 895 1234; x_wconf 74' lang='lat' dir='ltr'>historiam)</span> <span class='ocrx_word' id='word_1_87' title='bbox 930 1179 1009 1218; x_wconf 89' lang='lat' dir='ltr'>leni</span> <span class='ocrx_word' id='word_1_88' title='bbox 1044 1180 1260 1218; x_wconf 80' lang='lat' dir='ltr'>mutatione</span> <span class='ocrx_word' id='word_1_89' title='bbox 1291 1178 1338 1217; x_wconf 88' lang='lat' dir='ltr'>M.</span> <span class='ocrx_word' id='word_1_90' title='bbox 1366 1178 1481 1217; x_wconf 87' lang='lat' dir='ltr'>Hertz</span> <span class='ocrx_word' id='word_1_91' title='bbox 1510 1175 1582 1232; x_wconf 82' lang='lat' dir='ltr'>(De</span> <span class='ocrx_word' id='word_1_92' title='bbox 1617 1179 1723 1218; x_wconf 84' lang='lat' dir='ltr'>Cinc.</span> 
     </span>
     <span class='ocr_line' id='line_1_13' title="bbox 188 1240 1728 1299; baseline -0.001 -15"><span class='ocrx_word' id='word_1_93' title='bbox 188 1258 222 1296; x_wconf 94' lang='lat' dir='ltr'>p.</span> <span class='ocrx_word' id='word_1_94' title='bbox 248 1242 320 1299; x_wconf 76' lang='lat'>12)</span> <span class='ocrx_word' id='word_1_95' title='bbox 347 1245 548 1296; x_wconf 88' lang='lat' dir='ltr'>praeclare</span> <span class='ocrx_word' id='word_1_96' title='bbox 575 1244 614 1283; x_wconf 90' lang='lat' dir='ltr'>C.</span> <span class='ocrx_word' id='word_1_97' title='bbox 636 1244 750 1283; x_wconf 79' lang='lat' dir='ltr'>Acilii</span> <span class='ocrx_word' id='word_1_98' title='bbox 776 1257 920 1283; x_wconf 89' lang='lat' dir='ltr'>nomen</span> <span class='ocrx_word' id='word_1_99' title='bbox 947 1240 1176 1298; x_wconf 79' lang='lat' dir='ltr'>restituit.2)</span> <span class='ocrx_word' id='word_1_100' title='bbox 1220 1245 1297 1282; x_wconf 87' lang='lat' dir='ltr'>iam</span> <span class='ocrx_word' id='word_1_101' title='bbox 1326 1256 1423 1294; x_wconf 85' lang='lat' dir='ltr'>quas</span> <span class='ocrx_word' id='word_1_102' title='bbox 1450 1249 1562 1282; x_wconf 89' lang='lat' dir='ltr'>antea</span> <span class='ocrx_word' id='word_1_103' title='bbox 1586 1244 1728 1283; x_wconf 89' lang='lat' dir='ltr'>Liuius-</span> 
     </span>
     <span class='ocr_line' id='line_1_14' title="bbox 188 1310 1728 1361; baseline 0 -13"><span class='ocrx_word' id='word_1_104' title='bbox 188 1322 250 1348; x_wconf 81' lang='lat' dir='ltr'>res</span> <span class='ocrx_word' id='word_1_105' title='bbox 272 1315 522 1361; x_wconf 77' lang='lat' dir='ltr'>exposuerat:</span> <span class='ocrx_word' id='word_1_106' title='bbox 562 1310 602 1356; x_wconf 74' lang='grc' dir='ltr'>ζ).</span> <span class='ocrx_word' id='word_1_107' title='bbox 624 1311 824 1349; x_wconf 81' lang='lat' dir='ltr'>Caecilius</span> <span class='ocrx_word' id='word_1_108' title='bbox 839 1311 1023 1349; x_wconf 73' lang='lat' dir='ltr'>Metellus</span> <span class='ocrx_word' id='word_1_109' title='bbox 1035 1322 1117 1359; x_wconf 86' lang='lat' dir='ltr'>pro</span> <span class='ocrx_word' id='word_1_110' title='bbox 1140 1312 1302 1349; x_wconf 78' lang='lat' dir='ltr'>consule</span> <span class='ocrx_word' id='word_1_111' title='bbox 1323 1311 1541 1348; x_wconf 82' lang='lat' dir='ltr'>Celtiberos</span> <span class='ocrx_word' id='word_1_112' title='bbox 1563 1312 1728 1358; x_wconf 71' lang='lat' dir='ltr'>cecidit,</span> 
     </span>
     <span class='ocr_line' id='line_1_15' title="bbox 187 1376 1726 1425; baseline 0 -11"><span class='ocrx_word' id='word_1_113' title='bbox 187 1383 224 1414; x_wconf 87' lang='lat' dir='ltr'>et</span> <span class='ocrx_word' id='word_1_114' title='bbox 250 1388 275 1414; x_wconf 89' lang='lat' dir='ltr'>a</span> <span class='ocrx_word' id='word_1_115' title='bbox 309 1376 349 1422; x_wconf 72' lang='lat' dir='ltr'>(t.</span> <span class='ocrx_word' id='word_1_116' title='bbox 372 1377 498 1415; x_wconf 79' lang='lat' dir='ltr'>Fabio</span> <span class='ocrx_word' id='word_1_117' title='bbox 516 1387 598 1425; x_wconf 88' lang='lat' dir='ltr'>pro</span> <span class='ocrx_word' id='word_1_118' title='bbox 620 1378 783 1414; x_wconf 77' lang='lat' dir='ltr'>consule</span> <span class='ocrx_word' id='word_1_119' title='bbox 809 1388 958 1424; x_wconf 62' lang='lat' dir='ltr'>maana</span> <span class='ocrx_word' id='word_1_120' title='bbox 975 1388 1082 1425; x_wconf 88' lang='lat' dir='ltr'>pars</span> <span class='ocrx_word' id='word_1_121' title='bbox 1108 1376 1349 1414; x_wconf 74' lang='lat' dir='ltr'>Lusitcmiae</span> <span class='ocrx_word' id='word_1_122' title='bbox 1375 1378 1622 1424; x_wconf 66' lang='lat' dir='ltr'>eapufflzatis</span> <span class='ocrx_word' id='word_1_123' title='bbox 1648 1378 1726 1414; x_wconf 34' lang='lat' dir='ltr'>ali-⁷</span> 
     </span>
     <span class='ocr_line' id='line_1_16' title="bbox 187 1437 1721 1491; baseline 0 -13"><span class='ocrx_word' id='word_1_124' title='bbox 187 1446 281 1489; x_wconf 78' lang='lat' dir='ltr'>quot</span> <span class='ocrx_word' id='word_1_125' title='bbox 302 1443 471 1480; x_wconf 76' lang='lat' dir='ltr'>urbibus</span> <span class='ocrx_word' id='word_1_126' title='bbox 490 1447 657 1490; x_wconf 86' lang='lat' dir='ltr'>recepta</span> <span class='ocrx_word' id='word_1_127' title='bbox 678 1447 747 1489; x_wconf 83' lang='lat' dir='ltr'>est,</span> <span class='ocrx_word' id='word_1_128' title='bbox 768 1440 948 1480; x_wconf 85' lang='lat' dir='ltr'>incidunt</span> <span class='ocrx_word' id='word_1_129' title='bbox 968 1453 1035 1480; x_wconf 88' lang='lat' dir='ltr'>eae</span> <span class='ocrx_word' id='word_1_130' title='bbox 1056 1442 1096 1479; x_wconf 91' lang='lat' dir='ltr'>in</span> <span class='ocrx_word' id='word_1_131' title='bbox 1119 1453 1150 1478; x_wconf 90' lang='lat' dir='ltr'>a.</span> <span class='ocrx_word' id='word_1_132' title='bbox 1169 1437 1263 1479; x_wconf 75' lang='lat'>142.</span> <span class='ocrx_word' id='word_1_133' title='bbox 1283 1437 1380 1490; x_wconf 73' lang='grc'>612,</span> <span class='ocrx_word' id='word_1_134' title='bbox 1400 1441 1533 1490; x_wconf 84' lang='lat' dir='ltr'>itaque</span> <span class='ocrx_word' id='word_1_135' title='bbox 1553 1445 1721 1491; x_wconf 88' lang='lat' dir='ltr'>tempus,</span> 
     </span>
     <span class='ocr_line' id='line_1_17' title="bbox 186 1505 1722 1557; baseline 0 -14"><span class='ocrx_word' id='word_1_136' title='bbox 186 1518 262 1556; x_wconf 84' lang='lat' dir='ltr'>quo</span> <span class='ocrx_word' id='word_1_137' title='bbox 290 1506 329 1544; x_wconf 80' lang='lat' dir='ltr'>C.</span> <span class='ocrx_word' id='word_1_138' title='bbox 350 1506 497 1545; x_wconf 83' lang='lat' dir='ltr'>Acilius</span> <span class='ocrx_word' id='word_1_139' title='bbox 530 1507 707 1557; x_wconf 85' lang='lat' dir='ltr'>scripsit,</span> <span class='ocrx_word' id='word_1_140' title='bbox 746 1506 912 1557; x_wconf 79' lang='lat' dir='ltr'>quodam</span> <span class='ocrx_word' id='word_1_141' title='bbox 946 1505 1059 1544; x_wconf 87' lang='lat' dir='ltr'>modo</span> <span class='ocrx_word' id='word_1_142' title='bbox 1096 1505 1299 1544; x_wconf 86' lang='lat' dir='ltr'>definitum</span> <span class='ocrx_word' id='word_1_143' title='bbox 1332 1511 1407 1555; x_wconf 88' lang='lat' dir='ltr'>est,</span> <span class='ocrx_word' id='word_1_144' title='bbox 1447 1517 1573 1556; x_wconf 85' lang='lat' dir='ltr'>neque</span> <span class='ocrx_word' id='word_1_145' title='bbox 1613 1507 1722 1556; x_wconf 88' lang='lat' dir='ltr'>quis-</span> 
     </span>
     <span class='ocr_line' id='line_1_18' title="bbox 187 1570 1719 1623; baseline -0.001 -14"><span class='ocrx_word' id='word_1_146' title='bbox 187 1583 313 1622; x_wconf 90' lang='lat' dir='ltr'>quam,</span> <span class='ocrx_word' id='word_1_147' title='bbox 340 1573 574 1623; x_wconf 88' lang='lat' dir='ltr'>praesertim</span> <span class='ocrx_word' id='word_1_148' title='bbox 601 1584 689 1610; x_wconf 86' lang='lat' dir='ltr'>cum</span> <span class='ocrx_word' id='word_1_149' title='bbox 718 1570 786 1610; x_wconf 88' lang='lat' dir='ltr'>Gai</span> <span class='ocrx_word' id='word_1_150' title='bbox 813 1583 1053 1623; x_wconf 86' lang='lat' dir='ltr'>praenomen</span> <span class='ocrx_word' id='word_1_151' title='bbox 1080 1572 1121 1609; x_wconf 90' lang='lat' dir='ltr'>in</span> <span class='ocrx_word' id='word_1_152' title='bbox 1148 1570 1269 1609; x_wconf 81' lang='lat' dir='ltr'>Acilia</span> <span class='ocrx_word' id='word_1_153' title='bbox 1295 1576 1410 1621; x_wconf 80' lang='lat' dir='ltr'>gente</span> <span class='ocrx_word' id='word_1_154' title='bbox 1432 1582 1511 1609; x_wconf 86' lang='lat' dir='ltr'>non</span> <span class='ocrx_word' id='word_1_155' title='bbox 1530 1576 1719 1622; x_wconf 88' lang='lat' dir='ltr'>usurpata</span> 
     </span>
     <span class='ocr_line' id='line_1_19' title="bbox 186 1635 1725 1688; baseline 0 -14"><span class='ocrx_word' id='word_1_156' title='bbox 186 1638 252 1687; x_wconf 86' lang='lat' dir='ltr'>sit,</span> <span class='ocrx_word' id='word_1_157' title='bbox 287 1637 398 1675; x_wconf 86' lang='lat' dir='ltr'>facile</span> <span class='ocrx_word' id='word_1_158' title='bbox 431 1636 588 1688; x_wconf 83' lang='lat' dir='ltr'>negabit</span> <span class='ocrx_word' id='word_1_159' title='bbox 621 1636 724 1675; x_wconf 89' lang='lat' dir='ltr'>hunc</span> <span class='ocrx_word' id='word_1_160' title='bbox 758 1637 925 1676; x_wconf 91' lang='lat' dir='ltr'>eundem</span> <span class='ocrx_word' id='word_1_161' title='bbox 959 1649 1045 1675; x_wconf 88' lang='lat' dir='ltr'>esse</span> <span class='ocrx_word' id='word_1_162' title='bbox 1080 1642 1194 1687; x_wconf 83' lang='lat' dir='ltr'>atque</span> <span class='ocrx_word' id='word_1_163' title='bbox 1223 1635 1261 1674; x_wconf 89' lang='lat' dir='ltr'>C.</span> <span class='ocrx_word' id='word_1_164' title='bbox 1283 1635 1450 1674; x_wconf 80' lang='lat' dir='ltr'>Acilium</span> <span class='ocrx_word' id='word_1_165' title='bbox 1484 1641 1725 1687; x_wconf 86' lang='lat' dir='ltr'>senatorem,</span> 
     </span>
     <span class='ocr_line' id='line_1_20' title="bbox 185 1697 1718 1755; baseline -0.001 -15"><span class='ocrx_word' id='word_1_166' title='bbox 185 1714 301 1752; x_wconf 88' lang='lat' dir='ltr'>quem</span> <span class='ocrx_word' id='word_1_167' title='bbox 335 1701 647 1753; x_wconf 87' lang='lat' dir='ltr'>quattuordecim</span> <span class='ocrx_word' id='word_1_168' title='bbox 682 1703 793 1740; x_wconf 89' lang='lat' dir='ltr'>annis</span> <span class='ocrx_word' id='word_1_169' title='bbox 827 1709 938 1741; x_wconf 88' lang='lat' dir='ltr'>antea</span> <span class='ocrx_word' id='word_1_170' title='bbox 967 1697 1084 1755; x_wconf 75' lang='lat'>(155.</span> <span class='ocrx_word' id='word_1_171' title='bbox 1106 1697 1211 1755; x_wconf 80' lang='lat'>599)</span> <span class='ocrx_word' id='word_1_172' title='bbox 1245 1700 1500 1752; x_wconf 86' lang='lat' dir='ltr'>philosophos</span> <span class='ocrx_word' id='word_1_173' title='bbox 1535 1700 1718 1751; x_wconf 82' lang='lat' dir='ltr'>Graecos,</span> 
     </span>
     <span class='ocr_line' id='line_1_21' title="bbox 184 1767 1718 1819; baseline -0.001 -14"><span class='ocrx_word' id='word_1_174' title='bbox 184 1769 235 1805; x_wconf 88' lang='lat' dir='ltr'>ita</span> <span class='ocrx_word' id='word_1_175' title='bbox 263 1774 306 1806; x_wconf 92' lang='lat' dir='ltr'>ut</span> <span class='ocrx_word' id='word_1_176' title='bbox 332 1769 416 1819; x_wconf 89' lang='lat' dir='ltr'>ipse</span> <span class='ocrx_word' id='word_1_177' title='bbox 444 1779 513 1806; x_wconf 88' lang='lat' dir='ltr'>sua</span> <span class='ocrx_word' id='word_1_178' title='bbox 546 1773 684 1818; x_wconf 89' lang='lat' dir='ltr'>sponte</span> <span class='ocrx_word' id='word_1_179' title='bbox 718 1768 947 1819; x_wconf 82' lang='lat' dir='ltr'>interpretis</span> <span class='ocrx_word' id='word_1_180' title='bbox 979 1779 1143 1806; x_wconf 90' lang='lat' dir='ltr'>munere</span> <span class='ocrx_word' id='word_1_181' title='bbox 1177 1767 1425 1817; x_wconf 83' lang='lat' dir='ltr'>fungeretur,</span> <span class='ocrx_word' id='word_1_182' title='bbox 1464 1767 1504 1804; x_wconf 92' lang='lat' dir='ltr'>in</span> <span class='ocrx_word' id='word_1_183' title='bbox 1537 1771 1718 1805; x_wconf 83' lang='lat' dir='ltr'>senatum</span> 
     </span>
     <span class='ocr_line' id='line_1_22' title="bbox 184 1827 1717 1886; baseline -0.001 -15"><span class='ocrx_word' id='word_1_184' title='bbox 184 1832 450 1872; x_wconf 82' lang='lat' dir='ltr'>introduxisse</span> <span class='ocrx_word' id='word_1_185' title='bbox 479 1832 627 1872; x_wconf 87' lang='lat' dir='ltr'>Gellius</span> <span class='ocrx_word' id='word_1_186' title='bbox 654 1829 712 1886; x_wconf 85' lang='lat'>(6,</span> <span class='ocrx_word' id='word_1_187' title='bbox 742 1830 807 1883; x_wconf 77' lang='lat'>14,</span> <span class='ocrx_word' id='word_1_188' title='bbox 828 1829 874 1886; x_wconf 84' lang='grc'>9)</span> <span class='ocrx_word' id='word_1_189' title='bbox 901 1838 1046 1871; x_wconf 85' lang='lat' dir='ltr'>narrat.</span> <span class='ocrx_word' id='word_1_190' title='bbox 1097 1832 1193 1870; x_wconf 84' lang='lat' dir='ltr'>haec</span> <span class='ocrx_word' id='word_1_191' title='bbox 1220 1832 1325 1870; x_wconf 90' lang='lat' dir='ltr'>enim</span> <span class='ocrx_word' id='word_1_192' title='bbox 1358 1831 1423 1870; x_wconf 93' lang='lat' dir='ltr'>ille</span> <span class='ocrx_word' id='word_1_193' title='bbox 1452 1827 1517 1884; x_wconf 79' lang='lat' dir='ltr'>(ex</span> <span class='ocrx_word' id='word_1_194' title='bbox 1545 1844 1619 1882; x_wconf 87' lang='lat' dir='ltr'>quo</span> <span class='ocrx_word' id='word_1_195' title='bbox 1647 1844 1717 1870; x_wconf 86' lang='lat' dir='ltr'>sua</span> 
     </span>
     <span class='ocr_line' id='line_1_23' title="bbox 183 1894 1718 1952; baseline 0 -16"><span class='ocrx_word' id='word_1_196' title='bbox 183 1897 301 1937; x_wconf 89' lang='lat' dir='ltr'>habet</span> <span class='ocrx_word' id='word_1_197' title='bbox 320 1898 540 1937; x_wconf 81' lang='lat' dir='ltr'>Macrobius</span> <span class='ocrx_word' id='word_1_198' title='bbox 567 1904 635 1938; x_wconf 89' lang='lat' dir='ltr'>sat.</span> <span class='ocrx_word' id='word_1_199' title='bbox 661 1897 695 1949; x_wconf 89' lang='lat' dir='ltr'>l,</span> <span class='ocrx_word' id='word_1_200' title='bbox 723 1895 761 1948; x_wconf 93' lang='lat'>5,</span> <span class='ocrx_word' id='word_1_201' title='bbox 786 1894 878 1952; x_wconf 82' lang='lat'>15):</span> <span class='ocrx_word' id='word_1_202' title='bbox 912 1899 1044 1937; x_wconf 74' lang='lat' dir='ltr'>Erant</span> <span class='ocrx_word' id='word_1_203' title='bbox 1065 1900 1133 1937; x_wconf 80' lang='lat' dir='ltr'>isti</span> <span class='ocrx_word' id='word_1_204' title='bbox 1149 1898 1383 1947; x_wconf 75' lang='lat' dir='ltr'>philosophi</span> <span class='ocrx_word' id='word_1_205' title='bbox 1408 1897 1640 1935; x_wconf 78' lang='lat' dir='ltr'>Carneades</span> <span class='ocrx_word' id='word_1_206' title='bbox 1666 1910 1718 1936; x_wconf 68' lang='lat' dir='ltr'>ex</span> 
     </span>
     <span class='ocr_line' id='line_1_24' title="bbox 183 1963 1718 2014; baseline -0.001 -12"><span class='ocrx_word' id='word_1_207' title='bbox 183 1966 406 2013; x_wconf 72' lang='lat' dir='ltr'>academia,</span> <span class='ocrx_word' id='word_1_208' title='bbox 417 1965 616 2013; x_wconf 72' lang='lat' dir='ltr'>Dioyenes</span> <span class='ocrx_word' id='word_1_209' title='bbox 628 1967 791 2014; x_wconf 82' lang='lat' dir='ltr'>stoicas,</span> <span class='ocrx_word' id='word_1_210' title='bbox 806 1964 1008 2002; x_wconf 74' lang='lat' dir='ltr'>Critolaus</span> <span class='ocrx_word' id='word_1_211' title='bbox 1012 1965 1311 2013; x_wconf 78' lang='lat' dir='ltr'>peripateticus</span> <span class='ocrx_word' id='word_1_212' title='bbox 1319 1963 1467 2008; x_wconf 82' lang='lat' dir='ltr'>,·—se(l</span> <span class='ocrx_word' id='word_1_213' title='bbox 1478 1965 1519 2001; x_wconf 80' lang='lat' dir='ltr'>in</span> <span class='ocrx_word' id='word_1_214' title='bbox 1533 1968 1718 2001; x_wconf 77' lang='lat' dir='ltr'>senatum</span> 
     </span>
     <span class='ocr_line' id='line_1_25' title="bbox 182 2026 1716 2079; baseline -0.001 -12"><span class='ocrx_word' id='word_1_215' title='bbox 182 2031 341 2077; x_wconf 75' lang='lat' dir='ltr'>quidem</span> <span class='ocrx_word' id='word_1_216' title='bbox 369 2031 593 2069; x_wconf 76' lang='lat' dir='ltr'>introducti</span> <span class='ocrx_word' id='word_1_217' title='bbox 619 2032 840 2079; x_wconf 82' lang='lat' dir='ltr'>interprete</span> <span class='ocrx_word' id='word_1_218' title='bbox 866 2031 930 2067; x_wconf 74' lang='lat' dir='ltr'>usi</span> <span class='ocrx_word' id='word_1_219' title='bbox 947 2034 1040 2067; x_wconf 78' lang='lat' dir='ltr'>sunt</span> <span class='ocrx_word' id='word_1_220' title='bbox 1067 2030 1104 2067; x_wconf 89' lang='lat' dir='ltr'>C.</span> <span class='ocrx_word' id='word_1_221' title='bbox 1127 2030 1259 2067; x_wconf 79' lang='lat' dir='ltr'>Acilio</span> <span class='ocrx_word' id='word_1_222' title='bbox 1279 2034 1479 2066; x_wconf 77' lang='lat' dir='ltr'>senatore.</span> <span class='ocrx_word' id='word_1_223' title='bbox 1513 2026 1558 2065; x_wconf 89' lang='lat' dir='ltr'>de</span> <span class='ocrx_word' id='word_1_224' title='bbox 1580 2027 1716 2066; x_wconf 89' lang='lat' dir='ltr'>eadem</span> 
     </span>
     <span class='ocr_line' id='line_1_26' title="bbox 184 2089 1718 2147; baseline 0 -16"><span class='ocrx_word' id='word_1_225' title='bbox 184 2106 225 2132; x_wconf 91' lang='lat' dir='ltr'>re</span> <span class='ocrx_word' id='word_1_226' title='bbox 261 2094 355 2132; x_wconf 89' lang='lat' dir='ltr'>dicit</span> <span class='ocrx_word' id='word_1_227' title='bbox 383 2094 615 2133; x_wconf 80' lang='lat' dir='ltr'>Plutarchus</span> <span class='ocrx_word' id='word_1_228' title='bbox 643 2091 741 2147; x_wconf 84' lang='lat' dir='ltr'>(Cat.</span> <span class='ocrx_word' id='word_1_229' title='bbox 763 2090 858 2147; x_wconf 71' lang='lat'>22):</span> <span class='ocrx_word' id='word_1_230' title='bbox 897 2090 1014 2133; x_wconf 85' lang='grc' dir='ltr'><em>Ἐπεὶ</em></span> <span class='ocrx_word' id='word_1_231' title='bbox 1048 2090 1094 2132; x_wconf 71' lang='grc' dir='ltr'>δὲ</span> <span class='ocrx_word' id='word_1_232' title='bbox 1128 2090 1402 2144; x_wconf 77' lang='grc' dir='ltr'><em>προῦβαινεν</em></span> <span class='ocrx_word' id='word_1_233' title='bbox 1434 2089 1459 2144; x_wconf 84' lang='grc' dir='ltr'><em>ἡ</em></span> <span class='ocrx_word' id='word_1_234' title='bbox 1493 2089 1598 2140; x_wconf 78' lang='grc' dir='ltr'><em>δόξα</em></span> <span class='ocrx_word' id='word_1_235' title='bbox 1626 2097 1718 2131; x_wconf 85' lang='grc' dir='ltr'>τῶν</span> 
     </span>
     <span class='ocr_line' id='line_1_27' title="bbox 183 2155 1723 2212; baseline -0.001 -14"><span class='ocrx_word' id='word_1_236' title='bbox 183 2158 443 2211; x_wconf 71' lang='grc' dir='ltr'><em>φιλοσόφων</em></span> <span class='ocrx_word' id='word_1_237' title='bbox 470 2155 516 2199; x_wconf 82' lang='grc' dir='ltr'>ἐν</span> <span class='ocrx_word' id='word_1_238' title='bbox 542 2164 594 2212; x_wconf 74' lang='grc' dir='ltr'>τῇ</span> <span class='ocrx_word' id='word_1_239' title='bbox 620 2159 744 2199; x_wconf 83' lang='grc' dir='ltr'><em>πόλει</em></span> <span class='ocrx_word' id='word_1_240' title='bbox 771 2157 843 2198; x_wconf 81' lang='grc' dir='ltr'>καὶ</span> <span class='ocrx_word' id='word_1_241' title='bbox 874 2159 978 2206; x_wconf 82' lang='grc' dir='ltr'><em>τοὺς</em></span> <span class='ocrx_word' id='word_1_242' title='bbox 1008 2157 1210 2210; x_wconf 77' lang='grc' dir='ltr'>πρώτους</span> <span class='ocrx_word' id='word_1_243' title='bbox 1244 2158 1403 2209; x_wconf 76' lang='grc' dir='ltr'><em>λόγους</em></span> <span class='ocrx_word' id='word_1_244' title='bbox 1434 2155 1582 2196; x_wconf 81' lang='grc' dir='ltr'><em>αὐτῶν</em></span> <span class='ocrx_word' id='word_1_245' title='bbox 1606 2156 1723 2210; x_wconf 67' lang='grc' dir='ltr'><em>πρὸς</em></span> 
     </span>
     <span class='ocr_line' id='line_1_28' title="bbox 182 2219 1721 2277; baseline -0.002 -13"><span class='ocrx_word' id='word_1_246' title='bbox 182 2224 262 2277; x_wconf 76' lang='grc' dir='ltr'>τὴν</span> <span class='ocrx_word' id='word_1_247' title='bbox 295 2224 542 2276; x_wconf 76' lang='grc' dir='ltr'><em>σύγκλητον</em></span> <span class='ocrx_word' id='word_1_248' title='bbox 574 2223 685 2276; x_wconf 72' lang='grc' dir='ltr'><em>ἀνὴρ</em></span> <span class='ocrx_word' id='word_1_249' title='bbox 723 2221 938 2276; x_wconf 80' lang='grc' dir='ltr'><em>ἐπιφανὴς</em></span> <span class='ocrx_word' id='word_1_250' title='bbox 974 2222 1226 2271; x_wconf 77' lang='grc' dir='ltr'><em>σπουδάσας</em></span> <span class='ocrx_word' id='word_1_251' title='bbox 1262 2221 1393 2270; x_wconf 81' lang='grc' dir='ltr'><em>αὐτὸς</em></span> <span class='ocrx_word' id='word_1_252' title='bbox 1428 2219 1500 2262; x_wconf 82' lang='grc' dir='ltr'>καὶ</span> <span class='ocrx_word' id='word_1_253' title='bbox 1537 2219 1721 2275; x_wconf 73' lang='grc' dir='ltr'>δεηθεὶς-</span> 
     </span>
     <span class='ocr_line' id='line_1_29' title="bbox 182 2285 1714 2342; baseline -0.001 -13"><span class='ocrx_word' id='word_1_254' title='bbox 182 2288 448 2342; x_wconf 76' lang='grc' dir='ltr'><em>ἡρμήνευσε,</em></span> <span class='ocrx_word' id='word_1_255' title='bbox 485 2289 527 2329; x_wconf 95' lang='grc' dir='ltr'><em>Γ</em></span> <span class='ocrx_word' id='word_1_256' title='bbox 523 2288 619 2337; x_wconf 61' lang='lat' dir='ltr'>oinos·</span> <span class='ocrx_word' id='word_1_257' title='bbox 643 2287 844 2337; x_wconf 75' lang='grc' dir='ltr'>Ἀκίλιος,</span> <span class='ocrx_word' id='word_1_258' title='bbox 884 2289 995 2340; x_wconf 77' lang='grc' dir='ltr'><em>ἔγνω</em></span> <span class='ocrx_word' id='word_1_259' title='bbox 1031 2289 1159 2339; x_wconf 81' lang='lat' dir='ltr'>[Cato]</span> <span class='ocrx_word' id='word_1_260' title='bbox 1194 2285 1283 2341; x_wconf 82' lang='grc' dir='ltr'><em>μετ’</em></span> <span class='ocrx_word' id='word_1_261' title='bbox 1317 2285 1575 2339; x_wconf 78' lang='grc' dir='ltr'><em>εὐπρεπείας</em></span> <span class='ocrx_word' id='word_1_262' title='bbox 1608 2285 1714 2327; x_wconf 80' lang='grc' dir='ltr'><em>ἀπο-</em></span> 
     </span>
     <span class='ocr_line' id='line_1_30' title="bbox 182 2350 1599 2408; baseline -0.002 -13"><span class='ocrx_word' id='word_1_263' title='bbox 182 2354 571 2407; x_wconf 78' lang='grc' dir='ltr'><em>διοπομπήσασθαι</em></span> <span class='ocrx_word' id='word_1_264' title='bbox 597 2355 702 2402; x_wconf 83' lang='grc' dir='ltr'><strong><em>τοὺς</em></strong></span> <span class='ocrx_word' id='word_1_265' title='bbox 727 2354 1005 2408; x_wconf 75' lang='grc' dir='ltr'><em>φιλοσόφους</em></span> <span class='ocrx_word' id='word_1_266' title='bbox 1031 2353 1225 2400; x_wconf 80' lang='grc' dir='ltr'><em>ἅπαντας</em></span> <span class='ocrx_word' id='word_1_267' title='bbox 1251 2350 1298 2393; x_wconf 79' lang='grc' dir='ltr'>ἐκ</span> <span class='ocrx_word' id='word_1_268' title='bbox 1323 2358 1396 2405; x_wconf 79' lang='grc' dir='ltr'>τῆς</span> <span class='ocrx_word' id='word_1_269' title='bbox 1422 2352 1599 2400; x_wconf 75' lang='grc' dir='ltr'><strong><em>πόλεως.</em></strong></span> 
     </span>
    </p>

    <p class='ocr_par' dir='ltr' id='par_1_5' title="bbox 181 2419 1714 2537">
     <span class='ocr_line' id='line_1_31' title="bbox 270 2419 1714 2471; baseline -0.002 -11"><span class='ocrx_word' id='word_1_270' title='bbox 270 2420 376 2466; x_wconf 86' lang='lat' dir='ltr'>Quae</span> <span class='ocrx_word' id='word_1_271' title='bbox 410 2426 538 2460; x_wconf 89' lang='lat' dir='ltr'>autem</span> <span class='ocrx_word' id='word_1_272' title='bbox 575 2421 925 2471; x_wconf 84' lang='lat' dir='ltr'>consanguinitatis</span> <span class='ocrx_word' id='word_1_273' title='bbox 958 2421 1055 2458; x_wconf 86' lang='lat' dir='ltr'>ratio</span> <span class='ocrx_word' id='word_1_274' title='bbox 1091 2420 1362 2458; x_wconf 82' lang='lat' dir='ltr'>intercesserit</span> <span class='ocrx_word' id='word_1_275' title='bbox 1400 2420 1505 2457; x_wconf 89' lang='lat' dir='ltr'>inter</span> <span class='ocrx_word' id='word_1_276' title='bbox 1535 2419 1639 2457; x_wconf 85' lang='lat' dir='ltr'>hunc</span> <span class='ocrx_word' id='word_1_277' title='bbox 1675 2424 1714 2457; x_wconf 85' lang='lat' dir='ltr'>et</span> 
     </span>
     <span class='ocr_line' id='line_1_32' title="bbox 181 2484 1712 2537; baseline -0.001 -13"><span class='ocrx_word' id='word_1_278' title='bbox 181 2486 239 2525; x_wconf 45' lang='grc' dir='ltr'>Μ).</span> <span class='ocrx_word' id='word_1_279' title='bbox 259 2486 427 2525; x_wconf 87' lang='lat' dir='ltr'>Acilium</span> <span class='ocrx_word' id='word_1_280' title='bbox 454 2485 723 2537; x_wconf 86' lang='lat' dir='ltr'>Glabrionem,</span> <span class='ocrx_word' id='word_1_281' title='bbox 756 2487 822 2537; x_wconf 89' lang='lat' dir='ltr'>qui</span> <span class='ocrx_word' id='word_1_282' title='bbox 856 2485 992 2524; x_wconf 85' lang='lat' dir='ltr'>consul</span> <span class='ocrx_word' id='word_1_283' title='bbox 1018 2485 1253 2523; x_wconf 89' lang='lat' dir='ltr'>Antiochum</span> <span class='ocrx_word' id='word_1_284' title='bbox 1286 2485 1326 2524; x_wconf 92' lang='lat' dir='ltr'>in</span> <span class='ocrx_word' id='word_1_285' title='bbox 1353 2484 1626 2535; x_wconf 79' lang='lat' dir='ltr'>Thermopylis</span> <span class='ocrx_word' id='word_1_286' title='bbox 1654 2484 1712 2522; x_wconf 89' lang='lat' dir='ltr'>fu-</span> 
     </span>
    </p>
   </div>
   <div class='ocr_carea' id='block_1_5' title="bbox 180 2610 1711 2869">
    <p class='ocr_par' dir='ltr' id='par_1_6' title="bbox 183 2610 1711 2711">
     <span class='ocr_line' id='line_1_33' title="bbox 277 2610 1711 2656; baseline -0.001 -11"><span class='ocrx_word' id='word_1_287' title='bbox 277 2614 309 2655; x_wconf 90' lang='lat'>1)</span> <span class='ocrx_word' id='word_1_288' title='bbox 335 2611 374 2646; x_wconf 89' lang='lat' dir='ltr'>L.</span> <span class='ocrx_word' id='word_1_289' title='bbox 394 2611 594 2646; x_wconf 74' lang='lat' dir='ltr'>Cantarelli</span> <span class='ocrx_word' id='word_1_290' title='bbox 615 2611 820 2656; x_wconf 73' lang='lat' dir='ltr'>disputatio</span> <span class='ocrx_word' id='word_1_291' title='bbox 838 2611 919 2646; x_wconf 81' lang='lat' dir='ltr'>‘Gli</span> <span class='ocrx_word' id='word_1_292' title='bbox 938 2612 1070 2646; x_wconf 71' lang='lat' dir='ltr'>annali</span> <span class='ocrx_word' id='word_1_293' title='bbox 1088 2611 1184 2656; x_wconf 73' lang='lat' dir='ltr'>yreci</span> <span class='ocrx_word' id='word_1_294' title='bbox 1202 2611 1242 2645; x_wconf 75' lang='lat' dir='ltr'>di</span> <span class='ocrx_word' id='word_1_295' title='bbox 1264 2611 1300 2646; x_wconf 83' lang='lat' dir='ltr'>O.</span> <span class='ocrx_word' id='word_1_296' title='bbox 1319 2611 1440 2645; x_wconf 71' lang='lat' dir='ltr'>Acilio</span> <span class='ocrx_word' id='word_1_297' title='bbox 1460 2622 1476 2644; x_wconf 80' lang='lat' dir='ltr'>c</span> <span class='ocrx_word' id='word_1_298' title='bbox 1499 2610 1538 2655; x_wconf 75' lang='lat' dir='ltr'>Q.</span> <span class='ocrx_word' id='word_1_299' title='bbox 1556 2610 1711 2645; x_wconf 69' lang='lat' dir='ltr'>Claudio</span> 
     </span>
     <span class='ocr_line' id='line_1_34' title="bbox 183 2664 1156 2711; baseline -0.001 -11"><span class='ocrx_word' id='word_1_300' title='bbox 183 2664 444 2711; x_wconf 69' lang='lat' dir='ltr'>Quadriyario’</span> <span class='ocrx_word' id='word_1_301' title='bbox 473 2665 511 2699; x_wconf 89' lang='lat' dir='ltr'>in</span> <span class='ocrx_word' id='word_1_302' title='bbox 538 2666 686 2700; x_wconf 80' lang='lat' dir='ltr'>Rivista</span> <span class='ocrx_word' id='word_1_303' title='bbox 710 2666 752 2700; x_wconf 79' lang='lat' dir='ltr'>di</span> <span class='ocrx_word' id='word_1_304' title='bbox 775 2666 860 2708; x_wconf 72' lang='lat' dir='ltr'>filol.</span> <span class='ocrx_word' id='word_1_305' title='bbox 881 2664 947 2698; x_wconf 88' lang='lat' dir='ltr'>XII</span> <span class='ocrx_word' id='word_1_306' title='bbox 973 2677 1009 2708; x_wconf 88' lang='lat' dir='ltr'>p.</span> <span class='ocrx_word' id='word_1_307' title='bbox 1031 2668 1156 2699; x_wconf 84' lang='lat'><strong>1—23.</strong></span> 
     </span>
    </p>

    <p class='ocr_par' dir='ltr' id='par_1_7' title="bbox 180 2715 1710 2869">
     <span class='ocr_line' id='line_1_35' title="bbox 276 2715 1710 2763; baseline -0.003 -10"><span class='ocrx_word' id='word_1_308' title='bbox 276 2721 309 2763; x_wconf 84' lang='lat'>2)</span> <span class='ocrx_word' id='word_1_309' title='bbox 336 2718 607 2761; x_wconf 76' lang='lat' dir='ltr'>Ratiocinatio,</span> <span class='ocrx_word' id='word_1_310' title='bbox 641 2728 715 2762; x_wconf 79' lang='lat' dir='ltr'>qua</span> <span class='ocrx_word' id='word_1_311' title='bbox 740 2718 831 2752; x_wconf 86' lang='lat' dir='ltr'>haee</span> <span class='ocrx_word' id='word_1_312' title='bbox 859 2718 1071 2752; x_wconf 81' lang='lat' dir='ltr'>coniectura</span> <span class='ocrx_word' id='word_1_313' title='bbox 1103 2717 1311 2763; x_wconf 77' lang='lat' dir='ltr'>inpugnata</span> <span class='ocrx_word' id='word_1_314' title='bbox 1344 2719 1416 2757; x_wconf 77' lang='lat' dir='ltr'>est,</span> <span class='ocrx_word' id='word_1_315' title='bbox 1453 2716 1488 2751; x_wconf 91' lang='lat' dir='ltr'>in</span> <span class='ocrx_word' id='word_1_316' title='bbox 1524 2715 1710 2750; x_wconf 86' lang='lat' dir='ltr'>debilibus</span> 
     </span>
     <span class='ocr_line' id='line_1_36' title="bbox 180 2768 1710 2817; baseline -0.003 -11"><span class='ocrx_word' id='word_1_317' title='bbox 180 2771 303 2816; x_wconf 84' lang='lat' dir='ltr'>Pighii</span> <span class='ocrx_word' id='word_1_318' title='bbox 324 2772 553 2817; x_wconf 79' lang='lat' dir='ltr'>argumentis</span> <span class='ocrx_word' id='word_1_319' title='bbox 574 2773 819 2816; x_wconf 78' lang='lat' dir='ltr'>corruptaque</span> <span class='ocrx_word' id='word_1_320' title='bbox 842 2771 937 2805; x_wconf 89' lang='lat' dir='ltr'>Liuii</span> <span class='ocrx_word' id='word_1_321' title='bbox 958 2773 1027 2815; x_wconf 79' lang='lat'>(32,</span> <span class='ocrx_word' id='word_1_322' title='bbox 1043 2774 1099 2813; x_wconf 83' lang='lat'>29,</span> <span class='ocrx_word' id='word_1_323' title='bbox 1115 2772 1149 2814; x_wconf 76' lang='lat'>3)</span> <span class='ocrx_word' id='word_1_324' title='bbox 1170 2770 1363 2814; x_wconf 61' lang='lat' dir='ltr'>scriptura,</span> <span class='ocrx_word' id='word_1_325' title='bbox 1389 2769 1451 2803; x_wconf 80' lang='lat' dir='ltr'>ubi</span> <span class='ocrx_word' id='word_1_326' title='bbox 1473 2780 1570 2803; x_wconf 90' lang='lat' dir='ltr'>nunc</span> <span class='ocrx_word' id='word_1_327' title='bbox 1590 2768 1710 2802; x_wconf 76' lang='lat' dir='ltr'>Atinii</span> 
     </span>
     <span class='ocr_line' id='line_1_37' title="bbox 180 2823 1402 2869; baseline -0.001 -12"><span class='ocrx_word' id='word_1_328' title='bbox 180 2835 312 2858; x_wconf 90' lang='lat' dir='ltr'>nomen</span> <span class='ocrx_word' id='word_1_329' title='bbox 340 2837 382 2860; x_wconf 86' lang='lat' dir='ltr'>ex</span> <span class='ocrx_word' id='word_1_330' title='bbox 409 2825 488 2859; x_wconf 88' lang='lat' dir='ltr'>cod.</span> <span class='ocrx_word' id='word_1_331' title='bbox 510 2824 774 2869; x_wconf 79' lang='lat' dir='ltr'>Bambergensi</span> <span class='ocrx_word' id='word_1_332' title='bbox 800 2825 1012 2859; x_wconf 75' lang='lat' dir='ltr'>restitutum</span> <span class='ocrx_word' id='word_1_333' title='bbox 1039 2826 1106 2866; x_wconf 79' lang='lat' dir='ltr'>eet,</span> <span class='ocrx_word' id='word_1_334' title='bbox 1133 2823 1289 2858; x_wconf 78' lang='lat' dir='ltr'>fundata,</span> <span class='ocrx_word' id='word_1_335' title='bbox 1315 2826 1402 2857; x_wconf 79' lang='lat' dir='ltr'>erat.</span> 
     </span>
    </p>
   </div>
   <div class='ocr_carea' id='block_1_6' title="bbox 355 2567 464 2573">
    <p class='ocr_par' dir='ltr' id='par_1_8' title="bbox 355 2567 464 2573">
     <span class='ocr_line' id='line_1_38' title="bbox 355 2567 464 2573; baseline 0 0"><span class='ocrx_word' id='word_1_336' title='bbox 355 2567 464 2573; x_wconf 95' lang='lat' dir='ltr'> </span> 
     </span>
    </p>
   </div>
  </div>
 </body>
</html>
