2002 3342
286 195 372 235 2613
922 193 1178 234 RELIQVIAE

286 310 410 343 morte
432 303 676 342 occubuisse.
716 317 804 342 cum
826 303 981 342 illorum
1009 303 1171 353 gloriam
1194 305 1295 342 tueri
1322 306 1489 355 posteris
1511 306 1605 343 satis
1627 310 1742 356 esset,
1768 305 1809 343 P.

286 370 510 407 Africanum
534 375 683 407 tantum
705 375 887 419 paternas
911 370 1173 419 superiecisse
1195 368 1340 419 laudes,
1363 375 1404 408 ut
1425 369 1541 408 tidem
1564 370 1701 408 sec-erit
1726 382 1804 408 non

242 458 243 463 =
286 436 477 485 sanguine
506 434 674 472 humano
703 433 771 472 sed
792 435 914 485 stirpe
938 433 1069 472 diuina
1091 439 1217 472 satum
1239 446 1280 472 se
1302 446 1399 472 esse.
1440 434 1479 472 L.
1502 434 1738 485 Scipionem,
1765 434 1812 473 de

286 512 362 550 quo
389 506 537 549 agatur,
564 505 606 537 ut
633 512 732 549 quae
759 500 799 537 in
821 499 1017 550 IIispania,
1045 511 1142 549 quae
1170 499 1209 536 in
1230 499 1371 549 Africa,
1399 512 1487 538 cum
1512 499 1660 550 legatus
1682 500 1814 538 fratris

287 570 401 614 esset,
427 565 626 615 gessisset,
647 570 956 615 praetereantur,
979 563 1179 602 consulem
1201 569 1238 602 et
1259 563 1305 602 ab
1327 570 1464 603 senatu
1486 563 1647 615 dignum
1668 566 1813 603 uisum.
1837 579 1853 604 5

286 631 349 668 cui
382 635 490 667 extra
525 635 671 667 sortem
697 630 786 667 Asia
821 630 1022 680 prouincia
1055 635 1092 668 et
1122 628 1267 667 bellum
1298 642 1387 668 cum
1413 630 1602 668 Antiocho
1630 642 1722 680 rege
1751 629 1817 668 de-

286 700 535 744 cerneretur,
569 700 607 732 et
640 706 659 732 a
693 694 834 744 fratre,
865 695 928 733 cui
961 700 1048 745 post
1082 694 1178 733 duos
1211 694 1436 733 consulatus
1464 707 1750 746 censuramque
1777 701 1817 733 et

286 759 529 810 triumphum
557 759 706 810 legatus
733 761 773 797 in
799 760 929 798 Asiam
958 761 1043 798 iret.
1083 759 1136 797 ibi
1164 772 1213 798 ne
1239 759 1466 810 magnitudo
1493 766 1531 798 et
1551 759 1738 811 splendor
1763 759 1818 798 le-

286 826 364 874 gati
397 824 577 862 laudibus
611 824 783 863 consulis
811 825 1003 874 officeret,
1039 825 1137 863 forte
1168 826 1220 862 ita
1246 824 1450 875 incidisse,
1483 830 1542 875 ut,
1575 837 1650 876 quo
1680 824 1741 863 die
1769 824 1817 862 ad

285 889 524 940 Magnesiam
557 890 679 940 signis
707 889 855 928 collatis
883 889 922 928 L.
950 889 1081 940 Scipio
1108 889 1344 928 Antiochum
1372 889 1600 940 deuicisset,
1634 902 1751 940 aeger
1775 889 1816 928 P.
1840 905 1873 929 10

285 954 417 1005 Scipio
438 954 577 993 Elaeae
600 954 753 993 dierum
774 954 921 1005 aliquot
940 956 1045 993 uiam
1067 954 1232 993 abesset.
1272 967 1349 993 non
1371 955 1492 993 fuisse
1512 956 1705 994 minorem
1727 968 1817 994 eum

286 1020 503 1058 exercitum
539 1032 655 1070 (1113111
690 1019 936 1070 Hannibalis,
976 1033 1065 1058 cum
1101 1033 1176 1070 (1110
1212 1022 1251 1058 111
1286 1020 1415 1059 Africa
1451 1026 1556 1059 esset
1590 1026 1817 1071 pugnatum.

287 1084 544 1123 Hannibalem
572 1084 739 1123 eundem
767 1085 888 1123 fuisse
915 1086 1019 1124 inter
1044 1085 1187 1123 multos
1214 1085 1309 1124 alios
1336 1087 1465 1136 regios
1494 1085 1624 1136 duces,
1652 1087 1719 1136 qui
1744 1087 1817 1124 im-

286 1156 445 1201 perator
470 1150 610 1188 Punici
641 1149 734 1188 belli
767 1150 895 1188 suerit.
941 1156 980 1189 et
1011 1149 1157 1189 bellum
1190 1150 1349 1201 quidem
1375 1152 1428 1189 ita
1455 1157 1609 1201 gestum
1636 1163 1742 1202 esse,
1776 1157 1820 1190 111

287 1227 335 1253 116
372 1215 566 1254 fortunam
603 1214 761 1265 quidem
798 1217 1005 1266 quisquam
1043 1217 1245 1254 criminari
1280 1217 1421 1267 possit,
1461 1218 1499 1255 in
1536 1229 1630 1267 pace
1668 1218 1818 1255 crimen
1840 1229 1873 1254 15

288 1281 434 1331 quaeri,
463 1293 547 1318 eam
570 1279 647 1318 dici
667 1281 837 1319 uenisse.
878 1281 941 1319 hic
964 1280 1098 1319 decem
1125 1281 1272 1331 legatos
1293 1281 1410 1320 simul
1432 1283 1554 1332 argui,
1582 1294 1749 1332 quorum
1771 1294 1818 1320 ex

288 1345 451 1384 consilio
486 1345 572 1383 data
598 1358 672 1396 pax
700 1352 815 1384 esset.
855 1358 1091 1397 quamquam
1125 1347 1322 1385 exstitisse
1351 1359 1397 1385 ex
1426 1346 1560 1385 decem
1587 1346 1724 1398 legatis
1752 1348 1820 1398 qui

288 1410 357 1449 Cn.
383 1410 569 1449 Manlium
597 1417 841 1462 accusarent,
868 1417 998 1450 tamen
1022 1424 1099 1450 non
1121 1411 1235 1450 modo
1256 1411 1304 1450 ad
1325 1412 1503 1450 criminis
1525 1411 1653 1459 fidem,
1680 1411 1749 1450 sed
1769 1424 1819 1450 ne

290 1475 337 1514 ad
362 1488 512 1514 moram
539 1475 699 1527 quidem
726 1477 916 1527 triumphi
942 1489 1027 1515 eam
1054 1478 1344 1515 accusationem
1367 1476 1551 1515 ualuisse.
1592 1472 1644 1530 (c.
1667 1473 1754 1531 59.)
1783 1484 1822 1515 at

287 1541 448 1580 hercule
474 1542 514 1580 in
536 1541 718 1592 Scipione
746 1541 852 1592 leges
879 1543 984 1593 ipsas
1010 1544 1130 1593 pacis,
1157 1547 1200 1580 ut
1222 1543 1388 1580 nimium
1410 1541 1720 1581 accommodatas
1740 1542 1816 1580 An·
1838 1553 1873 1578 20
1986 1526 1987 1607 1

287 1607 435 1657 tiocho,
468 1612 671 1658 suspectas
704 1619 808 1657 esse,
841 1608 1039 1658 integrum
1067 1609 1172 1646 enim
1199 1608 1235 1646 ei
1261 1619 1426 1657 regnum
1458 1606 1656 1657 relictum,
1689 1608 1818 1645 01111113

288 1671 491 1723 possidere
518 1684 608 1710 eum
627 1673 777 1710 uictum
798 1685 897 1723 quae
919 1678 1007 1711 ante
1034 1672 1181 1711 bellum
1203 1673 1287 1711 eius
1309 1673 1466 1722 suerint,
1493 1673 1579 1711 auri
1605 1678 1644 1711 et
1664 1674 1817 1723 argenti

289 1750 377 1775 cum
409 1738 491 1775 uim
524 1749 705 1787 magnam
736 1737 956 1788 habuisset,
989 1737 1086 1776 nihil
1119 1739 1160 1776 in
1186 1737 1388 1788 publicum
1416 1737 1601 1788 relatum,
1635 1749 1749 1776 omne
1777 1738 1818 1775 in

288 1803 486 1853 priuatum
507 1814 680 1840 uersum.
718 1814 765 1840 an
786 1808 945 1853 praeter
962 1803 1137 1841 omnium
1159 1802 1291 1841 oculos
1312 1808 1463 1841 tantum
1484 1803 1569 1840 auri
1590 1803 1819 1853 argentique

284 1869 327 1905 in
360 1867 559 1918 triumpho
587 1866 626 1905 L.
656 1866 869 1917 Scipionis,
903 1874 1091 1918 quantum
1124 1880 1202 1906 non
1236 1867 1370 1906 decem
1405 1867 1491 1905 aliis
1524 1867 1753 1918 triumphis,
1787 1869 1820 1906 si
1840 1876 1874 1902 25

283 1945 402 1971 omne
436 1934 476 1971 in
507 1944 630 1970 unum
665 1933 905 1983 conferatur,
933 1938 992 1971 est
1018 1931 1168 1971 latum?
1209 1920 1313 1971 enam
1340 1932 1434 1984 quid
1463 1932 1508 1971 de
1536 1932 1680 1971 finibus
1708 1934 1819 1983 regni

283 1996 461 2036 -dicam'P
498 1998 627 2036 Asiam
649 2009 805 2036 omnem
833 2003 871 2036 et
896 1999 1072 2049 proxima
1093 1997 1272 2049 Europae
1295 1999 1470 2036 tenuisse
1491 1997 1736 2036 Antiochum.
1776 2010 1821 2037 63

283 2068 432 2113 ι(11131113
460 2064 567 2113 regio
594 2062 702 2101 orbis
728 2069 924 2102 terrarum
953 2064 1014 2113 sit,
1045 2076 1064 2101 a
1091 2063 1219 2102 Tauro
1247 2068 1377 2101 monte
1404 2065 1444 2101 in
1471 2064 1666 2113 Aegaeum
1693 2075 1819 2114 usque

380 2196 402 2231 2
431 2195 685 2242 superiecisse
705 2195 881 2242 plerique
906 2195 969 2232 lib.
991 2207 1061 2232 rec.
1095 2194 1305 2232 subiecisse
1327 2206 1351 2238 ς
1370 2195 1546 2241 plerique
1572 2194 1820 2242 superauisse

292 2254 392 2301 nuly.
481 2255 503 2290 5
532 2249 680 2304 uisum]
709 2253 888 2291 habitum
917 2255 976 2291 uel
1000 2254 1220 2291 iudicatum
1246 2255 1340 2291 coni.
1365 2253 1632 2291 lVeissenborn
1659 2253 1821 2290 ductum

286 2313 466 2360 Zinyerle
554 2316 605 2351 11
635 2313 742 2349 1113111
768 2313 1044 2351 Drakenborch.
1070 2314 1137 2350 uia
1164 2324 1188 2356 ς
1278 2314 1327 2350 13
1355 2308 1502 2363 regios]
1529 2313 1685 2362 regulos
1712 2313 1818 2361 Moy.

288 2384 400 2422 reges
425 2375 497 2410 uel.
520 2372 601 2409 edd.
633 2372 792 2409 rhodios
818 2373 897 2410 coel.
920 2372 1025 2409 Voss.
1058 2373 1234 2422 egregios
1264 2372 1434 2419 Maduaeiq
1528 2373 1578 2408 16
1607 2371 1719 2422 argui
1748 2371 1822 2410 Ge-

289 2432 413 2468 lenius
440 2431 631 2480 arguique
657 2432 719 2468 uel
745 2432 859 2481 argui
879 2444 1035 2480 quoque
1063 2442 1087 2475 ς
1176 2432 1227 2468 17
1257 2443 1496 2480 quamquam
1520 2430 1693 2469 extitisse
1714 2431 1819 2479 Moy.

291 2503 407 2538 quam
423 2490 598 2527 extitisse
613 2491 675 2527 uel
689 2503 806 2539 quem
827 2491 1022 2528 exstitisse
1050 2502 1073 2534 ς
1099 2490 1194 2539 quin
1210 2490 1385 2528 extitisse
1404 2490 1458 2527 cd.
1473 2490 1632 2527 Mediol.
1654 2502 1688 2529 α.
1707 2491 1821 2528 1480

292 2551 386 2597 quin
407 2549 621 2587 exstitisset
645 2548 858 2587 Ascensius
889 2562 1132 2599 quamquam
1159 2550 1401 2586 exstitissent
1421 2549 1698 2587 Drakenborch
1725 2549 1820 2598 quin

286 2610 485 2646 exstitisse
513 2611 552 2645 et
577 2609 764 2656 Kreyssiy
857 2610 910 2646 23
938 2621 1027 2646 cum
1052 2609 1134 2645 uim
1160 2621 1346 2657 magnam
1371 2608 1575 2646 habuisset
1599 2609 1705 2656 Moy.
1738 2609 1822 2645 uim

290 2680 476 2717 magnam
502 2667 685 2705 habuerit
711 2679 736 2711 ς
846 2669 900 2705 24
928 2664 995 2719 311]
1024 2669 1115 2706 libri
1139 2669 1186 2714 cf.
1207 2668 1378 2715 Illacluig]
1403 2667 1567 2704 Emend.
1588 2680 1629 2714 2).
1653 2668 1737 2704 554
1770 2680 1821 2705 311

290 2739 367 2763 non
405 2727 615 2765 Ascensz‘us
653 2728 756 2775 παῖς).
910 2728 962 2764 26
1004 2726 1463 2764 omnes—conferantur
1500 2727 1578 2764 cod.
1607 2726 1820 2764 Vossianus

295 2786 447 2823 Creuer.
571 2786 624 2824 28
662 2787 714 2823 sit
749 2787 838 2824 libri
874 2786 944 2824 del.
980 2786 1091 2824 Creu.
1124 2786 1294 2833 Maduiq
1325 2788 1384 2823 est
1420 2786 1625 2824 Weissenb.
1657 2785 1821 2834 Seyffert

290 2845 314 2880 l.
341 2857 368 2881 5.
390 2857 430 2892 p.
453 2846 539 2883 830
