2002 3342
656 205 692 239 L.
715 204 982 239 CORNELivs
1009 206 1158 240 SVLLA
1459 221 1676 251 conxxvn

148 321 186 353 et
206 328 304 366 quae
321 321 541 366 sequuntur
561 315 681 353 multa
696 315 872 366 prodigia
888 328 1013 366 usque
1030 316 1075 354 ad
1097 321 1231 355 ταῦτα
1252 315 1333 369 μὲν
1353 312 1436 357 οὖν
1457 317 1502 357 οἱ
1522 318 1675 370 λογιώ-

147 394 266 419 τατοι
308 380 550 431 Τυρρηνῶν
582 378 653 419 καὶ
693 377 828 419 πλέον
863 394 904 420 τι
939 386 1026 419 τῶν
1062 379 1207 420 ἄλλων
1244 381 1407 422 εἰδέναι
1443 382 1677 432 δοκοῦντες

148 441 457 496 ἐμυθολόγουν
485 451 520 483 et
550 458 648 495 quae
677 457 755 496 seq.
784 458 908 496 usque
936 445 983 483 ad
1011 446 1128 484 finem
1156 449 1306 497 capitis.

237 523 267 548 c.
290 507 328 548 9.
359 508 417 548 Os
440 507 521 561 μὲν
548 504 628 548 οὗν
649 508 748 561 περὶ
775 510 854 549 τὸν
882 509 1062 560 Μάριον
1089 509 1134 549 ἐν
1161 518 1456 561 παρασκευαῖς
1482 509 1593 565 ἦσαν
1619 538 1675 542 -

146 574 226 626 τὴν
252 571 437 627 ἐσχάτην
471 574 598 626 δίκην
631 573 842 626 ὑποσχεῖν
867 575 1149 628 βουλόμενος.
1189 590 1287 627 quae
1316 590 1360 616 ex
1390 578 1493 617 Sulla
1521 586 1674 631 sumpta

147 653 231 679 esse
260 639 396 678 Cicero
424 645 600 678 testatur.
633 639 711 679 uid.
735 641 779 678 fr.
802 638 826 679 9
855 654 886 679 (·.
909 641 1036 679 adnot.

236 701 419 756 Λέγεται
458 700 505 743 δὲ
538 701 609 744 καὶ
648 704 757 744 κατὰ
795 704 898 752 τοὺς
940 704 1105 752 ὕπνους
1137 705 1255 760 αὐτῷ
1288 707 1442 762 Σύλλα
1481 715 1674 762 φανῆναι

146 769 256 810 θεὸν
282 792 332 796 -
356 770 585 821 θαρσήσας
612 768 660 809 δὲ
686 775 737 823 τῇ·
765 769 861 818 ὄψει
890 770 959 810 καὶ
987 770 1159 823 φράσας
1190 775 1250 826 τῷ
1277 771 1543 826 συνάρχοντι
1569 772 1668 827 μεθ’

144 832 310 888 ἡμέραν
337 831 405 874 ἐπὶ
434 834 514 886 τὴν
543 834 706 887 Ῥώμην
734 833 890 887 ἡγεῖτο.

235 914 265 939 c.
290 899 355 939 11.
384 897 569 951 Λέγεται
597 899 644 940 δὲ
670 898 756 940 ὑπὸ
783 899 859 947 τὰς
884 898 1045 952 ἡμέρας
1072 898 1252 954 ἐκείνας,
1277 899 1326 942 ἐν
1358 895 1426 950 αἷς
1454 901 1476 944 ὁ
1498 903 1676 953 Σύλλας

144 962 227 1005 ἀπὸ
256 970 330 1017 τῆς
366 962 544 1012 Ἰταλίας
572 962 704 1005 ἐκίνει
732 964 811 1005 τὸν
838 966 1011 1017 στόλον,
1039 965 1149 1006 ἄλλα
1173 981 1218 1007 τε
1245 967 1385 1007 πολλὰ
1413 968 1675 1023 ,Μιθριδάτῃ

144 1029 416 1081 διατρίβοντι
442 1029 539 1082 περὶ
572 1029 620 1071 τὸ
652 1028 890 1083 Πέργαμον
916 1027 1154 1083 ἐπισκῆψαι
1182 1031 1390 1085 δαιμόνια
1419 1056 1469 1060 —
1500 1031 1676 1082 ἐλπίδος

143 1092 253 1146 πέρα
278 1095 644 1148 προχωρούντων.

233 1173 264 1199 c.
291 1159 354 1199 14.
383 1160 452 1200 καὶ
481 1160 528 1200 τὸ
551 1160 784 1212 δαιμόνιον
805 1160 945 1209 εὐθὺς
966 1158 1209 1214 ἐπεσήμηνε
1224 1186 1281 1190 -
1297 1160 1550 1217 ἐπλήρωσεν
1572 1163 1675 1205 ὕδα-

142 1239 214 1273 τος
240 1225 321 1278 τὴν
347 1223 598 1278 ἀκρόπολιν.

232 1304 263 1329 c.
285 1289 352 1330 27.
378 1287 471 1331 ’Έτι
499 1288 544 1330 δὲ
573 1290 758 1344 ᾸΜάρκος
779 1290 1044 1343 Λεύκολλος,
1072 1285 1133 1340 εἷς
1155 1299 1244 1333 τῶν
1264 1292 1350 1334 ὑπὸ
1373 1294 1527 1349 Σύλλα
1547 1306 1675 1349 στρα-

142 1354 398 1407 τηγούντων
425 1379 479 1383 ——
507 1355 647 1395 ὤκνει.
686 1380 738 1383 -
777 1357 1006 1408 γενόμενοι
1046 1356 1094 1397 δὲ
1131 1357 1217 1398 ὑπὸ
1257 1358 1417 1399 τούτου
1459 1360 1673 1412 [prodigio]

141 1421 471 1474 προθυμότεροι
512 1419 758 1472 συνέβαλον
802 1419 872 1462 καὶ
918 1423 1174 1475 νικήσαντες
1212 1422 1561 1477 ὀκτακισχιλίους
1605 1422 1674 1465 ἐπὶ

141 1487 315 1537 μυρίοις
342 1484 600 1526 ἀπέκτειναν
626 1486 698 1526 καὶ
724 1487 773 1527 τὸ
801 1487 1101 1540 στρατόπεδον
1121 1482 1253 1529 εἷλον.
1288 1497 1581 1530 antecesserant
1601 1493 1675 1530 tria

143 1551 271 1591 Sullae
300 1554 535 1591 testimonia.

232 1630 263 1656 c.
279 1616 347 1656 28.
375 1615 397 1657 ὁ
420 1613 467 1657 δὲ
485 1618 625 1668 [Sulla]
649 1617 720 1657 καὶ
740 1616 857 1657 πάνυ
876 1618 1108 1671 πρόθυμος
1128 1614 1183 1670 ἧν
1201 1619 1554 1671 διαγωνίσασθαι
1577 1618 1676 1660 κατ’

142 1680 313 1734 ἐκείνην
339 1681 419 1733 την
445 1680 612 1735 ἡμέραν
646 1683 798 1733 [contra
825 1684 1020 1734 Marium]
1060 1681 1269 1737 ἐτύγχανε
1297 1684 1378 1737 γὰρ
1407 1685 1511 1733 ὄψιν
1538 1684 1672 1738 ἑωρα-

140 1747 225 1794 κὼς
257 1745 434 1787 τοιάνδε
466 1747 574 1787 κατὰ
605 1748 708 1795 τοὺς
738 1746 918 1796 ὕπνους.
952 1772 1009 1776 —-
1042 1748 1284 1802 δυστυχίαν
1311 1749 1548 1803 φέρουσαν.
1595 1765 1670 1803 quo

140 1825 229 1851 cum
257 1814 407 1851 somnio
435 1819 517 1852 arte
545 1813 729 1853 cohaeret
754 1826 908 1865 pugnae
935 1828 1033 1866 quae
1062 1817 1242 1866 sequitur
1269 1815 1494 1868 descriptio,
1528 1818 1575 1855 cf.
1603 1814 1672 1856 ἐν-

140 1880 284 1917 ταῦθα
307 1881 367 1932 τῷ
389 1877 543 1932 Σύλλα
569 1878 650 1930 τὴν
675 1878 784 1918 κατὰ
810 1879 913 1927 τοὺς
938 1878 1109 1928 ὕπνους
1136 1880 1292 1933 φωνὴν
1313 1879 1334 1920 ὁ
1357 1880 1526 1934 δαίμων
1547 1893 1673 1922 συνε-

140 1940 262 1982 τέλει.
296 1943 410 1994 paulo
437 1950 527 1995 post
553 1946 671 1983 etiam
697 1944 761 1983 hic
789 1944 895 1984 Sulla
922 1947 1064 1984 citatus
1092 1952 1162 1985 est.

229 2021 260 2048 c.
281 2006 349 2047 529.
378 2006 565 2060 Λέγεται
591 2007 639 2049 δὲ
664 2004 777 2062 ἔχων
802 2024 843 2049 τι
876 2014 1074 2063 χρυσοῦν
1098 2006 1369 2059 ’Λπόλλωνος
1401 2009 1672 2064 ἀγαλμάτιον

140 2070 185 2112 ἐκ
220 2075 414 2126 Δελφῶν
449 2071 515 2113 ἀεὶ
549 2070 630 2126 μὲν
666 2072 773 2114 αὐτὸ
808 2075 916 2115 κατὰ
951 2074 1028 2123 τὰς
1062 2074 1200 2128 μάχας
1234 2074 1492 2130 περιφέρειν
1527 2075 1575 2116 ἐν
1610 2080 1669 2133 τῷ

139 2137 285 2193 κόλπῳ
314 2162 355 2165 -
384 2145 475 2186 τοῖς
501 2137 661 2179 ἑαυτοῦ
689 2140 1084 2193 συναπολούμενον
1109 2141 1318 2189 πολίταις.
1329 2138 1361 2195 1)

229 2203 364 2255 Neque
390 2209 520 2243 tamen
549 2207 642 2244 satis
669 2205 806 2244 habuit
833 2205 938 2244 Sulla
965 2207 1065 2245 hanc
1093 2206 1256 2246 deorum
1282 2209 1445 2258 gratiam
1469 2214 1505 2246 et
1532 2208 1670 2247 uolun-

143 2274 257 2307 tatem
285 2269 515 2321 declarasse,
544 2270 612 2309 sed
634 2272 752 2309 etiam
773 2272 825 2309 ita
847 2283 913 2309 eos
936 2272 1109 2311 fauorem
1131 2272 1375 2323 significasse
1396 2273 1525 2311 uideri
1544 2273 1668 2312 uoluit

141 2339 192 2384 ut,
225 2347 314 2373 cum
346 2335 478 2374 hostes
512 2337 552 2374 in
585 2337 727 2387 pugnis
761 2337 1070 2376 innumerabiles
1102 2337 1282 2376 homines
1316 2339 1551 2388 amisissent,
1585 2340 1668 2389 ipse

235 2439 268 2482 1)
295 2436 396 2479 Quae
423 2450 451 2472 c.
475 2441 518 2472 38
546 2438 676 2472 addita
701 2440 788 2472 sunt
814 2438 858 2472 de
887 2438 1011 2473 Sullae
1037 2439 1177 2481 funere,
1204 2439 1258 2474 ita
1284 2451 1373 2484 prae
1394 2451 1432 2475 se
1451 2440 1576 2475 ferunt
1596 2441 1668 2474 sin-

139 2489 306 2534 gularem
333 2490 484 2525 deorum
511 2491 801 2536 benignitatem,
830 2493 872 2526 ut
897 2492 988 2527 haec
1014 2504 1058 2526 ex
1084 2492 1241 2536 Epicadi
1267 2493 1427 2539 epilogo,
1454 2494 1518 2537 qui
1539 2495 1669 2528 eodem

140 2543 262 2578 animo
290 2555 369 2578 esse
395 2545 556 2588 script-us
582 2545 731 2579 uidetur
756 2548 869 2589 atque
896 2545 968 2590 ipsi
989 2547 1261 2589 commentarii,
1287 2547 1422 2581 hausta
1443 2558 1522 2581 esse
1543 2547 1669 2581 existi-

138 2597 327 2630 mauerim.
357 2618 399 2622 —
426 2597 596 2632 Fortasse
624 2598 737 2632 etiam
763 2600 952 2633 oraculum
980 2598 1104 2633 Sullae
1138 2599 1268 2633 datum
1295 2602 1333 2635 et
1364 2601 1428 2644 qui
1460 2613 1589 2636 uersus
1623 2601 1667 2635 de

138 2647 203 2682 illo
230 2660 252 2682 a
278 2648 381 2684 Sulla
407 2650 577 2694 rescripti
604 2654 689 2686 sunt
715 2663 759 2685 ex
780 2651 904 2686 Sullae
930 2652 1205 2687 commentariis
1232 2653 1269 2686 in
1290 2654 1455 2698 Appiani
1481 2654 1567 2689 bell.
1597 2654 1666 2689 eiu.

141 2706 172 2744 1,
193 2705 235 2736 97
264 2704 501 2747 (quamquam
527 2715 593 2748 per
619 2704 735 2738 alium
762 2707 961 2749 auctorem)
988 2705 1189 2740 fluxerunt:

355 2755 474 2791 Τόνδε
501 2769 559 2792 σοι
585 2757 822 2802 αὐτοκράτωρ
849 2759 995 2799 Σύλλας
1021 2757 1196 2803 ἀνέθηκ’,
1217 2757 1425 2804 Ἀφροδίτη,

352 2810 401 2849 ὡς
427 2807 529 2845 εἶδον
555 2809 635 2845 κατ’
667 2810 815 2854 ὄνειρον
841 2811 914 2845 ἀνα
942 2811 1115 2856 στρατιὴν
1140 2811 1346 2848 διέπουσαν

422 2863 564 2908 τεύχεσι
590 2870 668 2904 τοῖς
686 2862 809 2907 ’Ἀρεος
835 2864 1074 2909 μαρναμένην
1101 2865 1267 2901 ἔνοπλον.
