2002 3342
703 185 938 219 VALERIVS
967 185 1141 220 ANTIAS

153 311 342 350 apponam
395 322 398 323 ν

1468 198 1687 228 CCCXXYII

454 310 542 338 nam
571 298 670 336 insra
699 298 737 335 in
772 298 989 347 fragmenta
1018 299 1193 348 recipere
1222 297 1385 335 consilio
1412 296 1529 334 huius
1556 297 1686 346 operis

153 363 408 415 prohibemur
436 385 501 412 ——‚
528 369 569 400 ut
598 375 713 413 quam
742 361 885 400 similia
912 363 991 400 sint
1019 361 1122 400 clare
1151 368 1352 413 appareat:

243 452 474 491 Plutarchus
503 447 554 504 (ο.
580 449 669 503 15);

213 521 379 574 λέγεται
414 526 524 573 γοῦν
549 535 653 561 ποτε
679 536 753 561 κα-

152 586 279 635 λέσας
314 584 382 626 ἐπὶ
423 586 502 638 τὴν
540 585 754 638 τράπεζαν

151 651 232 692 οὐκ
259 651 435 703 ὀλίγους
456 658 543 691 τῶν
562 655 755 692 πολιτῶν

152 717 284 770 σκεύη
318 732 361 757 τε
396 719 543 770 φαῦλα
570 714 639 757 καὶ
669 717 754 757 δεῖ·

150 796 264 822 πνον
301 778 469 830 εὐτελὲς
501 781 618 822 πάνυ
651 795 754 833 προ-

151 845 316 888 θέσθαι
376 844 446 887 καὶ
505 846 753 899 δημοτικόν.

150 910 408 964 ἀρξαμένων
460 909 505 951 δὲ
559 912 754 952 δειπνεῖν

151 975 353 1029 ἐμβαλὼν
410 977 564 1029 λόγον,
621 976 679 1025 ὡς
732 977 753 1030 η

153 1044 278 1093 θεός,
322 1037 349 1095 ᾗ
390 1042 617 1094 σύνεστιν,
657 1042 753 1095 ’ἥκοι

150 1108 261 1161 πρὸς
311 1107 467 1160 αὐτόν,
525 1109 756 1161 αἰφνίδιον

150 1171 363 1222 ἐπιδεῖξαι
408 1174 485 1213 τόν
535 1188 579 1214 τε
631 1167 755 1214 οἷκον

150 1237 417 1292 ἐκπωμάτων
448 1241 592 1292 πλήρη
620 1241 754 1279 πολυ-

148 1306 286 1344 τελῶν
327 1303 398 1344 καὶ
434 1304 509 1352 τὰς
546 1302 755 1357 τραπέζας

150 1369 274 1417 ὄψων
300 1384 344 1409 τε
365 1369 661 1410 παντοδαπῶν
682 1369 754 1409 καὶ

149 1440 428 1487 παρασκευῆς
449 1435 666 1483 δαψιλοῦς
687 1450 754 1487 γε-

149 1499 325 1552 μούσας.

1036 450 1244 501 Dionysius
1274 446 1330 504 (2,
1348 449 1440 504 60);

852 518 1095 560 καλέσαντα
1127 518 1349 574 Ῥωμαίων
1387 522 1577 568 πολλοὺς
1615 519 1685 560 καὶ

793 585 993 638 ἀγαθοὺς
1029 585 1090 634 εἰς
1122 586 1202 638 τὴν
1236 586 1399 638 οἰκίαν,
1435 584 1483 626 ἐν
1515 579 1540 639 ἧ
1574 586 1686 626 διαι-

793 650 985 702 τώμενος
1018 649 1277 704 ἐτύγχανεν,
1311 652 1458 691 ἔπειτα
1486 649 1686 699 δείξαντα

793 722 884 764 τοῖς
923 714 1108 756 ἐλθοῦσι
1147 716 1199 756 τὰ
1237 713 1370 757 ἔνδον
1408 722 1458 770 τῇ
1495 731 1539 756 τε
1576 716 1685 770 ἄλλῃ

793 786 1036 834 κατασκευῇ
1064 781 1243 834 φαύλως
1269 780 1593 835 κεχορηγημένα
1614 779 1682 822 καὶ

794 846 846 899 δὴ
873 846 946 887 καὶ
971 853 1060 887 τῶν
1087 847 1148 895 εἰς
1175 845 1371 888 ἑστίασιν
1395 846 1574 900 ὀχλικὴν
1595 845 1685 887 ε’πι-

793 912 979 965 τηδείων
1006 913 1167 964 ἄπορα,
1193 913 1289 952 τότε
1315 908 1396 965 μὲν
1423 911 1686 952 ἀπαλλάττε-

795 981 901 1018 σθαι
929 976 1138 1029 κελεύειν,
1166 977 1228 1025 εῖς
1255 975 1444 1030 ἑσπέραν
1468 976 1516 1018 δὲ
1536 979 1687 1017 καλεῖν

794 1041 954 1091 αὐτοὺς
981 1040 1049 1082 ἐπὶ
1077 1042 1124 1083 τὸ
1153 1042 1351 1083 δεῖπνον·
1388 1041 1686 1096 παραγενομέ-

798 1123 887 1156 νοις
910 1107 957 1149 δὲ
977 1108 1085 1148 κατὰ
1106 1108 1186 1161 τὴν
1206 1106 1551 1161 ἀποδειχθεῖσαν
1566 1108 1686 1161 ὥραν

793 1171 1005 1222 ἐπιδεῖξαι
1027 1172 1255 1227 στρωμνάς
1276 1188 1319 1213 τε
1340 1175 1594 1221 πολυτελεῖς
1613 1171 1685 1213 καὶ

793 1237 1001 1290 τραπέζας
1034 1238 1300 1292 ἐκπωμάτων
1332 1238 1548 1292 γεμούσας
1580 1241 1685 1279 πολ-

793 1307 882 1345 λῶν
918 1302 989 1344 καὶ
1025 1306 1193 1357 καλῶν,
1229 1303 1423 1345 ἑστίασίν
1459 1319 1502 1344 τε
1537 1303 1686 1352 αὐτοῖς

792 1373 1061 1423 παραθεῖναι
1124 1371 1457 1410 κατακλιθεῖσιν
1517 1368 1686 1422 ἁπάσης

793 1433 978 1488 ἐδωδῆς,
1010 1434 1066 1487 ἣν
1093 1433 1188 1476 οὐδ’
1220 1433 1276 1475 ἂν
1301 1433 1347 1475 ἐκ
1374 1437 1540 1476 πολλοῦ
1567 1435 1685 1475 πάνυ

792 1501 956 1554 χρόνου
970 1499 1606 1555 παρασκευάσασθαι-ῥᾴδιον
1621 1496 1684 1553 ἧν.

240 1601 404 1640 Maxime
437 1614 531 1640 uero
565 1614 663 1652 quae
690 1602 833 1641 Valerii
868 1615 957 1641 cum
985 1602 1141 1641 Sabinis
1175 1608 1385 1654 gesserunt
1417 1602 1534 1653 bella,
1569 1615 1684 1653 quani

150 1667 261 1717 quasi
287 1668 532 1717 prouinciam
560 1666 623 1705 illa
648 1680 744 1717 gens
767 1667 842 1706 sibi
864 1667 1141 1719 depoposcisse
1162 1667 1323 1706 uidetur
1342 1674 1385 1706 ut
1405 1667 1522 1706 Fabia
1544 1668 1684 1707 Veiens

149 1737 215 1770 aut
242 1732 357 1771 Furia
386 1732 588 1783 Gallicum,
616 1735 773 1784 copiose
801 1738 839 1771 et
866 1732 1016 1784 prolixe
1045 1745 1134 1772 cum
1155 1734 1279 1772 effusa
1298 1733 1543 1772 Valeriorum
1570 1733 1683 1772 laude

148 1797 358 1848 Dionysius
378 1800 577 1849 pertexuit
597 1795 842 1848 (5‚37—39
871 1811 902 1837 a.
918 1795 1016 1836 505.
1038 1795 1136 1837 249.
1165 1795 1390 1849 5,-’10-42
1419 1811 1450 1837 a.
1466 1796 1563 1837 504.
1586 1796 1683 1838 250.

148 1860 395 1912 5,44—49
423 1876 455 1902 3.
476 1861 573 1902 503.
598 1861 695 1903 251.
736 1861 780 1913 6,
796 1862 849 1902 31
879 1877 910 1902 a.
932 1861 1030 1902 495.
1053 1861 1157 1915 2593
1195 1861 1384 1903 42—43
1412 1877 1442 1902 a.
1464 1861 1562 1902 494.
1585 1862 1682 1902 260.

149 1925 187 1977 9,
202 1926 378 1968 34—35
406 1941 438 1968 a.
458 1927 556 1968 475.
579 1926 703 1984 279),
741 1942 829 1968 cum
863 1929 999 1968 Liuius
1033 1941 1075 1967 ea
1109 1934 1175 1968 aut
1206 1930 1417 1980 perpaucis
1450 1929 1584 1968 uerbis
1618 1935 1683 1968 aut

147 1995 307 2032 omnino
335 2007 412 2032 non
440 2001 767 2033 commemoraret
793 1992 850 2048 (2,
869 1993 994 2047 16,1;
1017 1992 1059 2047 63
1088 1991 1325 2048 31‚1—3)‚
1358 1996 1399 2033 in
1428 1996 1560 2045 priore
1589 1995 1682 2033 alte-

150 2059 232 2097 rius
268 2059 359 2097 libri
394 2065 504 2110 parte
538 2061 780 2111 antiquiores
813 2065 993 2098 auctores
1028 2066 1198 2099 secutus.
1246 2072 1321 2111 qua
1356 2059 1402 2098 de
1430 2073 1545 2099 causa
1579 2060 1683 2099 haud

148 2125 292 2162 iniuria
318 2124 475 2163 illarum
503 2137 634 2163 rerum
663 2127 952 2164 enarrationem
979 2125 1256 2176 Dionysianam
1283 2125 1330 2164 ad
1357 2126 1523 2164 Antiatis
1551 2131 1682 2164 aucto-

150 2190 305 2227 ritatem
332 2191 409 2228 iam
431 2189 654 2240 Schwegler
673 2190 707 2228 ΙΙ
727 2203 763 2241 p.
781 2188 864 2229 733
878 2204 934 2241 sq.
962 2190 1124 2229 rettulit.
1164 2190 1315 2229 accedit
1342 2190 1444 2241 quod
1466 2203 1582 2241 quem
1610 2193 1681 2229 im·

150 2253 348 2292 modicum
377 2254 610 2294 Sabinorum
640 2257 679 2294 in
707 2255 828 2294 altero
855 2255 956 2294 bello
990 2257 1209 2294 occisorum
1236 2268 1446 2294 numerum
1474 2252 1562 2309 (13,
1577 2254 1681 2294 500:

148 2317 186 2369 5,
201 2318 270 2369 42,
285 2316 331 2370 4)
353 2319 562 2371 Dionysius
583 2320 784 2371 indicauit,
813 2320 981 2359 eundem
1004 2322 1121 2359 etiam
1143 2320 1245 2372 apud
1267 2321 1519 2360 Plutarchum
1540 2323 1579 2359 in
1602 2323 1681 2360 uita

148 2384 366 2435 Poplicolae
401 2380 452 2438 (c.
475 2382 550 2438 20)
583 2385 720 2436 habes,
754 2398 991 2437 quamquam
1024 2386 1087 2424 hic
1121 2398 1192 2437 per
1219 2398 1394 2424 errorem
1424 2388 1550 2437 primo
1578 2386 1680 2425 bello

147 2455 203 2488 tot
236 2450 367 2488 hostes
401 2463 535 2489 caesos
569 2464 655 2489 esse
689 2453 859 2502 scripsit.
905 2453 1022 2489 etiam
1055 2452 1263 2501 iuuenum7
1300 2452 1367 2502 qui
1394 2450 1538 2489 Romae
1572 2454 1681 2490 censi

148 2515 237 2564 sint,
259 2516 439 2565 ingentes
460 2517 616 2554 numeri
637 2516 739 2567 apud
754 2516 983 2567 Dionysium
1004 2517 1264 2554 inueniuntur
1284 2513 1322 2564 5,
1332 2514 1388 2554 20
1407 2512 1458 2569 (a.
1476 2514 1572 2555 246.
1593 2515 1678 2555 508

148 2576 311 2630 εὑρέθη
339 2586 426 2619 τῶν
453 2577 501 2619 ἐν
527 2580 610 2633 ἥβῃ
640 2577 859 2631 Ῥωμαίων
884 2580 984 2632 περὶ
1010 2579 1290 2631 τρισκαίδεκα
1316 2579 1551 2633 μυριάδας,
1586 2595 1679 2633 quo-

149 2656 237 2682 cum
260 2657 424 2683 numero
448 2648 643 2684 consentit
657 2646 853 2685 Plutarch.
872 2644 958 2699 12),
980 2659 1010 2685 e.
1028 2643 1129 2701 754
1152 2641 1204 2699 (3.
1220 2643 1436 2685 256.498;
1462 2644 1679 2703 150,700),

149 2706 186 2758 6,
202 2708 269 2757 9⁴5,
284 2708 312 2748 4
334 2708 384 2761 (a.
406 2708 503 2750 261.
524 2708 628 2749 493:
660 2710 854 2763 111,000,
883 2713 950 2762 qui
971 2723 1159 2750 numerus
1180 2711 1302 2750 multo
1322 2713 1452 2750 minor
1473 2714 1678 2750 confirma-

148 2780 212 2812 tur
233 2773 269 2825 9,
281 2772 415 2827 2572),
442 2773 545 2826 9,ῧὸ
562 2772 612 2829 (3.
628 2774 725 2815 280.
740 2775 844 2816 474:
870 2774 1066 2827 133900.
1094 2776 1141 2814 cf.
1158 2776 1381 2827 Schwegler
1396 2777 1427 2815 ll
1443 2774 1575 2828 p.689
1588 2774 1677 2831 sq),

148 2839 290 2891 aliique
325 2841 479 2878 numeri
512 2840 776 2880 Romanorum
810 2842 1079 2892 hostiumque,
1118 2843 1185 2892 qui
1218 2843 1322 2880 inter
1354 2854 1394 2880 se
1429 2842 1679 2880 conflixerint
