2002 3342
748 727 795 774 c,
822 725 1149 791 FANNIVS1)

267 835 403 874 Cicero
436 836 476 873 in
510 834 630 873 Bruto
663 831 752 888 (26,
773 830 848 888 99)
885 834 931 873 de
967 833 1117 873 duobus
1146 834 1184 873 C.
1206 835 1367 874 Fanniis
1400 835 1496 874 haec
1528 836 1707 887 protulit:

176 902 331 941 Horum
359 900 415 950 [P.
438 900 570 939 Crassi
595 899 766 939 Muciani
793 912 871 939 cos.
896 897 990 938 131.
1013 898 1116 950 623,
1151 900 1233 939 Ser.
1263 900 1427 952 Sulpicii
1455 900 1597 940 Galbae
1632 915 1707 940 cos.

179 964 274 1005 144.
296 963 398 1016 610]
425 967 625 1005 aetatibus
646 967 833 1005 adiuncti
853 967 931 1004 duo
958 966 996 1004 C.
1018 966 1179 1014 Fannii,
1213 967 1251 1004 C.
1274 972 1311 1005 et
1333 967 1386 1005 M.
1403 969 1492 1015 filit,
1515 967 1708 1016 fuerunt:

174 1043 346 1081 quorum
371 1032 447 1070 Gai
462 1033 584 1078 filias,
605 1034 676 1080 qui
696 1033 836 1070 consul
855 1042 945 1069 cam
966 1031 1142 1070 Domitio
1159 1031 1242 1081 fuit
1261 1028 1313 1084 (a.
1332 1029 1426 1070 122.
1443 1029 1559 1084 632),
1585 1045 1706 1071 unam

173 1099 399 1136 orationem
426 1098 476 1135 de
500 1099 622 1135 sociis
648 1101 685 1135 et
708 1099 868 1136 nomine
888 1096 1035 1135 Latino
1063 1102 1208 1135 contra
1234 1097 1272 1136 C.
1293 1098 1522 1136 Gracchum
1543 1100 1708 1147 reliquit

171 1173 274 1201 sane
305 1167 342 1201 et
374 1163 519 1200 bonum
551 1167 588 1200 ct
620 1163 802 1200 nobilem.
851 1160 992 1199 deinde
1026 1167 1162 1200 contra
1195 1161 1478 1201 dubitationem
1512 1163 1706 1214 quandam

174 1227 304 1275 Attici,
330 1226 431 1265 hanc
457 1228 672 1265 orationem
701 1239 720 1264 a
748 1226 982 1277 quibusdam
1006 1226 1145 1265 Fannii
1172 1228 1294 1266 fuisse
1319 1233 1505 1278 negatum
1532 1241 1618 1268 esse
1646 1242 1707 1268 re-

175 1291 358 1343 ferentis,
388 1298 545 1343 praeter
577 1291 650 1330 alia
684 1298 913 1343 argumenta
941 1293 1058 1330 etiam
1084 1292 1158 1330 hoc
1185 1299 1335 1344 monet,
1368 1293 1560 1333 Fannium
1594 1307 1707 1333 num-

173 1369 291 1407 quam
319 1369 405 1395 esse
432 1356 609 1396 habitum
637 1357 845 1408 elinguem.
891 1369 1002 1405 nam,
1029 1358 1175 1408 inquit,
1207 1365 1245 1397 et
1271 1371 1418 1398 causas
1445 1359 1707 1409 defensitant!

173 1427 212 1461 et
240 1424 471 1461 tribunatus
503 1425 588 1461 etus
621 1425 794 1462 arbitrio
828 1428 865 1461 ct
898 1425 1143 1462 auctoritate
1170 1424 1212 1462 P.
1234 1424 1429 1473 Africani
1457 1431 1595 1474 §estus
1627 1438 1704 1466 non

174 1488 370 1526 obscurus
391 1488 482 1536 suit.
530 1490 634 1526 alter
667 1493 799 1527 autem
832 1488 870 1526 C.
895 1489 1090 1536 Fannius,
1117 1488 1172 1526 M.
1190 1491 1317 1537 filius,
1350 1490 1388 1528 C.
1411 1490 1544 1530 Laelii
1566 1503 1706 1541 yener,

173 1558 213 1591 et
238 1554 416 1591 moribus
436 1559 473 1592 ct
500 1556 584 1602 ‘ipso
602 1565 755 1602 qencre
777 1554 941 1592 (licendi
961 1554 1116 1592 durior.
1153 1556 1187 1592 is
1205 1557 1338 1594 soceri
1358 1557 1552 1604 instituto,
1579 1569 1707 1609 quem,

174 1620 271 1666 quta
297 1624 507 1667 cooptatus
532 1620 573 1657 tn
596 1631 798 1667 augurum
819 1620 1031 1667 collectum
1051 1630 1128 1658 non
1153 1626 1252 1669 crat,
1279 1631 1358 1659 non
1381 1622 1594 1660 admodum
1616 1624 1705 1662 dite·-

167 1684 304 1730 gebat,
327 1686 576 1732 praesertim
603 1695 692 1722 cum
719 1686 784 1723 ille
810 1683 852 1729 Q.
869 1685 1108 1723 Scaeuolam
1134 1686 1213 1723 sibi
1238 1687 1433 1724 minorem
1459 1693 1558 1725 natu
1584 1701 1704 1737 qene-

173 1759 263 1786 rum
279 1750 548 1797 praetulisset,
571 1770 626 1775 —
647 1751 681 1788 is
702 1754 832 1788 tamen
854 1751 1037 1788 instituto
1059 1749 1190 1788 Laelii
1210 1751 1452 1790 Panaetium
1473 1754 1705 1794 audiuerat.

170 1814 260 1851 eius
284 1816 412 1851 omnis
437 1816 476 1852 2'72
507 1815 679 1853 dicendo
702 1814 885 1863 facultas
917 1826 969 1853 ex
994 1815 1167 1853 historia
1193 1818 1320 1864 ipsius
1345 1828 1424 1855 non
1452 1820 1707 1868 tneteqanter

169 1880 326 1927 scripta
348 1882 534 1928 perspici
560 1885 711 1929 potest,
748 1891 852 1928 quae
884 1891 1013 1928 neque
1044 1883 1163 1919 nimis
1196 1886 1254 1920 est
1286 1882 1424 1931 infans
1450 1895 1580 1933 neque
1605 1898 1704 1934 per-

167 1942 278 1992 fecte
304 1945 469 1982 diserta.

261 2007 305 2046 In
337 2008 397 2046 his
430 2013 561 2048 tamen
593 2009 728 2048 uerbis
761 2021 847 2048 esse
885 2022 983 2061 quae
1019 2011 1189 2049 maximo
1223 2024 1340 2063 opere
1375 2013 1591 2066 offendant,
1628 2017 1705 2054 iam

173 2071 321 2111 dudum
353 2073 671 2114 animaduersum
705 2080 774 2114 est.
819 2076 903 2126 ipse
938 2076 1043 2114 enim
1077 2074 1214 2114 Cicero
1248 2078 1288 2115 in
1326 2079 1492 2129 epistula
1526 2080 1704 2131 quadam,

172 2149 289 2188 quam
317 2137 467 2177 duobus
494 2141 607 2178 annis
633 2145 890 2191 posteaquam
916 2140 1082 2179 Brutum
1110 2140 1250 2192 edidit,
1281 2155 1369 2181 cum
1397 2143 1572 2184 Laelium
1599 2158 1704 2185 com-

172 2209 347 2253 poneret,
375 2216 474 2242 anno
501 2202 570 2243 44.
595 2202 680 2243 710
707 2206 867 2257 scripsit
893 2205 941 2244 ad
961 2205 1132 2244 Atticum
1156 2203 1244 2260 (16,
1269 2206 1322 2247 13
1338 2205 1389 2261 cv),
1417 2221 1463 2248 ex
1491 2212 1615 2250 amico
1642 2225 1703 2251 re-

173 2279 259 2305 rum
280 2267 545 2307 Romanorum
571 2271 813 2321 peritissimo
841 2272 1006 2321 quaerit,
1035 2269 1192 2321 ‘quibus
1215 2273 1442 2313 consulibus
1464 2274 1503 2313 C.
1518 2275 1703 2329 Fannius,

172 2330 315 2371 Marci
348 2333 501 2385 filius,
534 2334 717 2374 tribunus
743 2335 793 2387 pl.
815 2334 961 2374 suerit'.
1007 2335 1135 2374 uideri
1169 2337 1244 2376 sihi
1277 2338 1433 2378 audisse
1459 2340 1498 2379 P.
1520 2342 1702 2381 Africano

172 2395 213 2435 L.
234 2396 418 2436 Mummio
447 2399 695 2451 censoribus,
729 2413 749 2439 a
776 2401 919 2452 quihus
947 2413 1154 2440 censuram
1183 2415 1283 2442 anno
1313 2402 1408 2442 142.
1430 2403 1515 2444 612
1543 2419 1702 2459 suscep-

170 2466 249 2500 tam
270 2474 355 2501 esse
378 2469 539 2503 constat.
577 2477 681 2516 ergo,
709 2467 893 2517 quoniam
915 2467 1000 2505 sine
1023 2465 1139 2505 dubio
1161 2467 1330 2507 eundem
1350 2469 1541 2509 Fannium
1564 2472 1701 2511 Cicero

172 2527 212 2564 in
238 2529 367 2567 animo
400 2528 533 2580 habet,
570 2530 757 2570 alterutro
791 2531 876 2570 loco
911 2544 1000 2571 eum
1034 2534 1073 2571 in
1106 2534 1230 2584 patris
1262 2535 1420 2573 nomine
1454 2548 1608 2576 errasse
1642 2550 1701 2576 se-

172 2593 316 2642 quitur.
362 2595 401 2631 in
430 2594 541 2633 Bruti
574 2601 703 2634 autem
736 2596 870 2635 uerbis
898 2610 1073 2636 errorem
1102 2598 1263 2637 subesse
1290 2599 1507 2639 Mommsen
1535 2603 1701 2654 inscrip-

173 2657 277 2695 tione
305 2658 470 2709 quadam
498 2666 719 2711 comparata
750 2664 962 2713 perspexit.
1010 2664 1060 2701 ita
1095 2665 1200 2702 enim
1234 2663 1297 2702 illa
1325 2661 1384 2717 (C.
1406 2665 1431 2704 1.
1454 2665 1530 2704 L.I
1557 2679 1592 2705 n.
1615 2665 1701 2706 560

172 2732 208 2772 p.
232 2719 325 2761 158.
363 2723 514 2763 Ritschl
541 2725 616 2764 tab.
637 2725 716 2765 Lvl
731 2723 788 2779 c):
834 2728 872 2765 C.
895 2728 1029 2766 Fanni
1050 2729 1103 2766 M.
1121 2729 1152 2778 s.
1175 2740 1251 2768 cos.
1274 2732 1322 2768 cle
1344 2742 1454 2769 sena.
1475 2744 1556 2770 sen.
1578 2734 1699 2771 aedit.

267 2855 299 2896 1)
326 2853 410 2889 Vid.
431 2855 604 2890 Muenzer
631 2857 675 2892 R.
697 2858 744 2893 E.
767 2857 815 2891 VI
842 2869 870 2893 c.
895 2862 1137 2893 1987—1991.

243 2918 321 2944 ffist.
335 2920 418 2945 Rom.
432 2921 483 2946 rei.
498 2922 522 2953 1,
542 2921 719 2948 ed.P0ter.
751 2923 804 2948 Ed.
820 2924 871 2949 ait⁴
1333 2918 1416 2952 XIII
