2002 3342
498 780 544 827 C.
573 779 975 828 SEMPRONIVS
1004 780 1371 828 TVDITANVS

256 886 310 926 Ὃ.
338 888 594 938 Sempronius
628 887 666 926 C.
690 888 711 926 f.
733 887 771 925 C.
794 900 830 925 11.
851 887 1069 926 Tuditanus
1102 900 1133 925 a.
1154 887 1338 926 DCXXIV
1373 887 1487 939 [129.
1510 887 1594 928 625
1622 903 1701 930 aer.

167 953 343 1003 Varron]
373 965 449 991 cos
473 952 519 991 de
547 952 757 1003 lapudihus
786 953 820 991 k.
842 950 940 991 Oct.'
976 953 1193 991 secundum
1227 959 1310 992 acta
1346 955 1596 1005 triumphalia
1631 955 1700 994 Ca-

166 1019 329 1070 pitolina
354 1014 460 1071 (C.1.
483 1018 523 1056 L.
543 1014 579 1056 12
599 1014 726 1072 [1418)
753 1018 1024 1069 triumphauit.
1065 1017 1182 1057 Gaius
1209 1024 1321 1069 pater
1348 1016 1482 1071 (gente
1509 1021 1703 1060 oriundus

165 1089 249 1123 tum
276 1080 448 1136 plebeia)
475 1085 514 1121 in
545 1083 680 1122 decem
708 1084 846 1134 legatis
874 1084 959 1134 fuit,
987 1084 1053 1134 qui
1075 1083 1261 1123 Corintho
1289 1098 1427 1124 euersa
1453 1091 1496 1124 ut
1517 1086 1700 1125 Achaiam

167 1150 207 1187 in
231 1150 458 1200 prouinciae
480 1150 643 1187 sormam
666 1148 901 1199 redigerent,
923 1148 969 1187 ad
987 1148 1218 1188 Mummium
1240 1150 1443 1189 consulem
1464 1152 1577 1189 missi
1598 1158 1703 1203 sunt,

169 1221 209 1253 et
229 1228 248 1253 a
271 1215 459 1253 Cicerone
482 1214 547 1253 diu
568 1227 655 1253 cum
679 1214 756 1252 filio
779 1215 966 1253 confusus
992 1220 1061 1265 est,
1090 1214 1212 1253 donec
1233 1227 1369 1254 mense
1391 1215 1489 1254 Maio
1510 1217 1702 1268 Iunioque

169 1292 200 1318 a.
221 1277 289 1318 45.
313 1277 397 1318 709
425 1280 576 1318 Atticus
608 1279 822 1318 identidem
857 1279 904 1318 de
938 1292 981 1318 ea
1010 1292 1050 1318 re
1079 1280 1300 1331 consultus,
1334 1281 1436 1332 quod
1464 1283 1580 1320 nimis
1608 1282 1701 1322 adu-

167 1344 320 1383 lescens
342 1345 389 1383 ad
409 1345 526 1395 legati
547 1357 690 1383 munus
707 1357 791 1383 esse
808 1345 1013 1384 uideretur
1028 1340 1094 1398 (ad
1110 1346 1183 1384 Att.
1200 1344 1265 1396 13,
1278 1344 1345 1397 30,
1358 1344 1402 1398 33
1421 1345 1489 1397 32,
1502 1346 1546 1399 33
1562 1345 1629 1399 33,
1642 1346 1703 1401 3),

168 1412 204 1449 01
233 1409 514 1449 dubitationem
548 1411 693 1448 exemit
720 1406 761 1462 (1.
785 1423 813 1449 s.
836 1423 894 1462 ep.
917 1408 954 1461 6,
976 1406 1034 1464 4).
1082 1410 1128 1449 de
1162 1411 1234 1449 hoc
1268 1424 1363 1450 uero
1390 1411 1583 1451 Tuditano
1612 1426 1701 1452 cum

169 1481 378 1526 quaereret
411 1475 564 1526 Cicero,
604 1475 857 1514 Hortensium
890 1482 1170 1526 percunctatus
1211 1482 1270 1515 est
1308 1483 1423 1528 atque
1455 1478 1572 1516 etiam
1606 1479 1704 1517 alios

168 1541 295 1579 sontes
318 1540 460 1579 adiisse
480 1541 650 1590 uidetur,
665 1540 733 1579 uhi
749 1553 847 1591 quae
870 1540 1075 1579 audiuerat
1095 1541 1305 1591 legeratue,
1321 1555 1392 1593 per
1407 1543 1594 1593 epistulas
1611 1556 1703 1582 suas

168 1607 422 1657 exprompsit,
443 1612 485 1644 ut
506 1605 596 1644 inde
619 1618 649 1643 a.
669 1603 864 1644 1401309
887 1612 1136 1656 quaesturam
1159 1604 1201 1657 (l.
1223 1620 1251 1645 s.
1275 1619 1333 1658 ep.
1348 1605 1387 1658 4,
1407 1605 1461 1660 1),
1483 1608 1521 1647 Ρ.
1539 1608 1703 1659 Popillio

168 1671 206 1709 P.
222 1671 377 1721 Rupilio
399 1684 476 1709 cos.
493 1683 523 1709 a.
542 1668 636 1709 132.
654 1669 738 1710 622
760 1676 984 1722 praeturam
1008 1684 1097 1710 eum
1116 1672 1414 1711 administrasse
1437 1673 1702 1725 legitimisque

168 1737 280 1775 annis
308 1736 465 1775 curules
492 1738 745 1787 magistratus
773 1736 959 1787 perfacile
987 1739 1139 1788 cepisse
1163 1750 1446 1788 cognoscamus
1468 1736 1510 1791 (l.
1527 1752 1555 1777 s.
1572 1736 1702 1793 32,3>

168 1807 283 1852 atque
312 1808 445 1840 natum
473 1814 562 1840 eum
591 1814 676 1840 esse
705 1814 805 1840 anuo
833 1802 914 1840 fere
940 1800 1033 1841 176.
1052 1800 1136 1841 578
1165 1803 1406 1854 colligamus.
1446 1804 1514 1843 sed
1536 1817 1634 1855 quae
1662 1807 1701 1843 iu

169 1873 378 1918 quaestura
407 1873 471 1905 aut
497 1868 537 1905 in
565 1866 766 1906 tribunatu
794 1869 972 1917 gesserit,
999 1867 1113 1906 nohis
1140 1881 1216 1906 non
1246 1874 1302 1907 est
1328 1867 1569 1923 t1·aditum.²)
1602 1870 1702 1909 Tum

167 1945 200 1971 a.
224 1931 320 1971 129.
342 1930 426 1970 (525
455 1945 543 1970 cum
570 1932 627 1970 Μ’.
649 1932 802 1984 Aquilio
830 1933 1074 1972 consulatum
1103 1940 1162 1972 est
1182 1933 1346 1985 adeptus
1368 1940 1416 1985 et,
1444 1948 1533 1973 cum
1555 1935 1702 1986 collega

168 1997 216 2035 ad
248 1998 459 2036 Aristonici
492 1997 583 2036 belli
616 1997 802 2049 reliquias
837 1998 1100 2037 conficiendas
1133 2000 1172 2037 in
1206 2000 1337 2038 Asiam
1371 1999 1513 2051 abiret,
1548 2002 1631 2051 ipse
1662 2002 1701 2039 in

168 2063 266 2102 111110
295 2064 494 2102 remansit.
533 2075 661 2114 neque
688 2069 819 2102 tamen
848 2063 911 2102 illa
938 2069 1075 2115 aetate,
1103 2077 1191 2102 cum
1217 2067 1390 2115 partium
1418 2072 1616 2104 certamen
1637 2066 1702 2104 Ti-

171 2128 271 2167 110111
298 2128 464 2167 Gracchi
489 2141 585 2167 nece
613 2130 678 2167 uix
708 2128 886 2168 sedatum
915 2129 1042 2168 denuo
1070 2131 1253 2181 oriretur,
1283 2135 1412 2169 utram
1439 2136 1591 2181 partem
1618 2133 1702 2183 ipse

169 2199 422 2245 sequeretur,
449 2199 581 2233 certus
607 2194 767 2233 uidetur
794 2195 927 2233 fuisse.
974 2207 1089 2246 quam
1117 2194 1164 2233 oh
1191 2207 1294 2246 rem,
1323 2201 1577 2247 posteaquam
1605 2198 1703 2235 socii

171 2259 217 2297 de
251 2258 376 2297 tribus
408 2260 525 2309 uiris,
559 2261 625 2310 qui
658 2272 771 2310 agros
804 2272 850 2298 ex
884 2260 941 2298 Ti.
964 2259 1129 2298 Gracchi
1161 2259 1246 2311 lege
1284 2261 1524 2312 diuiderent,
1557 2261 1703 2301 Romae

169 2325 375 2376 conquesti
403 2330 494 2362 sunt
520 2330 559 2363 et
584 2324 623 2362 P.
646 2324 842 2376 Scipionis
870 2326 1113 2376 auctoritate,
1141 2327 1208 2377 qui
1233 2338 1367 2365 eorum
1391 2339 1546 2365 causam
1569 2340 1702 2366 susce-

170 2396 297 2441 perat,
330 2389 368 2427 id
397 2390 630 2440 effecerunt,
663 2396 705 2428 ut
733 2403 777 2428 ex
806 2396 965 2429 senatus
993 2391 1170 2430 consulto
1197 2391 1414 2430 Tuditanus
1448 2392 1601 2443 consul,
1635 2394 1702 2443 qui

170 2456 460 2493 controuersias
488 2454 702 2506 dirimeret,
728 2457 964 2506 mitteretur,
991 2457 1087 2507 ipse,
1115 2469 1230 2507 quem
1253 2456 1398 2495 laboris
1421 2457 1643 2496 difficillimi
1664 2463 1704 2496 et

170 2519 439 2559 molestissimi
466 2520 660 2571 taederet,
692 2520 812 2559 Roma
846 2521 980 2559 relicta
1009 2522 1049 2559 in
1076 2521 1247 2572 lllyriam
1274 2523 1474 2573 profectus
1503 2529 1562 2560 est
1589 2522 1702 2575 (App.

170 2585 205 2624 11.
222 2598 252 2623 0.
272 2585 307 2636 1,
331 2583 383 2623 19
399 2598 482 2637 sqq.
507 2582 591 2639 10).
630 2586 685 2624 ihi
714 2586 863 2625 domuit
889 2586 1042 2625 Histros
1070 2593 1185 2638 atque
1212 2592 1467 2638 posteaquam
1495 2585 1703 2626 ‘aduersus

172 2650 334 2701 lapudas
373 2652 499 2702 primo
538 2651 638 2690 male
678 2664 761 2690 rem
801 2653 939 2703 gessit,
978 2665 1066 2690 mox
1106 2653 1272 2690 uictoria
1312 2652 1461 2690 cladem
1502 2658 1702 2703 acceptam

173 2715 398 2754 emendauit
430 2717 577 2755 uirtute
609 2716 650 2755 D.
678 2717 779 2755 Iunii
814 2717 942 2768 Bruti,
983 2719 1067 2755 eius
1101 2719 1166 2768 qui
1201 2717 1442 2756 Lusitaniam
1477 2715 1704 2768 subegerat⁷

267 2843 299 2885 1)
326 2841 409 2875 Vid.
432 2841 599 2876 Schmidt
626 2843 776 2886 Briefw.
798 2855 832 2887 p.
850 2846 916 2877 308
933 2855 1011 2887 sqq.
