2002 3342
303 235 501 265 cccxxx-1
637 222 699 256 nh:
727 222 1031 257 semeronvn
1058 223 1181 257 vrris
1210 223 1269 258 ET
1297 224 1502 258 semesis

301 345 345 371 ex
375 333 514 370 horum
544 345 734 371 annorum
762 335 886 383 spatio
908 347 927 371 a
951 333 1099 372 Valerio
1127 340 1322 373 narratam
1346 346 1431 372 esse
1454 334 1609 373 aliunde
1632 336 1829 385 cognitum

299 398 489 436 habemus
512 394 576 450 (fr.
599 394 687 450 25),
719 397 854 437 Liuius
882 411 959 437 non
987 399 1101 437 modo
1129 401 1367 438 mentionem
1394 411 1472 437 non
1500 400 1590 438 fecit
1618 399 1687 438 sed
1713 401 1829 438 etiam

299 475 462 514 prorsus
490 464 684 501 contraria
712 460 800 515 (26,
817 460 892 516 50)
921 466 1113 515 exposuit,
1141 463 1257 515 idque
1284 469 1537 515 posteaquam
1566 476 1653 503 eum
1676 477 1757 516 cap.
1772 461 1828 502 49

299 530 529 566 nominatim
566 528 626 566 bis
661 530 806 567 citauit.
847 529 949 568 unde
976 529 1172 567 Valerium
1206 529 1318 567 Liuio
1350 530 1390 567 in
1424 529 1494 567 hac
1527 529 1686 580 quidem
1719 535 1829 580 parte

300 593 438 632 ducem
467 594 697 644 primarium
724 599 1037 645 1⁷)erpetuumque
1065 606 1141 632 non
1171 594 1292 632 fuisse
1319 600 1489 645 apparet.

387 658 440 696 De
469 659 611 696 ceteris
638 658 750 696 libris
777 671 841 697 res
868 661 1002 710 paucis
1029 660 1191 709 transigi
1219 664 1364 710 potest,
1398 661 1580 710 quoniam
1607 661 1682 698 iam
1711 671 1829 710 supra

298 724 337 761 in
364 724 596 761 uniuersum
630 736 700 762 nos
728 736 816 762 curn
844 723 1024 762 Nissenio
1060 724 1185 762 facere
1217 724 1385 775 professi
1411 737 1476 762 eas
1502 730 1633 775 partes
1661 737 1828 762 comme-

298 790 551 839 morauimus,
579 801 674 839 quas
702 794 767 827 aut
794 801 840 827 ex
868 788 1027 827 Claudio
1056 797 1122 828 aut
1148 801 1193 827 ex
1221 789 1372 828 Valerio
1399 796 1574 840 sumptas
1596 789 1730 827 Liuius
1757 789 1827 827 Po-

295 853 398 904 lybio
426 855 661 892 inseruisset
687 851 784 906 (uid.
807 867 842 904 p.
860 863 1030 893 CCXCIII
1046 850 1122 908 sq).
1160 867 1231 893 nec
1265 859 1396 893 tamen
1425 854 1517 893 solis
1545 856 1601 893 eis
1628 853 1739 892 libris
1761 855 1828 905 qui

296 925 463 958 aetatem
490 921 686 970 tulerunt,
719 920 863 958 Valerii
895 932 990 958 usus
1019 919 1303 958 continebatur.
1344 920 1488 958 etenim
1516 920 1555 957 in
1582 918 1681 957 libro
1709 917 1828 956 XLIX

297 997 384 1023 cum
414 985 459 1023 de
487 985 589 1024 ludis
617 985 884 1024 saecularibus
906 990 1051 1035 ageret,
1078 984 1222 1023 Valerii
1243 985 1515 1023 auctoritatem
1538 997 1627 1023 eum
1649 989 1826 1023 secutum

296 1062 382 1088 esse
410 1050 685 1089 adnotauimus
713 1050 760 1089 ad
789 1052 832 1088 fr.
856 1048 928 1100 22,
962 1056 1044 1088 tum
1077 1051 1118 1088 in
1148 1049 1260 1088 libris
1287 1049 1365 1088 LVI
1392 1055 1430 1088 et
1457 1049 1570 1088 LXVI
1598 1061 1681 1088 eam
1710 1050 1827 1087 etiam

295 1116 451 1153 citatam
486 1128 572 1153 esse
607 1116 795 1154 discimus
829 1128 873 1153 ex
902 1114 1040 1154 Orosio
1069 1111 1133 1168 (fr.
1155 1112 1223 1154 56.
1245 1112 1338 1167 63),
1370 1116 1437 1166 qui
1465 1127 1534 1153 sua
1562 1114 1676 1153 debet
1703 1114 1826 1152 Liuio.

294 1181 426 1231 itaque
460 1193 531 1231 per
564 1193 629 1218 sex
666 1180 832 1219 decades
860 1177 904 1234 (1.
932 1180 994 1218 ΙΙΙ.
1022 1176 1333 1232 1V.V.V1.VH.)
1367 1179 1468 1230 apud
1502 1179 1658 1218 Liuium
1684 1178 1827 1216 Valerii

294 1244 437 1283 indicia
467 1245 666 1295 babemus,
693 1245 732 1283 id
760 1245 864 1296 quod
892 1245 938 1283 de
964 1245 1070 1283 nullo
1099 1244 1172 1283 alio
1200 1244 1303 1283 Liuii
1331 1250 1489 1283 auctore
1518 1244 1594 1283 dici
1621 1249 1760 1296 potest.

383 1309 589 1360 Pergimus
616 1309 664 1348 ad
684 1310 960 1361 Dionysium
988 1310 1455 1360 Halicarnasensem,
1482 1309 1587 1348 Liuii
1612 1309 1826 1361 aequalem,

293 1376 359 1424 qui
388 1374 582 1413 Valerium
620 1375 814 1413 Antiatem
848 1376 888 1413 in
922 1377 1217 1414 notissimorum
1251 1375 1530 1414 historicorum
1561 1374 1826 1413 Romanorum

292 1451 456 1478 numero
485 1442 687 1479 recensuit
714 1437 773 1492 (1,
791 1438 826 1490 7,
842 1438 885 1493 3)
919 1453 1075 1492 unoque
1095 1440 1180 1479 loco
1201 1439 1292 1478 libri
1313 1440 1474 1478 alterius
1494 1441 1725 1478 nominatim
1745 1439 1826 1477 lau-

293 1504 400 1542 dauit
426 1501 492 1556 (fr.
516 1502 573 1557 2),
600 1505 735 1543 multis
762 1507 878 1544 tacite
907 1507 1164 1557 exscripsisse
1191 1505 1361 1544 uidetur.
1401 1505 1569 1556 plurima
1597 1505 1702 1543 enim
1723 1502 1825 1554 apud

292 1581 381 1607 eum
415 1570 580 1609 Antiatis
616 1572 783 1621 uestigia
822 1572 1017 1621 sagaciter
1050 1572 1306 1622 inuestigauit
1337 1576 1374 1609 et
1408 1569 1598 1608 indicauit
1628 1569 1826 1619 Kiessling

292 1631 365 1686 (De
386 1634 495 1673 Dion.
512 1636 604 1673 font.
627 1649 662 1686 p.
679 1633 886 1689 20-29).
927 1642 1041 1687 atque
1063 1637 1235 1687 primum
1256 1635 1414 1687 quidem
1436 1648 1534 1687 quae
1557 1635 1603 1674 de
1625 1634 1825 1685 miraculo,

292 1712 368 1749 quo
402 1700 532 1738 futura
561 1700 691 1739 Seruii
717 1701 821 1739 Tulli
855 1701 1024 1752 dignitas
1056 1706 1237 1752 portenta
1271 1706 1348 1752 est,
1380 1700 1597 1739 secundum
1628 1701 1824 1738 Antiatem

291 1764 525 1804 Plutarchus
546 1767 734 1816 narrauit,
757 1766 893 1804 eadem
916 1766 1082 1805 redeunt
1103 1766 1206 1817 apud
1219 1766 1449 1817 Dionysium
1471 1762 1530 1818 (in
1546 1765 1683 1804 lih.1V.
1705 1765 1750 1803 fr.
1770 1762 1822 1803 12

291 1842 321 1867 c.
345 1825 470 1884 31111),
504 1836 541 1869 et
569 1844 667 1881 quae
695 1831 741 1870 de
762 1831 906 1870 Valerii
932 1832 1089 1870 Maximi
1114 1831 1331 1870 honoribus
1358 1831 1567 1881 Asconius,
1598 1829 1700 1881 apud
1728 1842 1822 1869 eun-

292 1894 379 1932 dem
407 1896 447 1933 in
474 1895 573 1934 libro
601 1896 630 1932 V
657 1893 721 1948 (fr.
742 1894 792 1934 17
816 1909 847 1935 c.
869 1894 987 1949 adn).
1027 1902 1109 1936 tum
1143 1896 1315 1935 indibro
1347 1897 1474 1947 primo
1500 1896 1710 1947 Dionysius
1737 1908 1822 1934 eam

291 1958 337 1997 de
373 1958 508 1998 Celere
543 1960 685 1999 famam
718 1962 886 2013 profert,
920 1975 1035 2013 quam
1062 1962 1205 2000 Valerii
1239 1962 1360 2000 fuisse
1393 1963 1476 2012 ipse
1509 1966 1643 2012 postea
1674 1960 1823 1999 addidit

290 2021 402 2077 (s1·.2
425 2038 456 2064 c.
478 2022 596 2076 adn).
635 2025 836 2065 Plutarchi
870 2032 998 2065 autem
1032 2028 1154 2065 uitam
1186 2027 1406 2078 Poplicolae
1440 2039 1529 2065 cum
1558 2031 1677 2065 totam
1706 2039 1725 2064 a
1752 2026 1821 2064 Va-

289 2089 386 2128 lerio
414 2090 586 2141 pendere
615 2091 744 2130 uideri
770 2092 871 2130 infra
899 2091 1163 2143 ostendemus,
1190 2097 1273 2131 tum
1301 2105 1347 2130 ex
1375 2093 1432 2131 eis
1460 2091 1610 2131 duabus
1630 2092 1821 2130 narratio—

288 2155 423 2206 nibus,
457 2168 556 2206 quae
591 2156 637 2195 de
665 2156 813 2196 Numae
848 2169 937 2195 cum
965 2157 1024 2196 dis
1051 2159 1288 2196 commercio
1316 2159 1488 2196 insertae
1516 2162 1618 2207 sunt,
1647 2158 1821 2208 priorem

289 2232 335 2258 ex
372 2232 416 2258 eo
454 2220 699 2272 desumptam
736 2234 823 2261 esse
859 2222 1077 2273 fragmento
1114 2223 1280 2274 quodam
1319 2220 1383 2276 (fr.
1405 2220 1469 2275 6),
1506 2221 1610 2273 quod
1645 2222 1821 2260 seruauit

288 2285 502 2336 ArnobiuS,
530 2293 751 2338 comparato
778 2287 972 2326 uidemus.
1012 2300 1126 2326 nemo
1154 2289 1274 2339 igitur
1301 2287 1505 2338 dubitabit,
1532 2289 1627 2338 quin
1653 2291 1819 2338 utraque

288 2349 335 2388 ad
368 2352 642 2390 auctoritatem
668 2352 834 2391 Antiatis
868 2353 1073 2392 referenda
1101 2355 1168 2405 sit,
1202 2359 1240 2392 et
1278 2366 1368 2392 cum
1400 2354 1509 2404 prior
1541 2351 1678 2391 eodem
1705 2351 1819 2390 modo

288 2415 390 2466 apud
410 2415 640 2467 Dionysium
662 2419 837 2469 exposita
859 2423 1042 2469 exstaret,
1064 2420 1180 2458 etiam
1201 2419 1302 2457 hanc
1323 2417 1369 2457 ab
1391 2430 1435 2457 eo
1457 2430 1503 2456 ex
1524 2417 1589 2455 illo
1612 2416 1819 2468 depromp-

288 2485 365 2518 tam
399 2493 485 2519 esse
520 2481 718 2534 Kiessling
745 2496 780 2534 p.
802 2481 855 2521 21
887 2484 1108 2534 suspicatus
1142 2488 1211 2522 est.
1264 2482 1333 2521 sed
1363 2483 1570 2532 utriusque
1602 2481 1723 2520 uerba
1755 2482 1819 2520 hic

286 2666 435 2700 errauit.
469 2667 567 2701 idem
600 2669 794 2711 praeterea
820 2680 854 2712 p.
874 2671 913 2701 17
942 2667 1009 2702 hos
1036 2667 1135 2702 locos
1163 2668 1375 2709 adnotauit,
1410 2667 1491 2710 qui,
1518 2678 1601 2701 cum
1627 2678 1818 2702 caesorum

285 2720 448 2753 numeris
481 2723 572 2763 quot
605 2720 712 2765 signa
744 2720 922 2755 militaria
955 2723 1066 2765 capta
1099 2722 1237 2763 essent,
1271 2721 1440 2754 additum
1468 2722 1574 2762 esset,
1605 2721 1652 2754 ad
1679 2720 1818 2755 Valerii

286 2773 549 2806 auctoritatem
570 2773 749 2808 redirent:
777 2778 833 2818 23,
849 2777 904 2816 35,
919 2777 978 2816 19,
1001 2777 1057 2817 37,
1073 2779 1134 2816 11;
1156 2777 1276 2816 4Ο,11.
1304 2777 1359 2814 26,
1376 2778 1408 2815 6,
1424 2777 1454 2807 8.
1482 2777 1537 2816 27,
1556 2777 1608 2815 12,
1626 2777 1686 2815 173
1714 2777 1769 2816 42,
1786 2777 1817 2808 7.

279 2826 423 2860 numeri
455 2827 581 2861 tamen
612 2827 685 2871 ipsi
722 2827 812 2861 satis
850 2827 986 2861 modici
1021 2829 1104 2860 sunt
1141 2838 1209 2861 nec
1242 2827 1290 2860 ad
1328 2837 1498 2860 numeros
1531 2837 1642 2870 supra,
1678 2826 1816 2861 allatos

286 2879 478 2913 accedunt.
