2002 3342
291 179 346 218 64
927 174 1185 215 RELIQVIAE

381 285 454 327 ⁶26.
493 289 587 326 Geli.
612 287 731 336 1,16,
748 287 784 323 4.
825 285 872 323 Μ.
900 284 993 323 Cato
1020 286 1059 323 in
1090 285 1216 336 primo
1244 285 1458 335 originum:
1492 285 1585 323 Inde
1613 291 1673 323 est
1698 285 1822 324 ferme

290 353 394 392 mille
422 365 593 403 passum.

381 415 454 458 27.
493 419 647 455 Charis.
670 417 693 453 1
708 428 752 465 p.
769 416 823 453 72
840 417 888 454 Is.
928 415 1020 453 Cato
1048 415 1245 465 originum
1271 414 1286 452 I
1314 412 1471 453 ‘vehes’
1499 416 1552 453 ait
1577 412 1716 465 tligni’.

379 479 455 521 ⁶28.
488 484 589 520 Non.
609 494 638 519 s.
661 482 863 531 uffleclato
875 493 919 530 p.
936 481 1003 518 621.
1043 479 1136 518 Cato
1158 481 1355 530 originum
1378 479 1477 518 libro
1498 479 1530 518 I:
1557 480 1681 529 Igitur
1706 482 1823 518 tertio

289 548 429 599 pedato
456 547 602 586 bellum
630 545 743 584 nobis
771 547 899 584 facere
921 576 928 583 .
951 577 959 584 .
981 575 989 583 .
1843 558 1857 583 5

380 609 452 655 29,
485 614 584 650 Non.
604 624 634 650 s.
657 624 693 649 u.
705 614 923 660 prosapies
940 611 1068 659 p.67.
1113 610 1207 648 Cato
1241 611 1438 660 originum
1469 609 1570 648 libro
1602 610 1634 648 1:
1666 615 1823 649 ueteres

301 690 470 717 ›rosana
492 708 500 716 .
523 708 530 715 .
553 709 561 716 .

288 691 298 729 I
380 691 456 781 310.
491 743 620 780 Prisc.
644 742 887 791 42242911
927 740 1020 779 Cato
1043 740 1255 779 Censorius
1276 741 1316 778 in
1337 740 1353 778 1
1373 742 1588 791 originum:
1616 739 1692 778 Sed
1712 740 1823 779 lucus

290 807 497 858 Capenatis
520 838 527 845 .
549 837 557 845 .
580 839 586 845 .

894 897 965 934 EX
990 894 1150 933 LIBRO
1179 896 1218 932 II

381 975 483 1017 31³².
519 980 632 1018 Seru.
655 980 837 1026 (auctus)
860 980 959 1017 Aen.
982 978 1048 1028 Il,
1066 978 1160 1016 715.
1201 976 1292 1015 Cato
1324 978 1537 1028 originum,
1571 989 1659 1015 cum
1688 977 1734 1016 de
1761 977 1823 1015 Li-
1845 989 1878 1014 ιο

289 1044 454 1095 guribus
482 1043 729 1094 loqueretur:
757 1043 833 1082 Sed
859 1044 936 1094 ipsi
956 1042 1059 1081 unde
1080 1041 1238 1081 oriundi
1258 1048 1360 1093 sunt,
1387 1047 1520 1081 exacta
1541 1044 1740 1092 memoria,
1766 1044 1824 1080 in-

288 1109 433 1148 literati
460 1108 749 1159 mendacesque
778 1114 869 1147 sunt
896 1114 935 1146 et
961 1120 1056 1146 uera
1083 1109 1213 1146 minus
1240 1109 1468 1146 meminere.

289 1259 355 1291 que
375 1248 511 1282 Liuius
536 1251 679 1287 narrat,
706 1247 782 1280 utri
806 1249 1040 1290 recuperatae
1061 1247 1157 1280 areis
1182 1257 1289 1280 suum
1315 1246 1421 1279 (lecus
1445 1246 1617 1288 facerent,
1643 1246 1824 1280 omnibus—

289 1307 355 1339 que
386 1296 603 1329 Tusculanis
629 1306 652 1328 a
678 1294 858 1328 Romanis
886 1295 1028 1338 qratias
1055 1298 1172 1335 actas,
1203 1304 1316 1337 neque
1342 1294 1531 1337 quisquam
1557 1294 1712 1336 scriptor
1740 1294 1825 1327 Ma-

289 1343 385 1376 milii
402 1343 629 1385 potissimum
653 1343 824 1376 uirtutem
847 1341 1019 1375 laudibus
1039 1341 1149 1383 effert
1189 1341 1384 1375 Bormann
1398 1352 1437 1384 p.
1454 1342 1497 1374 31
1523 1339 1718 1375 Octauium
1740 1341 1825 1375 Ma-

291 1391 431 1424 milium
448 1390 645 1433 Tarquinii
659 1389 815 1433 Superbi
832 1400 1000 1434 yenerum
1021 1388 1158 1422 dictum
1173 1399 1244 1423 esse
1257 1389 1397 1422 censuit
1411 1388 1598 1431 Lucioque
1606 1399 1827 1431 praenomen

289 1439 322 1471 ei
347 1438 550 1481 adscripsit.
592 1438 623 1471 is
648 1442 766 1471 tamen
793 1438 932 1471 errauit
952 1437 992 1469 in
1012 1447 1061 1477 eo,
1088 1436 1184 1479 quod
1207 1436 1399 1470 Octauium
1420 1447 1643 1480 praenomen
1663 1446 1734 1470 esse
1752 1447 1827 1470 lnon

288 1486 465 1519 intellexit
485 1485 692 1528 duobusque
715 1484 928 1518 illumilium
949 1484 1101 1518 ornauit
1116 1483 1428 1527 praenominibus.
1466 1483 1542 1517 uid.
1559 1483 1717 1517 Iordani
1732 1484 1825 1527 prol.

284 1544 321 1577 p.
344 1542 462 1566 XXXV.

384 1579 450 1614 30.
479 1580 616 1614 Iterum
642 1579 820 1614 laudatur
840 1591 862 1612 a
884 1579 998 1613 Prisc⁴
1022 1581 1044 1612 7
1058 1589 1096 1621 p.
1113 1580 1184 1612 337
1198 1578 1262 1619 H„
1289 1582 1438 1621 utroque
1462 1579 1535 1612 loco
1555 1582 1639 1612 ante
1656 1578 1705 1621 fr.
1728 1579 1776 1612 58
1795 1582 1827 1611 et

291 1630 347 1661 61.
382 1648 425 1652 -
460 1628 637 1672 Wayener
662 1631 694 1660 et
718 1627 782 1661 hoc
807 1628 854 1669 fr.
881 1630 914 1660 et
938 1629 986 1660 45·
1018 1627 1214 1660 coniuncta
1245 1630 1404 1669 spectare
1435 1626 1575 1660 censuit
1605 1625 1655 1660 ad
1685 1625 1827 1667 bellum,

289 1675 385 1719 quod
414 1675 544 1708 Tullus
569 1675 754 1708 Hostilius
786 1678 913 1708 contra
938 1673 1095 1708 Sabinos
1126 1673 1242 1717 yessit.
1281 1674 1357 1716 fuit
1384 1674 1488 1707 lucus
1512 1673 1695 1707 Feroniae
1721 1673 1825 1716 (Liu.

291 1726 323 1764 1,
338 1725 397 1763 30,
412 1724 443 1756 5.
471 1722 548 1756 uid.
571 1722 748 1756 lVissoica
769 1721 809 1754 R.
826 1721 866 1754 Ε.
890 1721 948 1756 VI
962 1732 990 1754 c.
1005 1722 1134 1763 2227).

385 1769 446 1804 31.
474 1768 538 1803 32.
566 1769 669 1803 Haec
692 1769 739 1812 fr.
767 1770 1038 1803 coniunxerunt
1063 1768 1204 1811 Popma
1230 1772 1263 1802 et
1287 1768 1446 1810 Jordan,
1473 1778 1625 1811 quorum
1650 1768 1708 1801 hic
1733 1769 1828 1801 inter

290 1818 478 1861 utriusque
503 1817 616 1851 uerba
643 1817 821 1860 quaedam
844 1816 1069 1850 intercidisse
1086 1816 1306 1859 suspicatur.
1346 1817 1478 1849 rectius
1497 1816 1692 1849 Bormann
1710 1815 1757 1856 fr.
1779 1817 1827 1848 32

290 1866 412 1899 minus
438 1868 605 1899 accurate
630 1865 845 1898 sententiam
870 1864 915 1905 fr.
939 1866 983 1897 31
1011 1875 1034 1897 a
1062 1863 1197 1897 Catone
1221 1863 1409 1907 repetitam
1435 1873 1505 1897 esse
1537 1863 1729 1897 existimat.
1765 1862 1828 1897 sed

290 1912 422 1956 quidni
446 1912 588 1946 duobus
620 1912 706 1946 locis
733 1912 822 1946 Cato
849 1912 890 1945 de
919 1911 987 1945 hac
1012 1911 1196 1955 Ligurum
1221 1910 1343 1944 indole
1369 1911 1508 1945 locutus
1534 1921 1604 1944 esse
1628 1909 1826 1944 uideatur?

292 1980 335 1983 —
362 1960 420 1994 De
439 1960 578 2004 oriyine
599 1960 783 2004 Ligurum
802 1958 951 1993 eandem
971 1959 1219 2003 ignorantiam
1242 1959 1429 2002 professus
1448 1962 1498 1992 est
1517 1957 1674 2002 Dionys.
1690 1961 1724 2000 1,
1736 1961 1794 1999 10,
1806 1959 1828 1991 3

292 2008 372 2050 (qui
396 2008 566 2041 continuo
595 2008 765 2041 Catonem
797 2007 963 2049 citauit):
996 2004 1156 2048 ὁποτέρα
1189 2003 1224 2040 δ’
1256 2005 1382 2044 αὐτοῖς
1407 2005 1479 2040 ἐστι
1507 2009 1552 2049 γῆ
1579 2005 1711 2047 πατρὶς
1737 2003 1827 2049 ἄδη-

290 2056 370 2089 λον·
399 2054 442 2089 οὐ
468 2053 538 2098 γὰρ
567 2053 617 2089 ἔτι
645 2053 785 2098 λέγεται
810 2053 895 2096 περὶ
922 2053 1044 2087 αὐτῶν
1070 2051 1287 2095 προσωτέρω
1309 2052 1423 2096 σαφὲς
1444 2051 1565 2087 οὐδέν.
1604 2052 1681 2086 uid.
1702 2052 1826 2087 adnot.

290 2103 339 2136 ad
357 2103 406 2145 fr.
427 2104 483 2135 40.

382 2233 458 2288 26,
483 2241 502 2275 1
532 2237 582 2274 Μ.
604 2248 674 2274 om.
690 2236 796 2274 codd.
815 2239 1039 2275 recentiores
1103 2239 1125 2273 2
1155 2248 1347 2285 passuum
1374 2238 1442 2273 ant
1466 2247 1605 2284 passus
1631 2236 1826 2275 codd.r66.

380 2292 455 2346 28,
479 2299 501 2334 5
530 2296 678 2346 pedatu
698 2297 943 2343 Leopardus,
962 2308 1029 2334 nec
1050 2297 1209 2333 dubium
1232 2298 1295 2339 esi,
1321 2296 1415 2342 quin
1434 2296 1489 2332 sic
1513 2296 1712 2342 scripserit
1733 2294 1826 2333 Cato

290 2359 337 2404 cf.
365 2359 414 2404 fr.
439 2358 534 2393 136.
573 2356 728 2393 Nonius
753 2359 882 2393 tamen
908 2357 1092 2403 excerpsit
1116 2355 1262 2404 pedato
1350 2354 1475 2391 fecere
1501 2353 1708 2392 Aciclalius

381 2411 457 2453 29.
485 2416 609 2452 Edidi
630 2416 817 2452 librorum
836 2417 1071 2462 scripturam
1153 2415 1188 2452 6.
1208 2416 1230 2451 7
1258 2416 1412 2450 ueteres
1432 2413 1639 2462 prosapias
1659 2414 1824 2451 Mercer.

290 2475 498 2524 prosapiae
512 2476 613 2512 Roth.
639 2475 782 2512 ueteris
803 2475 1012 2523 prosapiae
1035 2474 1187 2511 Iordan
1200 2475 1360 2521 propter
1378 2474 1631 2510 imitationem
1648 2472 1826 2510 Sallustii

291 2537 376 2582 Iuy.
407 2535 479 2578 85,
503 2536 558 2571 10
602 2533 745 2571 ueteris
772 2535 956 2582 prosapie
990 2534 1038 2571 L.
1065 2533 1244 2571 Mueller.
1270 2533 1399 2579 possis
1431 2533 1545 2569 etiarn
1580 2533 1746 2580 coyitarc
1780 2532 1826 2569 de

290 2597 422 2631 uetere
448 2594 630 2642 prosapie

383 2647 459 2702 30,
489 2654 512 2690 8
540 2652 666 2690 lucius
693 2652 868 2700 Sariyall.
889 2664 930 2699 p.
945 2653 1034 2689 337

383 2707 459 2760 31,
490 2713 543 2749 10
574 2714 665 2759 post
699 2712 897 2761 originum
931 2711 1043 2748 nulla
1078 2710 1184 2748 codd.
1221 2711 1447 2748 auctoritate
1484 2710 1539 2747 ed.
1575 2710 1731 2748 Daniel.
1766 2712 1825 2748 in-

292 2773 411 2808 seruit
434 2770 475 2807 Π
570 2774 619 2808 11
656 2770 725 2808 sed
752 2772 837 2820 ipse
862 2769 923 2816 F(
924 2770 1011 2818 lor.)
1045 2769 1112 2807 sed
1138 2770 1248 2819 ipsae
1272 2770 1391 2806 Bern.
1409 2768 1446 2806 G
1483 2769 1585 2807 sedis
1605 2770 1826 2807 Dlommsen

292 2843 352 2877 ap.
374 2830 525 2867 Jordan
586 2829 690 2867 unde
717 2829 819 2867 unde
849 2830 959 2867 Thilo
1085 2831 1136 2866 12
1165 2829 1295 2866 nimus
1321 2829 1362 2865 F
1385 2840 1480 2867 corr.
1501 2828 1648 2866 Daniel
