2002 3342
439 195 664 231 M.PORC11
693 194 894 229 mereins
923 194 1158 230 oRIGINEs.
1198 196 1238 228 fr.
1261 199 1315 229 94.
1339 200 1381 228 υτ)
1620 196 1674 236 85

145 322 260 348 causa
282 322 350 347 sua
374 309 483 346 factis
506 320 525 345 e
548 308 655 345 curia
678 312 945 357 excesserunt,
973 308 1190 344 sententiae
1213 308 1341 356 rogari
1364 313 1541 357 coeptae,
1569 319 1676 345 cum-

145 387 219 425 que
247 375 387 425 partim
416 380 640 411 senatorum
670 371 715 410 de
743 371 1005 409 Rodiensibus
1036 377 1299 421 quererentur
1325 371 1503 422 maleque
1530 373 1677 410 anima·

146 446 204 478 tos
232 452 298 478 eos
326 440 447 477 fuisse
476 437 653 476 dicerent
679 436 902 487 bellumque
931 436 1008 474 illis
1033 436 1255 474 faciendum
1278 442 1498 487 censerent,
1525 443 1609 475 tum
1629 435 1676 475 M.

146 504 238 543 Cato
266 505 443 554 exsurgit
469 509 507 541 et
533 504 701 553 optimos
728 501 1020 552 fidissimosque
1048 503 1192 551 socios,
1223 514 1391 552 quorum
1417 502 1556 553 opibus
1585 502 1677 540 diri-

109 593 124 616 5
146 569 300 620 piendis
321 567 647 620 possidendisque
670 579 747 605 non
768 568 882 618 pauci
898 579 943 605 ex
960 566 1219 605 summatibus
1234 568 1332 604 uiris
1354 568 1494 606 intenti
1515 567 1677 605 infensi-

146 647 220 686 que
249 640 371 684 erant,
399 633 603 672 defensum
632 638 987 682 conseruatumque
1016 633 1143 682 pergit
1167 633 1463 683 orationemque
1492 632 1678 670 inclutam

147 700 253 750 dicit,
279 711 377 750 quae
405 705 443 737 et
469 710 647 737 seorsum
675 698 800 736 fertur
826 698 1095 748 inscriptaque
1121 702 1180 735 est
1205 709 1276 747 pro
1297 696 1560 735 Rodiensibus
1581 703 1619 735 et
1639 698 1679 735 in

147 766 305 816 quintae
337 765 501 814 originis
533 763 633 801 libro
668 764 813 814 scripta
847 768 916 800 est.
951 785 1005 788 —
1040 762 1172 813 Ipsum
1201 761 1341 800 deinde
1368 759 1507 814 [Tiro]
1533 763 1680 813 princi-

146 832 254 881 pium
282 830 473 880 apposuit,
500 829 613 867 cuius
639 828 762 867 uerba
787 828 884 866 haee
911 834 1019 866 sunt:

95 915 126 939 10
236 908 272 933 α.
300 895 388 933 Scio
409 893 534 932 solere
561 893 762 944 plerisque
788 892 1014 931 hominibus
1035 892 1153 931 rebus
1175 892 1360 931 secundis
1381 898 1497 943 atque
1517 892 1681 943 prolixis

0 1002 1 1019 χ
148 968 263 1011 atque
295 961 496 1010 prosperis
530 960 703 997 animum
734 958 926 997 excellere
954 964 1070 1009 atque
1098 957 1325 1008 superbiam
1353 963 1469 1008 atque
1496 959 1681 996 l'eroeiam

0 1054 2 1075 ι
147 1038 358 1075 augescere
391 1031 506 1075 atque
541 1036 732 1063 crescere.
773 1037 848 1075 quo
876 1024 973 1062 mihi
1000 1036 1104 1062 nunc
1131 1035 1294 1073 magnae
1322 1035 1439 1061 curae
1468 1029 1544 1073 est,
1578 1021 1682 1073 quod

0 1091 3 1144 l
146 1092 241 1129 haec
271 1102 333 1129 res
360 1095 438 1128 tam
466 1089 637 1128 secunde
664 1090 870 1140 processit,
896 1101 945 1127 ne
967 1087 1061 1139 quid
1088 1090 1128 1126 in
1150 1087 1390 1126 consulendo
1412 1087 1571 1126 aduorsi
1592 1099 1682 1126 eue-

0 1154 4 1230 J
148 1158 246 1207 niat,
280 1155 383 1207 quod
415 1160 570 1194 nostras
603 1154 797 1193 secundas
824 1166 888 1193 res
916 1154 1107 1205 confutet,
1140 1166 1241 1192 neue
1268 1154 1365 1192 haec
1391 1154 1539 1192 laetitia
1565 1154 1683 1191 nimis

95 1240 127 1265 15
148 1221 348 1260 luxuriose
376 1222 544 1259 eueniat.
584 1219 775 1259 aduorsae
806 1232 870 1258 res
898 1219 1080 1258 edomant
1106 1225 1145 1258 et
1172 1218 1331 1270 docent,
1364 1218 1457 1269 quid
1484 1231 1582 1269 opus
1610 1221 1683 1256 siet

149 1288 262 1325 facto.
302 1285 497 1324 secundae
524 1298 588 1324 res
615 1285 761 1324 laetitia
789 1291 1060 1324 transuersum
1088 1284 1249 1323 trudere
1277 1284 1403 1323 solent
1424 1297 1444 1322 a
1464 1291 1571 1322 recte
1593 1295 1683 1322 eon-

149 1351 311 1390 sulendo
345 1356 460 1402 atque
492 1350 769 1401 intellegendo.
809 1363 884 1401 quo
917 1351 1065 1389 maiore
1092 1362 1211 1400 opere
1239 1348 1325 1388 dieo
1353 1348 1593 1401 suadeoque,
1626 1349 1685 1387 uti

149 1453 275 1476 eorum
296 1441 443 1476 adiuuit.
462 1441 509 1475 M.
531 1441 683 1475 Porcius
706 1440 809 1483 Cato,
836 1440 900 1484 qui
922 1451 1029 1484 asper
1051 1440 1201 1485 ingenio
1227 1441 1308 1474 tum
1336 1439 1454 1474 lenem
1481 1439 1688 1482 mitemque

149 1490 358 1524 senatorem
372 1489 461 1534 egit.
481 1499 555 1522 non
566 1489 727 1523 inseram
737 1488 975 1522 simulacrum
986 1488 1057 1522 uiri
1067 1487 1214 1532 copiose
1224 1498 1319 1531 quae
1329 1487 1463 1521 dixerit
1471 1486 1665 1521 referendo
1675 1500 1687 1528 ς

149 1537 296 1582 ipsius
323 1535 471 1570 oratio
500 1536 674 1580 scripta
701 1537 866 1579 exstat,
901 1535 1127 1581 originum
1160 1535 1319 1579 quinto
1346 1534 1464 1568 libro
1490 1534 1681 1568 inclusa.

247 1597 280 1619 α.
309 1585 455 1619 Partem
476 1585 617 1628 repetiit
633 1584 773 1617 Gellius
787 1585 845 1625 13,
858 1586 917 1625 25,
935 1586 998 1617 13.-
1024 1583 1117 1617 Item
1134 1583 1181 1617 M.
1199 1582 1306 1617 Cato
1326 1581 1365 1615 in
1386 1582 1564 1616 orationis
1585 1582 1686 1626 prin-

150 1632 258 1676 cipio,
287 1642 398 1675 quam
426 1631 520 1665 dixit
546 1631 585 1664 in
611 1632 742 1665 senatu
767 1641 833 1675 pro
855 1630 1115 1672 Rodiensibus,
1143 1642 1226 1664 cum
1251 1629 1368 1664 uellet
1387 1640 1444 1664 res
1465 1629 1575 1663 nimis
1602 1641 1685 1673 pro-

0 1683 9 1720 ἰ]
151 1690 276 1724 speras
313 1679 453 1722 dicere,
489 1678 608 1712 tribus
644 1677 838 1712 uocabulis
873 1678 973 1712 idem
1010 1677 1253 1712 sentientibus
1292 1676 1394 1711 dixit.
1447 1676 1570 1711 Verba
1606 1677 1685 1710 eius

150 1728 241 1761 haee
268 1728 368 1760 sunt:
399 1725 497 1760 ‘Scio
518 1747 562 1751 —
584 1726 811 1770 augescere'.
833 1746 877 1750 —
897 1726 1093 1760 Praeterea
1118 1726 1277 1768 conferri
1305 1726 1399 1759 iubet
1427 1725 1554 1770 Meyer
1578 1726 1686 1766 (orat.

151 1775 254 1809 Rom.
276 1775 322 1817 fr.
340 1786 378 1818 p.
395 1776 479 1817 105)
504 1773 601 1808 Caes.
623 1774 723 1818 epist.
739 1773 788 1808 ad
802 1773 932 1807 Front.
953 1775 1044 1816 2,13
1059 1784 1096 1817 p.
1114 1775 1162 1807 36
1175 1773 1246 1807 N.:
1271 1771 1367 1806 Nam
1393 1772 1459 1805 uni
1486 1772 1533 1806 M.
1554 1771 1687 1806 Porcio

150 1833 207 1856 me
235 1821 409 1856 dedicaui
435 1822 548 1864 atque
576 1821 758 1865 despondi
785 1822 897 1864 atque
925 1820 1108 1865 delegaui.
1151 1820 1221 1854 hoc
1248 1819 1362 1853 etiam
1388 1819 1511 1863 ipsum
1539 1819 1685 1863 ‘atque’

150 1870 248 1903 unde
274 1871 409 1914 putas?
447 1879 492 1903 ex
516 1868 596 1912 ipso
624 1868 735 1903 furor.
776 1869 862 1903 Huc
876 1869 1058 1913 pertinere
1081 1867 1220 1903 Charis.
1241 1870 1266 1901 2
1280 1869 1409 1911 p.220
1423 1867 1492 1901 K.-
1519 1866 1685 1901 Secunde

151 1916 258 1952 Cato
292 1927 419 1958 senex,
451 1917 494 1950 ut
520 1915 704 1950 Maximus
737 1917 844 1949 notat
872 1916 986 1950 Klotz
1012 1917 1152 1950 monuit
1178 1916 1219 1949 in
1244 1915 1352 1950 Jahn.
1373 1926 1462 1949 ann.
1483 1916 1531 1949 85
1554 1917 1684 1958 (1862)

8 1986 14 2009 ι
144 1976 183 2009 p.
201 1967 283 2007 316,
309 1964 495 2008 Sulpiciae
513 1969 579 1998 sat.
602 1976 636 1998 u.
658 1966 722 1998 48:
748 1962 846 2004 Quos
873 1963 970 1998 inter
995 1963 1107 2007 prisci
1132 1962 1319 1996 sententia
1340 1962 1402 1995 dia
1423 1961 1573 1996 Catonis
1594 1962 1686 1996 seire

152 2011 231 2046 deis
257 2011 383 2056 magni
410 2011 570 2053 fecisset,
596 2012 769 2045 utrumne
791 2010 963 2045 secundis
985 2021 1032 2044 an
1052 2011 1173 2055 magis
1194 2009 1362 2044 aduersis
1384 2011 1500 2043 staret
1519 2009 1688 2043 Romana

152 2070 319 2104 propago
346 2059 441 2094 Roth
457 2061 595 2103 p.284.

10 2089 15 2188 i
245 2156 263 2190 1
308 2153 424 2190 factis
459 2166 478 2190 e
512 2148 638 2203 curia]
679 2153 776 2190 faeti
809 2152 937 2190 securi
971 2152 1005 2188 V
1009 2152 1047 2188 P
1085 2152 1233 2189 habitis
1266 2152 1364 2189 facti
1396 2151 1521 2189 securi
1552 2152 1590 2188 R
1620 2162 1688 2188 em.

12 2209 18 2294 i
156 2213 294 2251 Carrio
424 2213 447 2249 5
480 2212 695 2261 infessique
724 2212 759 2248 V
786 2209 1000 2260 infestique
1030 2211 1168 2249 Carrio
1201 2212 1428 2259 ineensique
1463 2210 1685 2248 Gronouius

13 2295 18 2336 Ι
155 2285 228 2320 que
255 2283 325 2308 om.
352 2271 391 2308 R
515 2273 549 2308 7.
567 2272 590 2308 8
618 2283 689 2320 pro
715 2270 1036 2319 Rod.—ser1pta
1063 2274 1122 2308 est
1147 2282 1218 2308 om.
1237 2271 1276 2308 R

243 2344 279 2378 a,
303 2332 356 2369 10
382 2331 424 2367 in
450 2330 565 2368 rebus
595 2330 692 2368 Gen.
709 2331 775 2377 13,
792 2330 858 2368 25.
878 2332 931 2367 14
1021 2331 1086 2368 10.
1105 2333 1154 2368 11
1184 2330 1347 2379 prolixis
1373 2329 1572 2378 prosperis
1595 2329 1633 2365 P

158 2395 206 2428 11
238 2390 443 2427 feroseiam
467 2390 502 2427 V
525 2393 612 2427 ante
638 2401 733 2427 corr.
823 2392 874 2427 12
904 2391 1023 2438 atque
1045 2402 1214 2427 erescere
1244 2388 1340 2426 Gall.
1356 2389 1452 2426 libro
1474 2388 1599 2425 XIII
1613 2399 1684 2425 orm.

215 2462 291 2498 quo
324 2449 421 2486 mihi
445 2449 598 2487 Jordan
631 2449 735 2498 quod
762 2449 851 2487 libri
884 2461 1001 2497 quom
1032 2449 1172 2496 Haupt
1197 2460 1258 2495 ap.
1284 2448 1392 2485 Iorcl.
1492 2449 1544 2485 13
1573 2442 1687 2496 pros'-

155 2510 272 2546 cessit
296 2509 334 2546 R
359 2510 596 2557 processerit
616 2503 822 2556 V²Illeyer
920 2510 972 2545 14
998 2520 1058 2545 res
1086 2508 1276 2545 secundas
1304 2508 1506 2558 confutaet
1530 2507 1568 2544 R
1599 2519 1688 2544 eon-

157 2570 261 2605 futer
287 2580 334 2605 ne
360 2579 407 2604 ue
426 2568 464 2604 P
557 2569 691 2606 14.15
719 2568 843 2605 nimia
862 2568 1041 2605 luctuose
1061 2568 1302 2604 Bollzmsius.
1332 2569 1372 2604 at
1397 2567 1564 2614 conferri
1588 2566 1691 2604 ‘iubet

156 2627 382 2674 Peerlkamp
415 2627 501 2664 bibl.
534 2629 614 2665 erit.
648 2638 736 2664 nou.
762 2627 845 2664 III
863 2639 905 2674 p.
927 2627 1014 2664 399
1046 2626 1139 2663 Liu.
1166 2627 1240 2669 23,
1265 2627 1336 2664 12.
1361 2627 1434 2663 12:
1468 2637 1609 2663 uereor
1640 2638 1687 2662 ne

157 2687 251 2724 haec
273 2698 427 2734 quoque
448 2687 605 2724 laetitia
630 2686 806 2723 luxuriet
826 2686 939 2723 nobis
964 2698 1008 2722 ae
1029 2698 1136 2723 uana
1159 2685 1314 2732 euadat,
1341 2686 1506 2729 2,21,6.
1535 2685 1688 2728 3,33,2

221 2746 271 2783 15
301 2744 462 2782 aduerse
487 2746 525 2782 P
582 2741 784 2796 edomant]
813 2758 853 2783 se
881 2745 1044 2782 domant
1070 2739 1282 2795 (sedonant
1304 2740 1360 2795 V)
1392 2744 1482 2782 libri
1509 2755 1576 2781 em.
1600 2744 1689 2781 Pri-

157 2816 272 2843 caeus
333 2805 385 2841 sit
409 2804 447 2841 P
536 2805 587 2842 16
615 2807 883 2842 transuersum
910 2804 947 2840 P
1003 2806 1109 2841 recto
1138 2804 1258 2842 VRP
1344 2805 1393 2841 17
1422 2803 1688 2853 intellegendo

165 2864 201 2901 V
228 2863 485 2913 intelligendo
512 2867 576 2902 cet.
596 2864 685 2901 libra?
747 2876 865 2912 opera
891 2864 928 2901 R
