2002 3342
402 181 445 215 11.
472 179 535 214 DE
562 177 878 213 LITTERARVM
902 175 1225 211 MONVMENTIS
1252 175 1473 209 PRIVATIS
1578 189 1704 218 xxxv

172 294 348 343 serenda
365 296 517 341 putem,
542 293 624 328 nisi
649 301 763 338 quem
788 289 895 337 Appi
926 288 1047 326 Caeci
1073 289 1204 325 oratio
1231 287 1334 324 haee
1360 288 1447 334 ipsa
1474 287 1522 323 (le
1544 286 1704 334 Pyrrho

176 364 215 396 et
240 359 457 396 nonnullae
488 360 737 394 mortuorum
769 354 1025 392 laudationes
1053 352 1162 401 sorte
1196 353 1408 390 delectant.
1459 356 1495 388 et
1521 352 1705 388 hercules

175 425 253 461 leae
279 423 438 470 qutdem
465 425 646 459 exstant:
678 422 790 468 ipsae
817 421 921 456 enim
943 418 1128 467 familiae
1153 429 1229 455 sua
1256 418 1374 464 quasi
1395 421 1634 454 ornamenta
1656 427 1705 453 ac

175 493 431 526 monumenta
455 486 678 524 seruabant
705 490 742 522 et
768 485 824 521 ad
848 495 979 531 usum,
1014 485 1049 521 sl
1081 485 1170 530 quis
1202 483 1379 520 eiusdem
1409 483 1573 528 (seueris
1600 483 1704 518 occl-

176 554 313 601 disset,
349 557 386 590 et
412 553 468 590 ad
491 552 723 589 memoriam
749 550 913 587 laudum
942 550 1252 587 domesticarum
1280 552 1317 584 et
1343 548 1398 584 ad
1423 547 1706 584 illustrandam

175 619 422 656 nobilitatem
447 628 562 654 suam
590 620 625 653 et
654 627 688 665 q.
711 626 739 652 s,
753 610 784 664 ¹)

263 681 423 720 Materia
449 682 572 731 igitur
597 681 654 717 sic
682 679 894 729 composita
921 677 965 730 (i.
993 690 1024 716 e.
1053 677 1296 716 laudationes
1329 675 1516 714 funebres
1543 680 1581 713 et
1607 674 1707 712 liber

175 747 482 785 commentarius
504 745 550 784 de
571 744 727 794 familia,
755 756 853 795 quae
876 749 982 781 recte
1005 755 1024 781 a
1046 741 1169 781 Gellio
1196 743 1405 780 coniuncta
1425 753 1511 778 esse
1532 735 1706 791 uidebis)

174 813 343 863 posteris
370 811 586 849 laudaturis
614 808 863 860 suppetebat,
891 821 911 846 a
937 807 1098 859 quihus,
1126 820 1215 846 cum
1242 806 1463 856 laudarent,
1498 806 1614 843 etiam
1642 817 1706 842 eas

174 889 250 927 res,
278 889 374 927 quas
397 877 572 927 ipsorum
593 875 782 913 memoria
804 872 1150 924 complectebatur,
1178 874 1211 910 si
1232 873 1333 910 fama
1354 870 1512 922 gentilis
1533 869 1707 907 nondum

175 943 270 981 satis
303 942 590 992 superiecerat,
623 952 672 978 ne
699 940 818 978 nimis
845 951 865 976 a
891 940 1085 977 maiorum
1111 939 1261 976 uirtute
1289 937 1520 985 deficerent,
1554 941 1636 973 arte
1670 940 1708 972 et

174 1009 324 1046 ratione
352 1012 484 1045 auctas
512 1018 598 1044 esse
626 1017 697 1056 per
723 1016 764 1043 se
792 1003 993 1055 probabile
1021 1009 1091 1041 est.
1143 1002 1432 1042 adiuuabantur
1458 1001 1574 1050 actis,
1610 1011 1707 1050 quae

174 1073 249 1124 ipsi
270 1071 448 1123 gentileS,
465 1071 556 1109 dum
572 1072 826 1121 magistratus
848 1068 1186 1119 administrabant,
1206 1067 1364 1119 publice
1386 1067 1529 1105 litteris
1551 1064 1708 1103 manda-

172 1142 331 1189 uerant3
352 1138 537 1188 antiquus
559 1137 662 1174 enim
678 1136 712 1173 is
734 1140 817 1173 erat
836 1147 933 1185 mos,
954 1139 998 1172 ut
1019 1135 1075 1172 eis
1095 1134 1294 1185 perfuncti
1316 1144 1454 1171 omnes
1470 1143 1535 1169 eas
1556 1129 1708 1168 tabulas

171 1202 236 1242 uel
262 1201 440 1253 publicas
465 1201 530 1240 uel
556 1202 729 1252 priuatas
751 1200 1133 1250 commentariosque
1164 1200 1205 1237 in
1239 1200 1321 1238 suis
1353 1197 1511 1236 tablinis
1544 1207 1707 1246 repone-

173 1265 316 1320 renffl),
341 1268 526 1318 quoniam
546 1267 642 1305 haec
663 1265 826 1304 tradidit
845 1266 986 1318 Festus
1007 1278 1036 1303 S.
1052 1278 1088 1303 u.
1110 1277 1146 1316 p.
1162 1261 1266 1303 356:
1295 1265 1504 1303 Table'num
1520 1263 1709 1311 proxime

175 1336 326 1373 atrium
351 1335 462 1372 loeus
487 1334 650 1382 dicitur,
678 1333 787 1380 quod
811 1334 971 1380 antiqui
995 1333 1260 1379 maqlstratus
1286 1332 1327 1368 ln
1353 1340 1425 1368 suo
1453 1329 1620 1377 imperio
1648 1330 1707 1364 ta-

173 1401 277 1438 bulis
301 1396 572 1449 <reponendis
598 1409 687 1436 eum
721 1396 1057 1445 destinauerant>
1085 1401 1124 1434 et
1146 1395 1297 1434 Plinius
1324 1407 1361 1433 n.
1383 1394 1418 1432 h.
1441 1390 1508 1442 35,
1532 1390 1553 1429 ἶ
1583 1388 1708 1443 (post-

271 1563 303 1606 1)
330 1561 433 1595 Idem
460 1561 588 1594 decem
615 1562 702 1594 ante
729 1559 835 1593 annis
863 1559 908 1592 de
935 1560 1027 1592 orat.
1048 1562 1080 1601 2,
1101 1562 1159 1601 84,
1179 1561 1244 1592 341
1273 1557 1477 1591 Antonium
1510 1554 1709 1590 artificiose

173 1613 397 1649 Graecorum
423 1613 658 1648 laudationes
687 1624 708 1646 a
733 1612 910 1647 Romanis
936 1612 991 1646 ita
1017 1611 1290 1646 discernentem
1318 1611 1526 1651 induxerat,
1556 1609 1599 1643 ut
1624 1607 1708 1641 illos

172 1678 232 1702 eas
264 1667 415 1712 legendi
447 1666 729 1711 delectandique
756 1677 867 1700 causa
893 1665 1166 1710 scriptitauisse
1193 1666 1409 1710 exponeret,
1444 1663 1706 1704 Romanorum,

172 1732 255 1755 cum
288 1721 340 1755 eis
372 1720 411 1754 in
449 1719 528 1755 foro
560 1722 761 1761 uterentur,
801 1721 866 1753 aut
897 1719 1120 1753 brevitatem
1152 1718 1360 1753 testimonii
1394 1718 1530 1752 habere
1564 1718 1629 1750 aut
1661 1716 1709 1750 ad

171 1774 364 1808 funebrem
391 1774 603 1808 contionem
629 1773 740 1807 scribi
766 1773 824 1818 (cf.
853 1772 899 1806 de
925 1772 1022 1817 legg.
1045 1777 1077 1814 2,
1099 1776 1155 1813 24,
1177 1775 1220 1806 62
1253 1773 1513 1807 honoratorum
1542 1771 1709 1805 uirorum

171 1828 298 1863 laudes
321 1829 361 1861 in
387 1828 551 1862 contione
577 1827 842 1871 memorentur),
870 1837 966 1870 quae
993 1826 1040 1860 ad
1068 1825 1328 1870 explicandam
1355 1824 1532 1859 orationis
1559 1824 1710 1858 laudem

171 1881 322 1915 minime
349 1880 631 1915 accommodata
657 1881 764 1922 esset,
792 1879 862 1914 hac
885 1879 1001 1924 igitur
1021 1879 1067 1913 de
1087 1889 1200 1913 causa
1218 1880 1422 1923 praecepta
1443 1878 1488 1913 de
1508 1877 1578 1912 hoc
1597 1877 1708 1912 tertio

171 1945 306 1979 genere
334 1933 482 1968 dicendi
508 1936 752 1977 recusantem,
778 1932 895 1967 nihilo
921 1935 1047 1967 tamen
1073 1933 1194 1966 minus
1221 1944 1305 1966 eum
1328 1932 1451 1966 locum
1470 1932 1708 1970 tractantem,

172 1988 349 2032 quoniam
371 1998 413 2022 eo
434 1989 532 2021 esset
554 1987 750 2021 ‘utendum
771 1986 989 2031 aliquando'
1014 1990 1075 2031 (sc.
1098 1986 1134 2020 in
1156 1986 1259 2029 foro),
1283 1986 1578 2029 ‘nonnumquam
1598 1984 1709 2018 etiam

173 2040 423 2075 scribendum’
452 2040 514 2074 uel
546 2040 629 2074 aliis
662 2039 723 2074 uel
756 2040 828 2074 sibi
856 2039 1098 2074 ‘Graecorum
1129 2040 1244 2074 more’
1274 2039 1295 2072 i.
1325 2051 1355 2074 e.
1383 2041 1511 2074 ornate
1547 2038 1709 2072 delecta-

170 2094 284 2128 tionis
311 2105 434 2137 causa,
463 2094 831 2138 disputationemque
854 2093 905 2127 ita
927 2093 1117 2127 concludit
1143 2095 1186 2137 (c.
1209 2097 1265 2135 85,
1287 2095 1383 2136 349):
1411 2097 1518 2136 atque
1542 2093 1598 2126 lles
1624 2092 1711 2126 locis

171 2148 356 2182 laudandi
381 2152 415 2183 et
439 2148 683 2191 uituperandi
706 2158 811 2192 saepe
835 2148 940 2182 nobis
965 2151 1015 2182 est
1040 2147 1213 2181 utendum
1242 2148 1280 2180 ιῗη
1307 2147 1407 2181 omni
1430 2157 1554 2191 genere
1580 2156 1710 2180 causa-

170 2213 263 2237 rum.
303 2212 449 2235 cursum
480 2201 598 2245 igitur
624 2200 749 2235 Cicero
776 2212 850 2234 non
876 2200 997 2234 tenuit
1027 2199 1167 2234 oblitus
1194 2200 1331 2234 sensim
1358 2200 1547 2233 Romanae
1580 2198 1708 2232 lauda-

172 2254 283 2289 tionis
314 2256 558 2297 mortuorum,
592 2254 657 2288 sed
689 2254 840 2289 miscuit
866 2254 1015 2288 diuersa
1041 2264 1180 2298 genera
1207 2256 1244 2288 et
1274 2256 1458 2297 tempora,
1493 2256 1533 2286 ut
1564 2252 1638 2285 iam
1671 2252 1709 2285 in

171 2308 300 2343 eodem
335 2307 428 2342 libro
457 2310 500 2352 (c.
523 2312 578 2350 11,
599 2309 676 2351 42),
713 2307 778 2341 ubi
810 2307 992 2342 Antonius
1026 2319 1064 2342 se
1097 2307 1338 2342 uehementer
1371 2306 1599 2341 delectatum
1631 2316 1709 2339 esse

170 2361 356 2404 professus
383 2362 473 2405 erat,
502 2371 586 2395 cum
607 2360 647 2402 Q.
669 2361 840 2395 Lutatius
863 2360 1026 2403 Catulus,
1054 2361 1113 2394 uir
1138 2360 1201 2394 ille
1223 2360 1522 2405 elegantissimus
1543 2358 1710 2393 Graecis-

171 2424 243 2458 que
281 2414 415 2449 litteris
455 2414 710 2455 doctissimus,
748 2413 948 2458 Popilliam
986 2416 1141 2449 matrem
1177 2413 1326 2459 publice
1361 2413 1533 2447 laudaret
1565 2413 1653 2456 (uid.
1681 2424 1706 2446 s.

169 2480 204 2513 p.
226 2480 326 2502 xxxn
352 2480 387 2502 n.
409 2469 455 2513 2).

266 2524 300 2566 2)
328 2521 410 2556 Vid.
432 2522 635 2555 Mommsen
662 2520 731 2555 Sui
755 2522 853 2555 modi
878 2522 978 2556 usati
1004 2521 1065 2555 da’
1087 2522 1250 2556 Romani
1274 2521 1333 2556 nel
1352 2531 1561 2555 conservare
1581 2531 1597 2554 e
1613 2520 1706 2563 pub-

171 2574 304 2610 blicare
339 2575 368 2609 le
404 2575 496 2620 leyyi
529 2575 573 2610 ed
610 2575 625 2608 i
664 2578 811 2609 senatus
846 2576 1003 2610 consulti
1038 2575 1076 2608 in
1112 2573 1245 2618 Opusc.
1274 2574 1341 2608 iur.
1369 2574 1416 2607 III
1448 2585 1484 2617 p.
1507 2576 1705 2607 290—313

171 2629 218 2672 (p.
241 2631 308 2662 295
324 2630 409 2672 sq.):
444 2630 491 2663 In
517 2630 626 2672 tempi
652 2628 893 2662 antichissimi
920 2629 934 2662 ι’
954 2628 1158 2663 documenti
1177 2628 1251 2662 cosi
1270 2628 1446 2671 concepiu'
1470 2627 1707 2662 rlmanecano

169 2692 276 2716 senza
302 2682 435 2716 dubbio
462 2683 499 2716 al
518 2683 610 2726 pari
635 2682 674 2716 di
700 2682 788 2716 altri
813 2683 882 2716 atti
901 2682 1067 2726 pubblicl
1092 2681 1182 2715 nelle
1208 2682 1311 2715 mani
1336 2681 1376 2714 dt?
1395 2681 1475 2724 quel
1494 2681 1706 2725 nutyistrato

171 2735 230 2769 che
250 2735 556 2779 principalmente
581 2747 670 2770 uvea
693 2739 890 2779 procurato
916 2736 976 2769 che
1001 2735 1034 2769 si
1065 2735 1291 2775 scrz'vessero‚
1327 2734 1367 2767 ‘in
1399 2734 1510 2777 quelle
1536 2733 1708 2775 adunque

171 2787 225 2821 de’
251 2789 395 2823 consoli.
447 2787 565 2822 Lewis
600 2788 900 2832 Glaubwurdiylc.
936 2788 969 2822 d.
998 2791 1084 2822 ro‘m.
1111 2787 1232 2822 Geseh.
1262 2787 1277 2820 I
1308 2799 1342 2831 p.
1368 2790 1433 2820 144
1466 2797 1558 2820 uei-s.
1588 2785 1706 2819 Liebr.

176 2840 386 2875 Geschichtz.
407 2842 497 2876 Litt.
519 2841 533 2874 Ι
558 2853 593 2885 p.
615 2844 681 2875 205
698 2852 749 2884 sq.
778 2844 845 2874 223
862 2853 941 2885 sqq.
