2002 3342
590 186 616 221 Ι.
644 186 706 220 DE
734 185 1010 220 ANNALIBVS
1038 185 1243 220 MAXIMIS
1570 202 1685 231 xxm

149 299 382 337 auctoritate
412 296 560 335 Gellius
588 295 757 335 fabulam
792 297 908 334 etiam
941 308 1061 334 uersu
1089 295 1248 335 Hesiodi
1261 293 1293 349 1)
1322 296 1522 347 eleganter
1549 299 1587 336 in
1616 299 1684 336 La-

150 365 278 402 tinum
306 374 529 401 sermonem
556 361 744 400 translato
771 360 995 399 distinctam
1023 362 1061 399 in
1090 367 1224 400 noctes
1246 374 1336 400 suas
1357 363 1502 400 Atticas
1525 365 1686 414 recepit.

151 440 240 467 nam
274 433 312 466 et
344 427 448 466 hunc
480 439 558 465 non
586 428 715 477 ipsum
743 439 808 465 eos
834 425 984 464 uidisse
1018 425 1086 465 sed
1120 428 1159 464 in
1192 426 1304 465 libris
1330 426 1457 465 Verrii
1485 429 1685 467 inuenisse

150 498 239 544 post
265 491 524 531 Mercklinum
554 487 889 545 (Citiermetlzode
916 493 952 529 d.
979 492 1074 530 Gell.
1102 504 1137 542 p.
1160 489 1264 545 651)
1292 493 1396 530 inter
1427 505 1562 530 omnes
1596 506 1686 531 con-

149 563 226 596 stat
253 564 293 596 et
319 569 455 596 eorum
483 558 726 607 auctoritate,
754 568 851 607 quae
880 555 926 594 ad
948 556 1068 595 solam
1096 562 1263 595 statuam
1285 556 1435 595 Horatii
1457 557 1616 596 Coclitis
1639 557 1685 597 de

149 622 258 661 caelo
286 627 428 660 tactam
456 620 823 673 procurandamque
855 622 1090 672 pertineret,
1130 621 1225 660 salso
1259 623 1375 660 etiam
1411 622 1577 661 fabulam
1606 635 1685 661 am-

149 687 308 739 plexum
348 700 452 739 esse,
495 688 653 725 omnino
694 688 798 725 enim
838 687 923 724 eius
962 688 1072 737 copia
1111 699 1201 725 cum
1240 686 1439 725 annalium
1481 689 1686 727 ieiunitate

149 752 350 803 discrepat
377 758 491 803 atque
520 764 563 790 ea
590 753 631 791 ui
657 752 768 790 uocis
795 750 1033 790 consultoris
1065 753 1207 802 utitur,
1248 764 1346 803 quae
1379 751 1426 790 ab
1459 752 1524 791 illa
1560 759 1685 791 aetate

147 814 192 871 (i.
216 831 248 856 e.
271 819 407 869 quinto
434 816 544 856 urbis
567 813 742 870 saeculo)
771 815 957 855 abhorret
978 813 1216 869 (Buecheler
1235 829 1334 856 mus.
1355 816 1425 855 Rh.
1447 815 1501 856 41
1531 831 1566 869 p.
1589 815 1686 872 2).2)

148 884 279 934 itaque
308 884 489 934 quoniam
510 882 637 921 Verrii
664 881 920 933 temporibus,
948 883 1015 932 qui
1042 883 1158 920 etiam
1185 881 1438 921 undecimum
1467 882 1611 921 librum
1633 885 1686 921 ci-

147 949 265 999 tauit,
299 953 550 999 supererant,
583 959 629 986 ex
664 946 743 985 sola
776 946 839 985 illa
872 947 1151 985 historicorum
1185 947 1470 986 consuetudine
1505 954 1686 987 auctores

149 1015 393 1053 recentiores
421 1025 597 1064 quosque
630 1011 880 1063 praeferendi
908 1017 946 1050 et
973 1013 1006 1050 si
1039 1012 1276 1063 reprehendi
1308 1014 1526 1064 potuerint,
1562 1015 1686 1052 nomi-

148 1078 268 1118 nandi
302 1091 417 1117 causa
451 1077 666 1129 repetenda
699 1083 776 1128 est,
815 1089 886 1116 cur
918 1090 991 1116 nec
1024 1077 1161 1116 Liuius
1199 1090 1273 1116 nec
1306 1077 1515 1129 Dionysius
1549 1091 1686 1118 eorum

145 1143 347 1182 annalium
380 1143 497 1182 ullam
531 1144 772 1181 mentionem
812 1144 1033 1181 iniecerint.
1084 1155 1174 1181 nam
1208 1143 1313 1194 quod
1345 1143 1409 1182 hic
1438 1142 1474 1195 1,
1499 1142 1564 1192 73,
1588 1142 1608 1182 1
1643 1150 1687 1183 ut

144 1222 246 1261 opus
273 1222 388 1247 suum
416 1207 708 1259 archaeologiae
736 1213 953 1258 excusaret,
981 1209 1038 1246 sic
1063 1209 1239 1259 scripsit:
1272 1208 1471 1256 Παλαιὸς
1496 1204 1577 1261 μὲν
1604 1203 1687 1248 οὖν

146 1273 252 1313 οὔτε
281 1273 569 1325 συγγραφεὺς
595 1272 695 1312 οὔτε
723 1271 1003 1325 λογογράφος
1028 1269 1120 1313 ἐστὶ
1141 1269 1363 1326 Ῥωμαίων
1390 1270 1495 1313 οὐδὲ
1523 1266 1600 1321 εἷς·
1640 1271 1685 1314 ἐκ

145 1340 348 1379 παλαιῶν
373 1336 524 1391 μέντοι
551 1338 697 1390 λόγων
724 1336 772 1378 ἐν
799 1336 935 1390 ἱεραῖς
961 1336 1130 1385 δέλτοις
1152 1336 1411 1391 σωζομένων
1437 1336 1619 1387 ἕκαστός
1645 1354 1685 1379 τι

147 1401 418 1456 παραλαβὼν
446 1401 714 1455 ἀνέγραψεν,
752 1404 951 1455 uulgatam
984 1406 1228 1456 opinionem,
1265 1417 1381 1456 quam
1416 1418 1462 1444 ex
1496 1405 1686 1444 Cicerone

145 1471 419 1521 cognouimus,
434 1469 669 1520 Polybianae
686 1469 865 1508 lectionis
886 1469 1029 1508 auxilio
1046 1467 1182 1523 (Mat,
1195 1466 1240 1524 3)
1258 1471 1440 1509 correxit.
1470 1470 1539 1510 ubi
1555 1477 1686 1510 autem

146 1532 207 1590 (4,
229 1532 297 1586 30,
318 1532 364 1588 3)
397 1534 444 1573 ad
477 1531 729 1581 ἐνιαυσίους
762 1532 1021 1587 ἀναγραφὰς
1054 1540 1189 1574 contra
1221 1535 1384 1574 Fabium
1418 1533 1486 1589 (cf.
1514 1536 1560 1574 fr.
1590 1532 1684 1591 111³)

145 1606 348 1652 prouocat,
375 1601 534 1638 omnino
556 1599 715 1638 annales
738 1599 833 1638 dicit
853 1599 1090 1651 easdemque
1121 1602 1374 1639 auctoritates
1403 1598 1440 1652 8,
1462 1599 1531 1651 56,
1555 1599 1590 1652 1,
1617 1600 1685 1640 uhi

143 1665 226 1718 τὴν
256 1662 501 1717 γενομένην
533 1661 794 1717 ἐπιφάνειαν
825 1669 901 1716 τῆς
933 1667 1045 1705 θεοῦ
1083 1662 1299 1719 (Fortunae
1332 1663 1555 1719 Muliebris)
1594 1662 1680 1706 κατ’

141 1729 315 1771 ἐκεῖνον
340 1729 418 1770 τὸν
444 1729 609 1782 χρόνον
636 1726 872 1783 (Coriolani)
908 1727 988 1782 οὐχ
1021 1727 1132 1778 ἅπαξ
1166 1727 1277 1771 ἀλλὰ
1308 1728 1379 1771 καὶ
1407 1729 1475 1779 δὶς
1508 1733 1560 1771 ita
1595 1745 1684 1771 nar-

145 1802 222 1848 rat,
260 1801 304 1835 ut
336 1794 384 1835 αί
411 1800 501 1834 τῶν
533 1793 810 1848 ἱεροφαντῶν
837 1793 1107 1848 (pontificum)
1134 1793 1386 1849 περιέχουσι
1419 1797 1607 1850 γραφαί,
1647 1804 1685 1837 et

147 1860 214 1912 11,
235 1859 304 1911 62,
326 1860 363 1911 3,
395 1860 465 1900 ubi
498 1873 539 1899 se
571 1860 770 1900 confidere
805 1860 899 1899 dicit
931 1873 1010 1900 non
1041 1867 1135 1908 ταῖς
1159 1857 1413 1912 Ῥωμαϊκαῖς
1446 1876 1683 1915 χρονογρα-

143 1927 268 1980 φίαις
283 1925 353 1965 sed
367 1932 462 1973 ταῖς
489 1923 535 1965 ἐκ
555 1931 644 1965 τῶν
665 1924 796 1977 ἱερῶν
816 1939 861 1965 τε
876 1923 948 1965 καὶ
968 1923 1204 1966 ἀποθέτων
1225 1926 1392 1979 βίβλων
1409 1928 1684 1980 μαρτυρίαις,

142 2005 313 2044 quorum
338 1991 514 2030 locorum
540 1993 582 2030 ui
603 1993 811 2030 coniuncta
831 1991 878 2030 ad
900 1993 1204 2031 commentarios
1224 1992 1289 2031 uel
1310 1992 1431 2032 libros
1451 1994 1683 2044 pontificum

243 2155 276 2199 1)
303 2153 370 2188 Est
388 2153 542 2188 Hesiodi
563 2154 636 2198 ἔργ.
662 2167 694 2188 κ.
715 2153 774 2198 ἡμ.
802 2156 870 2187 266
896 2152 918 2198 ἡ
946 2153 987 2187 δὲ
1013 2153 1110 2197 κακὴ
1136 2154 1249 2199 βουλὴ
1274 2157 1324 2201 τῷ
1353 2155 1594 2200 βουλεύσαντι
1619 2169 1683 2189 κα-

142 2205 260 2252 κίστη,
288 2207 353 2250 qui
378 2207 453 2241 iam
474 2206 650 2241 Varronis
676 2206 907 2251 temporibus
933 2206 1033 2250 apud
1053 2206 1239 2242 Romanos
1260 2207 1298 2241 in
1319 2208 1558 2252 prouerbium
1578 2208 1683 2243 uenit

141 2260 205 2301 (de
223 2272 261 2294 re
282 2261 372 2295 rust.
389 2264 419 2302 3,
437 2264 469 2303 2,
486 2263 536 2303 1):
563 2271 638 2295 non
656 2261 784 2302 solum,
810 2260 906 2304 quod
931 2260 1078 2303 dicitur,
1105 2261 1242 2295 malum
1266 2262 1459 2296 eonsilium
1484 2262 1684 2297 consultori

142 2318 194 2349 est
213 2315 422 2358 pessimum.
468 2312 514 2348 cf.
541 2312 628 2347 Otto
655 2313 933 2358 Sprz'chwoerter
958 2325 993 2357 p.
1016 2316 1071 2347 90.
1117 2313 1202 2349 Sine
1230 2314 1342 2349 dubio
1369 2314 1532 2349 imitatio
1567 2315 1683 2349 histo-

140 2367 304 2404 ricorum
324 2366 548 2401 Graecorum
575 2367 713 2402 subest.
739 2365 843 2401 uelut:
868 2366 979 2400 Duris
1006 2366 1045 2401 ἐν
1072 2366 1227 2411 Σαμίων
1253 2367 1362 2410 ὥροις
1388 2368 1444 2411 (fr.
1471 2372 1526 2403 47.
1549 2372 1604 2403 49.
1626 2372 1682 2403 68.

143 2420 190 2455 cf.
206 2423 262 2455 80.
278 2424 322 2454 82
344 2431 402 2464 ap.
424 2419 590 2455 Mueller.
616 2420 655 2454 F.
669 2419 714 2455 H.
731 2419 772 2456 G.
787 2421 868 2465 Hp.
883 2424 951 2455 466
964 2422 1057 2465 sqq.)
1078 2421 1277 2465 prouerbia
1297 2421 1550 2465 explicauerat
1569 2424 1682 2466 atque

143 2473 288 2508 Demon
308 2475 346 2507 et
365 2473 510 2507 Atticos
538 2473 691 2508 annales
719 2475 755 2508 et:
782 2485 873 2518 opus
893 2475 978 2518 περὶ
997 2480 1208 2519 παροιμιῶν
1228 2474 1439 2518 scripserat,
1466 2474 1565 2517 quod
1585 2474 1681 2508 mul-

140 2528 223 2561 tum
244 2537 266 2560 a
284 2526 376 2561 uiris
398 2526 516 2561 doctis
536 2527 575 2560 in
595 2538 702 2561 usum
721 2529 898 2561 uocatum
919 2530 975 2562 est
995 2527 1047 2572 (F.
1068 2527 1112 2561 H.
1135 2527 1176 2562 G.
1197 2527 1212 2561 Ι
1232 2540 1266 2572 p.
1289 2529 1502 2572 379—383).
1541 2527 1682 2562 imitati

142 2582 269 2614 autem
296 2591 369 2614 non
397 2582 502 2614 crant
527 2580 720 2624 pontifices
748 2581 813 2614 sed
839 2580 990 2615 Verrius
1018 2580 1184 2615 Flaccus.

240 2636 274 2673 2)
297 2632 337 2667 Ο.
349 2632 563 2667 Hirschfeld
576 2633 699 2668 Herm.
710 2633 758 2667 IX
772 2645 807 2677 p.
819 2636 862 2667 98
871 2645 951 2677 sqq.
972 2633 1088 2668 fastos
1099 2633 1327 2678 Capitolinos
1342 2635 1494 2668 auctore
1509 2634 1679 2678 Augusto

143 2685 257 2730 paulo
290 2688 377 2731 post
409 2696 441 2720 a.
459 2690 511 2720 12.
529 2689 595 2720 742
623 2698 666 2720 ex
692 2697 776 2721 ann.
798 2698 893 2721 max.
922 2688 1046 2721 erutos
1074 2698 1152 2721 esse
1185 2688 1327 2729 censet,
1361 2686 1477 2721 Seeck
1503 2686 1526 2720 l.
1543 2698 1569 2721 s.
1584 2699 1619 2731 p.
1635 2690 1678 2720 92

145 2737 259 2773 etaiam
293 2738 371 2773 dies
407 2738 680 2783 triumphorum
716 2741 829 2783 atque
865 2741 912 2784 (p.
936 2742 993 2783 96)
1030 2739 1282 2782 uictoriarum,
1319 2751 1410 2783 quas
1448 2738 1604 2774 Ouidius
1641 2739 1679 2773 in

142 2790 325 2826 fastorum
360 2791 455 2826 libro
491 2793 594 2826 sexto
630 2794 723 2836 (461.
745 2797 825 2827 465.
847 2797 927 2828 563.
949 2796 1029 2828 567.
1052 2796 1129 2828 721.
1153 2797 1231 2827 765.
1254 2796 1332 2827 769.
1356 2795 1437 2835 770)
1474 2794 1678 2833 enumerat,

143 2854 212 2888 per
237 2844 406 2879 Verrium
433 2845 466 2880 ei
493 2847 599 2879 notos
626 2845 752 2881 fuisse.
812 2864 816 2875 ι
