2002 3342
629 722 692 768 M.
730 719 994 788 PORCIVS
1035 718 1192 766 CATO
1203 716 1235 783 ¹)

254 830 389 869 Adhuc
424 830 471 868 de
499 830 555 868 eis
588 828 701 867 nobis
729 827 988 879 scriptoribus
1016 826 1209 877 agendum
1243 826 1333 876 fuit,
1368 827 1434 876 qui
1462 826 1607 864 Graece
1636 839 1702 865 res

167 898 228 934 sui
255 895 388 947 populi
415 895 699 934 enarrauerint.
741 893 965 932 accedimus
987 892 1034 931 ad
1055 905 1157 940 eum,
1186 893 1251 942 qui
1279 892 1415 929 inrisis
1438 892 1493 930 eis
1515 891 1703 930 Romanis

166 963 233 1013 qui
255 961 446 1000 Graecum
469 972 692 999 sermonem
717 958 965 1010 praeferrent
990 958 1165 996 Romano
1188 952 1286 1010 (uid.
1308 970 1342 1007 p.
1360 953 1519 1011 CXXIV)
1547 957 1702 1008 primus

166 1027 291 1077 patrio
325 1025 577 1077 pedestrique
612 1036 793 1063 sermone
822 1025 1052 1062 memoriam
1078 1023 1292 1061 Romanam
1328 1021 1553 1060 describere
1581 1035 1701 1061 ausus

166 1097 240 1141 est,
275 1090 320 1129 ad
348 1091 394 1129 M.
416 1090 598 1129 Porcium
626 1090 811 1128 Catonem
839 1089 1084 1127 Censorium.
1123 1089 1156 1126 is
1183 1093 1388 1139 postquam
1418 1087 1464 1126 de
1492 1087 1699 1137 medicina,

166 1158 248 1207 agri
276 1156 441 1207 cultura,
468 1155 676 1206 rhetorica,
705 1154 750 1193 de
778 1167 820 1193 re
848 1153 1021 1204 militari,
1048 1154 1095 1192 de
1116 1153 1305 1203 moribus,
1334 1153 1379 1192 de
1407 1154 1492 1191 iure
1521 1152 1628 1191 ciuili
1655 1152 1700 1190 li-

164 1221 256 1260 bros
284 1220 407 1259 edidit
432 1220 702 1272 plurimasque
729 1221 939 1270 orationes,
967 1231 1063 1270 quas
1089 1218 1244 1269 hahuit,
1271 1218 1413 1257 litteris
1441 1220 1703 1269 consignauit,

166 1286 271 1325 idem
299 1298 418 1325 senex
445 1286 633 1324 historiae
667 1298 708 1324 se
737 1285 887 1323 dedidit
919 1286 1172 1335 originesque
1201 1285 1431 1335 composuit.
1478 1283 1524 1322 de
1558 1283 1701 1335 quibus

169 1351 459 1403 disputantibus
475 1351 588 1389 nobis
609 1349 940 1402 proficiscendum
963 1355 1022 1389 est
1037 1363 1056 1388 a
1071 1349 1270 1388 luculento
1286 1348 1448 1400 Nepotis
1462 1351 1703 1399 testimonio,

168 1417 270 1468 quod
296 1416 486 1455 habemus
514 1418 553 1454 in
580 1417 660 1455 uita
688 1416 846 1455 Catonis
873 1428 903 1454 c.
926 1414 969 1454 3:

260 1483 391 1521 Series¹
410 1483 604 1521 historias
622 1483 804 1520 seribere
825 1484 1009 1520 instituit.
1040 1492 1180 1519 earum
1200 1486 1292 1518 sunt
1312 1482 1409 1519 libri
1427 1485 1584 1529 septem.
1609 1482 1702 1529 pri-

167 1560 255 1586 mus
281 1550 458 1586 continet
478 1559 544 1586 res
566 1553 704 1596 qestas
724 1559 863 1595 repam
882 1549 1028 1596 populi
1049 1547 1234 1595 Romani,
1260 1547 1462 1584 secundus
1483 1551 1520 1584 et
1547 1548 1702 1593 tertius,

171 1615 275 1651 unde
295 1625 477 1661 quaeque
497 1615 645 1651 ciuitas
670 1618 762 1651 orta
781 1615 833 1650 sit
854 1612 1015 1650 Italica.
1049 1613 1096 1650 ob
1118 1623 1237 1660 quam
1258 1623 1343 1649 rem
1365 1622 1499 1649 omnes
1522 1613 1702 1658 ori'qines

168 1679 331 1716 uidetur
358 1680 588 1726 appellasse.
623 1680 662 1716 iu
692 1684 837 1726 quarto
865 1683 996 1716 autem
1025 1679 1166 1716 bellum
1190 1677 1408 1715 Poenicum
1435 1682 1492 1714 est
1509 1679 1703 1725 primum,

169 1746 209 1781 in
245 1746 384 1792 quimo
418 1745 651 1781 secundum.
695 1748 815 1791 atque
850 1744 952 1781 llaec
988 1745 1123 1781 onmia
1160 1744 1412 1791 capitulatim
1447 1747 1540 1780 sunt
1579 1742 1703 1779 (licta.

168 1811 406 1857 reliquaque
438 1809 540 1847 bella
566 1811 669 1857 pari
700 1809 816 1847 modo
843 1813 1089 1857 persecutus
1121 1813 1179 1846 est
1214 1819 1337 1855 usque
1373 1808 1430 1845 acl
1456 1813 1704 1856 praeturam

169 1874 306 1912 Seruii
326 1875 486 1921 Galbae,
508 1876 578 1922 que·
598 1875 770 1923 diripuit
790 1873 1018 1912 Lusitanos.
1059 1878 1180 1921 atque
1198 1874 1341 1911 horum
1363 1873 1554 1910 bellorum
1581 1873 1703 1910 (luces

169 1949 246 1976 non
275 1941 502 1977 nominauit
526 1940 599 1977 sed
621 1941 709 1977 sine
735 1940 963 1978 nominibus
983 1950 1049 1977 res
1068 1941 1238 1976 notauit.
1273 1940 1311 1976 in
1335 1938 1483 1976 eisdem
1504 1939 1705 1986 exposuit,

266 2066 298 2106 1)
325 2062 357 2097 J.
384 2063 428 2097 H.
456 2076 525 2098 van
551 2064 705 2098 Bolhuis
731 2065 902 2099 Diatribe
935 2065 1001 2099 litt.
1028 2065 1069 2098 in
1097 2066 1153 2099 M.
1182 2064 1308 2099 Porcii
1335 2063 1371 2099 C.
1398 2063 1434 2098 C.
1463 2073 1554 2107 quae
1579 2073 1705 2106 super·

168 2121 254 2151 sunt
273 2118 409 2161 scripta
429 2122 461 2152 et
479 2118 697 2163 fraymenta.
726 2122 827 2152 1826.
866 2117 911 2152 Η.
927 2118 968 2151 A.
986 2117 1077 2152 Lion
1101 2118 1309 2153 Catoniana
1328 2128 1354 2152 s.
1374 2118 1428 2151 M.
1446 2116 1488 2150 P.
1507 2116 1542 2151 C.
1561 2116 1597 2150 C.
1613 2126 1706 2160 quae

169 2175 363 2214 supersunt
383 2182 528 2215 operum
547 2173 765 2216 fragmenta.
795 2175 896 2206 1826.
930 2171 1064 2205 Wilms
1088 2172 1143 2206 M.
1159 2172 1202 2205 P.
1220 2171 1255 2206 G.
1274 2171 1309 2205 C.
1331 2171 1412 2205 uita
1433 2173 1465 2204 et
1482 2170 1702 2214 fraymenta.

171 2222 311 2257 Dortm.
339 2223 463 2258 fasc.I
491 2228 592 2259 1839.
625 2225 781 2259 111843.
822 2224 1008 2270 Waigener
1043 2226 1098 2260 ΣΠ.
1125 2226 1168 2259 P.
1199 2225 1234 2260 G.
1269 2225 1453 2269 oriyinum
1484 2224 1705 2268 frayttcenta‚

169 2275 264 2311 Diss.
293 2276 408 2311 Bonn.
437 2281 538 2311 1849.
589 2277 775 2312 Bormann
807 2278 843 2312 C.
872 2279 1055 2324 originum
1089 2279 1306 2324 fragmenta.
1345 2280 1447 2311 1858.
1492 2276 1537 2311 H.
1564 2276 1704 2309 Jordan

170 2330 227 2364 M.
251 2330 399 2365 Catonis
420 2336 566 2375 praeter
591 2332 723 2366 librum
749 2332 792 2366 de
816 2343 854 2367 re
879 2333 1017 2367 rustica
1044 2344 1134 2376 quae
1160 2336 1295 2367 extant.
1325 2334 1425 2364 1860.
1472 2329 1514 2365 Ο.
1533 2329 1706 2364 Ribbeck

170 2383 209 2417 in
235 2395 328 2419 mus.
349 2383 495 2418 Heluet.
517 2396 550 2418 n.
572 2384 587 2418 I
615 2387 734 2429 (1861)
760 2397 795 2429 p.
813 2389 831 2419 7
848 2397 926 2429 sqq.
955 2388 1012 2427 (=
1034 2386 1159 2420 Reden¹
1180 2396 1216 2419 t«.
1237 2386 1414 2428 Aufsc'e'tze
1439 2396 1473 2428 p.
1489 2385 1702 2423 236—258).

173 2437 213 2470 A.
235 2448 268 2470 V.
290 2436 509 2471 Gutsehmid
531 2438 663 2473 Kleine
682 2439 781 2474 Sclir.
802 2438 836 2473 V
861 2451 896 2482 p.
913 2442 1111 2473 518-526,
1152 2437 1268 2473 Omisi
1289 2449 1350 2472 eos
1371 2438 1435 2480 qui
1457 2437 1501 2472 de
1521 2437 1602 2471 uita
1622 2439 1704 2469 tan-

171 2492 251 2523 tum
278 2490 387 2525 modo
415 2489 565 2525 Catonis
593 2494 765 2536 egerunt,
799 2503 911 2535 quam
938 2502 1109 2525 enarrare
1136 2491 1229 2525 mihi
1256 2502 1328 2525 non
1357 2493 1412 2525 est
1445 2491 1567 2524 uisum
1592 2489 1705 2524 huius

171 2543 243 2577 loci
271 2554 360 2578 esse.
401 2545 464 2578 sed
491 2545 616 2579 tamen
636 2547 678 2579 ub
697 2545 904 2590 legentium
925 2544 1118 2579 commodo
1141 2544 1328 2587 seruirem,
1355 2544 1458 2578 uitae
1479 2543 1557 2578 eius
1578 2543 1706 2587 capita

173 2597 346 2641 apposui:
374 2600 484 2632 natus
505 2600 561 2632 est
582 2598 755 2633 Cicerone
776 2600 870 2633 teste
897 2610 928 2632 a.
945 2602 1024 2632 234.
1047 2602 1125 2641 520,
1152 2597 1258 2633 Liuio
1280 2597 1554 2641 Plutarchoque
1576 2607 1607 2631 a.
1624 2599 1703 2630 239.

174 2653 254 2692 515,
282 2653 359 2684 217.
383 2654 449 2683 537
477 2651 598 2695 prima
625 2651 814 2695 stipendia
834 2652 980 2686 meruit.
1018 2656 1097 2686 204.
1119 2656 1187 2686 550
1214 2653 1390 2695 quaestor
1416 2650 1498 2685 fuit.
1537 2654 1613 2685 199.
1636 2653 1704 2683 555

175 2703 307 2737 aedilis
332 2704 383 2748 pl.
406 2708 482 2738 198.
506 2708 572 2738 556
599 2707 750 2749 praetor
777 2705 827 2750 (in
856 2704 1030 2740 Sardinia
1055 2705 1275 2749 prouincia).
1318 2709 1395 2740 195.
1418 2708 1485 2739 559
1513 2703 1639 2739 consul
1666 2703 1706 2736 in

174 2756 357 2800 Hispania
388 2758 593 2802 prouincia.
635 2762 712 2793 190.
740 2763 808 2793 564
838 2759 983 2804 legatus
1010 2759 1069 2792 M?
1092 2758 1203 2793 Acilii
1231 2758 1442 2793 Glabrionis
1476 2760 1604 2792 eontra
1630 2758 1706 2789 An-

172 2809 339 2894 ssiochum
360 2811 407 2844 ad
428 2811 694 2856 Thermopylas
715 2813 910 2857 pugnauit.
952 2817 1030 2847 184.
1051 2816 1119 2846 570
1144 2823 1272 2846 censor
1292 2812 1374 2846 fuit.
1417 2815 1493 2846 149.
1516 2814 1583 2845 605
1610 2821 1704 2843 mor-

184 2874 257 2896 ,uus
285 2865 351 2897 est.
