2002 3342
464 197 500 231 L.
524 194 827 231 CALPVRNIVS
854 194 956 228 Piso
985 192 1250 227 CENSORIVS
1278 192 1423 226 FRVGI
1529 204 1713 233 CLXXXV

181 309 306 358 neris,
335 309 451 346 etiam
479 308 536 345 eis
563 319 660 357 quos
688 308 780 344 (lato
807 310 1114 353 monstrauerat,
1141 304 1250 342 uelut
1278 316 1322 342 ex
1351 304 1616 341 monumentis
1645 315 1714 352 pu-

181 373 308 423 blicis,
335 372 491 422 collegit
518 377 553 410 et
584 384 639 422 ea,
667 371 809 422 quibus
837 370 952 408 tidem
980 368 1198 408 habendam
1228 381 1312 407 esse
1336 368 1411 406 sibi
1439 368 1715 418 persuasisset,

181 438 321 477 litteris
356 437 555 475 mandauit
589 443 643 487 et,
682 442 725 475 ut
761 436 806 474 ab
840 437 992 485 origine
1026 434 1136 473 urbis
1175 446 1297 471 annos
1331 434 1456 484 spatio
1487 431 1713 470 interuallo-

182 516 267 542 rum
301 514 508 541 numerare
542 508 692 553 posset,
726 503 765 539 in
792 501 856 539 illa
885 501 1106 538 accuratius
1135 498 1356 537 definienda
1385 510 1541 548 operam
1571 498 1713 547 posuit.

181 569 364 619 aequauit
391 569 494 606 enim
529 569 699 617 primum
726 566 836 604 urbis
870 577 1014 603 annum
1042 563 1263 615 Olympiadi
1290 564 1370 614 Vll,
1396 563 1415 602 1
1448 565 1470 601 i.
1493 575 1525 602 e.
1553 575 1653 601 anno
1681 575 1715 599 a.

181 634 270 672 (lbr.
291 645 327 671 n.
352 630 491 685 7521),
516 633 609 670 hinc
631 644 725 670 uero
746 632 945 682 profectus
972 636 1225 681 posteaquam
1247 628 1293 666 ad
1316 635 1461 667 certam
1485 629 1713 666 memoriam

181 700 381 749 peruenit,
422 697 627 736 consulum
663 698 820 735 nomina
861 697 976 734 etiam
1016 701 1170 746 patrum
1211 693 1533 745 praenominibus
1572 693 1713 731 additis

181 766 298 803 unius
332 764 522 814 cuiusque
556 764 647 801 anni
681 762 798 800 rebus
832 760 1113 812 praeponebat,
1151 759 1189 797 id
1223 759 1327 810 quod
1360 771 1405 797 ex
1440 758 1543 796 Liuii
1578 757 1714 796 uerbis

183 830 227 867 sr.
250 827 305 867 26
334 828 419 867 coll.
442 826 497 867 36
525 833 696 879 apparet,
723 828 1102 877 magistratuumque
1130 826 1249 863 fastos
1270 823 1476 862 annalibus
1499 824 1716 861 inseruisse

181 894 352 945 uidetur,
378 900 419 932 ut
449 893 638 932 uberrimi
666 894 792 931 sontes
820 893 966 930 suerint
987 891 1111 941 Liuio,
1137 890 1240 929 unde
1262 902 1339 928 non
1362 889 1485 927 solum
1510 888 1714 927 consulum

183 959 251 998 sed
285 961 402 998 etiam
435 958 621 997 aedilium
653 958 717 996 uel
753 957 1001 996 tribunorum
1039 957 1199 994 nomina
1232 951 1297 1008 (t'r.
1319 953 1386 993 23.
1415 952 1491 999 28)
1527 954 1715 992 hauriret.

183 1037 281 1076 quae
308 1024 487 1077 pluribus
516 1023 741 1062 describere
768 1023 933 1073 solebat,
966 1023 1134 1060 maxime
1163 1020 1209 1059 ad
1238 1033 1301 1059 res
1329 1019 1613 1059 consuetudine
1641 1024 1717 1056 tra—

184 1090 283 1129 ditas
303 1089 564 1141 pertinebant,
585 1102 659 1140 qua
682 1091 830 1127 ratione
851 1087 1018 1139 populus
1039 1087 1238 1125 Romanus
1260 1099 1279 1124 a
1298 1086 1437 1124 Seruio
1461 1097 1551 1135 rege
1575 1096 1716 1122 census

183 1162 288 1194 esset
315 1151 422 1209 (14),
451 1154 578 1206 qualis
605 1167 690 1193 mos
718 1159 821 1193 esset
848 1153 1183 1192 lectisterniorum
1210 1147 1320 1205 (25),
1347 1152 1414 1202 qui
1435 1151 1604 1188 bonores
1625 1149 1717 1187 Tar-

182 1223 294 1272 peiae
319 1226 497 1259 mortuae
524 1220 766 1258 haberentur
792 1216 877 1273 (5),
910 1220 998 1269 quis
1025 1219 1178 1269 primus
1212 1222 1337 1268 myrto
1366 1221 1575 1255 coronatus
1603 1213 1715 1252 ludos

183 1289 384 1326 circenses
406 1291 583 1337 spectare
606 1285 743 1324 solitus
764 1290 869 1324 esset
885 1280 992 1337 (31),
1014 1285 1080 1334 qui
1103 1284 1270 1321 fuissent
1292 1282 1329 1320 di
1345 1280 1580 1319 Nouensiles
1601 1276 1717 1332 (45);

185 1352 353 1403 denique
382 1351 539 1390 Catonis
566 1351 787 1402 exemplum
816 1356 975 1389 secutus
1002 1348 1258 1400 etymologiae
1287 1359 1445 1398 operam
1475 1345 1599 1396 dedit,
1627 1357 1715 1383 cum

184 1417 315 1456 Italiae
342 1429 481 1455 uocem
508 1430 528 1455 a
553 1416 689 1455 uitulis
717 1416 878 1454 duceret
905 1410 982 1468 (1),
1009 1414 1233 1453 Pilumnum
1260 1425 1279 1451 a
1306 1411 1488 1463 pellendo
1517 1406 1632 1464 (44),
1658 1411 1719 1448 ui-

186 1482 305 1521 tulam
338 1481 441 1520 idem
476 1493 563 1520 esse
598 1481 885 1519 demonstraret
917 1479 1021 1530 quod
1053 1480 1260 1518 uictoriam
1295 1474 1404 1530 (43).
1450 1488 1577 1527 neque
1612 1477 1719 1513 enim

186 1548 361 1585 Graeca
396 1547 612 1585 doctrina
646 1559 781 1585 carere
814 1547 958 1597 potuit,
991 1546 1175 1595 quoniam
1210 1543 1346 1582 Crates
1372 1541 1566 1592 Mallotes,
1600 1553 1717 1592 quem

185 1614 357 1664 primum
390 1612 562 1651 studium
598 1613 896 1662 grammaticum
931 1612 971 1649 in
1006 1609 1147 1648 urbem
1182 1609 1363 1647 intulisse
1401 1607 1612 1646 Suetonius
1649 1603 1719 1659 (de

185 1690 347 1728 gramm.
370 1675 396 1715 2
423 1675 560 1728 p.1OO
574 1673 651 1731 Rs.)
685 1676 863 1727 tradidit,
899 1677 976 1714 iam
1011 1676 1153 1726 uiginti
1187 1686 1255 1713 sex
1288 1674 1400 1712 annis
1437 1678 1527 1711 ante
1563 1671 1717 1710 Pisonis

185 1742 429 1781 consulatum
451 1742 664 1781 iuuenibus
679 1742 864 1780 Romanis
885 1740 1048 1779 adsidue
1069 1739 1320 1778 audientibus
1341 1738 1531 1789 plurimas
1547 1738 1721 1776 acroasis

186 1810 344 1859 fecerat,
370 1807 601 1859 Aeliumque
629 1807 830 1857 Stilonem,
858 1808 925 1857 qui
953 1806 1024 1844 fuit
1050 1818 1152 1843 unus
1179 1817 1225 1843 ex
1254 1804 1531 1855 grammaticae
1559 1802 1721 1840 Latinae

186 1873 434 1924 parentibus,
470 1874 582 1911 initio
620 1872 765 1911 saeculi
805 1872 963 1923 septimi
996 1876 1130 1909 natum
1168 1882 1255 1908 esse
1292 1868 1440 1907 Ritschl
1478 1869 1720 1918 computauit

188 1934 380 1991 (Parerq.
402 1938 417 1977 I
443 1951 479 1989 p.
501 1934 618 1991 ⁶239).
653 1951 672 1976 a
699 1938 840 1976 Pisone
868 1941 999 1975 autem
1027 1937 1145 1974 etiam
1171 1935 1400 1974 Panaetium
1428 1932 1604 1972 auditum
1633 1945 1721 1971 esse

187 2010 338 2043 certum
367 2003 468 2054 apud
488 2002 760 2042 Philodemum
784 2003 825 2040 in
845 2002 1047 2041 uolumine
1069 2000 1238 2052 quodam
1258 1999 1544 2038 Herculanensi
1566 2003 1721 2036 exstare

187 2070 459 2108 testimonium
485 2068 533 2106 M.
554 2067 671 2107 Hertz
692 2069 844 2106 monuit
864 2061 1269 2121 (Teuffel-Schwabe5
1294 2077 1330 2116 p.
1351 2062 1470 2115 210),
1497 2069 1537 2102 et
1557 2064 1719 2101 Italiam

188 2133 405 2173 secundum
426 2133 629 2172 Timaeum
651 2133 697 2172 de
719 2132 866 2171 Graeco
887 2131 1077 2171 uocabulo
1100 2130 1245 2170 ι’ταλοί
1265 2142 1352 2169 esse
1375 2129 1581 2168 deductam
1603 2129 1721 2166 etiam

189 2199 336 2238 Gellius
364 2195 429 2252 (fr.
454 2197 473 2236 1
504 2211 535 2237 e.
558 2195 665 2251 adn.)
691 2197 875 2249 prodidit.

278 2264 411 2315 ltaque
432 2269 539 2302 recte
560 2263 607 2302 M.
622 2262 740 2302 Hertz
761 2260 992 2316 (AS'trezfzugs
1013 2275 1048 2313 p.
1068 2257 1259 2309 15—19)
1281 2260 1372 2298 huie
1394 2259 1581 2297 Censorio
1603 2259 1721 2296 etiam

190 2331 407 2381 fragmenta
437 2328 653 2367 doctrinam
678 2328 981 2367 Alexandrinam
1009 2327 1202 2377 sapientia
1226 2325 1457 2375 uindicauit,
1484 2335 1721 2375 quamquam

190 2394 233 2434 Ο.
254 2390 391 2448 lahn2)
425 2393 515 2432 talia
542 2393 589 2432 ab
623 2406 668 2432 eo
696 2393 816 2432 scribi
848 2394 1022 2444 potuisse
1050 2392 1210 2441 negauit
1241 2396 1278 2429 et
1311 2389 1358 2428 ab
1392 2389 1467 2428 alio
1494 2389 1635 2427 Pisone
1662 2389 1723 2425 in-

192 2460 349 2498 ferioris
383 2460 538 2510 aetatis,
572 2460 764 2510 scriptore
798 2459 1051 2509 grammatico
1085 2462 1123 2495 et
1155 2456 1393 2506 antiquario,
1430 2455 1644 2505 composita
1678 2465 1722 2491 ea

191 2537 277 2564 esse
305 2526 526 2576 suspicatus
554 2530 630 2575 est,
656 2530 791 2576 postea
818 2524 962 2562 iniuria
989 2522 1036 2561 ad
1063 2521 1172 2560 illum
1199 2526 1242 2560 ut
1268 2522 1463 2559 notiorem
1490 2519 1628 2569 relata,
1654 2518 1723 2556 ha-

288 2616 320 2658 1)
346 2614 519 2649 Muenzer
549 2614 673 2649 Herm.
700 2613 818 2648 XXXI
843 2625 877 2658 p.
901 2616 1097 2647 308-312.
1142 2611 1380 2656 impugnauib
1410 2611 1508 2644 hane
1539 2609 1722 2643 rationem

192 2667 240 2702 M.
263 2667 497 2703 Rabenhorst
526 2668 819 2713 Qzaellenstudien
844 2678 911 2701 zur
934 2670 1010 2701 nat.
1033 2667 1112 2700 leisc.
1140 2666 1199 2700 des
1226 2666 1376 2700 Plinius
1401 2677 1435 2708 p.
1453 2668 1506 2698 18.

288 2722 321 2761 2)
348 2722 514 2756 Berichte
539 2721 644 2756 weber
671 2722 728 2756 die
756 2720 948 2755 Verhawdz.
969 2720 1004 2754 d.
1023 2720 1155 2755 saechs.
1180 2719 1258 2754 Ges.
1281 2719 1314 2753 d.
1336 2719 1442 2753 W'z'ss.
1472 2720 1562 2751 1848
1589 2728 1623 2760 p.
1642 2718 1722 2749 429.

194 2774 371 2808 Similiter
395 2774 471 2808 iam
498 2786 593 2809 anno
622 2778 710 2809 1841
739 2774 781 2809 R.
802 2773 945 2808 Merkel
972 2772 1103 2818 (Praef.
1128 2772 1175 2806 ad
1203 2771 1310 2806 Ouid.
1331 2771 1415 2805 fast.
1437 2783 1472 2815 p.
1488 2771 1595 2813 Lxxx)
1621 2768 1722 2802 Piso-

193 2838 277 2861 nem
304 2827 482 2861 Macrobii
507 2827 562 2873 (fr.
584 2830 643 2873 42)
671 2829 708 2862 et
734 2827 846 2861 Plinii
874 2827 928 2872 (fr.
952 2828 1009 2869 11)
1043 2828 1080 2860 et
1107 2824 1142 2859 C.
1162 2825 1335 2859 Pisonem
1362 2823 1496 2868 (ἄνδρα
1523 2820 1723 2865 ἱστορικόν)

193 2880 383 2914 Plutarchi
412 2880 513 2925 (Mar.
537 2882 595 2925 45)
623 2881 779 2915 eundem
807 2891 885 2914 esse
913 2879 1131 2914 coniecerat.
