2002 3342
312 200 401 229 CXC
650 185 712 219 DE
741 184 1048 220 SCRIPTORVM
1073 185 1198 220 VITIS
1224 185 1284 220 ET
1313 185 1520 221 SCRIPTIS

311 297 437 335 solum
466 297 589 336 silium
618 297 743 335 Prisci
771 309 859 335 eum
893 296 1062 348 appellat
1095 296 1163 335 sed
1197 298 1313 335 etiam
1341 297 1598 348 Tarquinium
1626 297 1847 349 Superbum

312 364 351 400 in
373 374 503 413 pugna
524 361 739 412 Regillensi
761 363 890 412 ipsum
912 374 1056 412 equum
1076 362 1264 400 infestum
1288 363 1328 400 in
1348 361 1595 401 Postumium
1617 363 1849 403 dictatorem

311 427 518 466 admisisse
547 433 584 465 et
610 426 656 464 ab
684 426 806 465 latere
833 427 956 465 ictum
984 439 1070 465 esse
1098 432 1233 465 narrat
1253 424 1311 479 (2,
1336 424 1401 477 19,
1423 423 1468 480 6)
1496 433 1679 479 totusque
1703 428 1850 480 pendet

310 505 330 530 a
367 492 522 543 uulgari
563 491 716 530 fabulae
753 491 1014 543 chronologia.
1067 491 1250 530 similiter
1286 491 1468 530 omnibus
1503 494 1654 543 primae
1691 493 1854 533 decadis*

311 558 426 608 locis,
461 557 602 608 quibus
635 558 866 596 nominatim
894 557 1075 595 Pisonem
1109 557 1254 607 adfert,
1290 558 1341 595 ita
1375 556 1565 609 loquitur,
1600 563 1644 596 ut
1670 560 1782 610 quasi
1808 560 1849 597 in

313 623 531 674 appendice
563 622 627 662 uel
660 624 700 661 in
733 622 961 673 parenthesi
995 623 1079 660 eius
1113 621 1234 660 uerba
1265 621 1414 660 adnexa
1442 635 1527 661 esse
1554 623 1779 675 uideamus,
1813 630 1852 663 et

315 701 413 739 quae
450 688 552 740 apud
590 688 745 726 Liuium
781 688 989 726 Pisoniana
1029 699 1115 726 esse
1154 687 1241 726 aliis
1279 687 1375 726 locis
1415 690 1650 739 comparatis
1689 690 1853 741 scimus,

312 754 449 793 eadem
476 755 620 805 partim
647 760 714 792 aut
740 755 886 792 inserta
915 759 1007 791 sunt
1032 759 1075 791 ut
1103 752 1333 791 refellantur
1360 749 1458 798 (uid.
1481 753 1567 792 adn.
1591 753 1637 792 ad
1658 754 1704 793 fr.
1728 752 1781 793 15
1810 760 1848 793 et

310 819 395 857 Liu.
413 818 449 869 1,
467 816 533 870 18,
549 817 574 857 2
603 818 687 857 coll.
710 819 755 857 fr.
774 815 848 871 11)
876 823 942 856 aut
961 830 1032 868 per
1051 817 1174 856 uerba
1197 824 1290 856 sunt
1317 821 1386 866 qui
1413 824 1609 857 extremae
1630 820 1848 858 narrationi

309 884 487 924 breuiter
513 884 700 935 adspersa
728 881 835 937 (adn.
855 883 901 921 ad
924 884 969 921 fr.
993 880 1017 922 ἵ)
1041 889 1078 921 et
1099 879 1186 936 23).
1234 895 1332 934 quae
1360 896 1448 921 cum
1475 884 1527 921 ita
1555 885 1644 934 sint,
1671 885 1850 923 incertus

308 950 464 1000 haereo,
490 962 596 999 num,
623 948 691 987 ubi
719 950 759 987 in
786 949 975 986 orationis
1002 954 1138 987 tenore
1166 948 1303 986 Liuius
1331 950 1551 986 consentiat
1578 962 1666 987 cum
1692 949 1853 1000 Pisone,

313 1028 403 1054 eum
433 1027 670 1053 consensum
699 1026 743 1052 ex
771 1015 856 1065 ipso
884 1019 1071 1064 repetam.
1116 1013 1257 1051 borum
1284 1013 1459 1052 locorum
1487 1014 1677 1065 plurimos
1703 1016 1779 1053 iam
1807 1016 1849 1053 in

309 1081 558 1119 adnotatione
589 1075 655 1132 (ad
678 1080 723 1118 fr.
745 1077 783 1118 6.
808 1077 873 1117 13.
898 1076 962 1117 19.
985 1076 1053 1117 22.
1075 1077 1143 1117 ⁵25.
1165 1076 1241 1131 27)
1281 1080 1500 1130 tetigimus,
1541 1079 1586 1118 de
1625 1092 1703 1118 uno
1741 1093 1848 1119 nunc

308 1158 432 1196 agam.
477 1147 517 1183 in
551 1145 651 1183 libro
686 1146 789 1183 enim
820 1142 886 1194 10,
908 1141 945 1195 9,
967 1142 992 1182 9
1027 1144 1123 1182 haec
1154 1143 1272 1182 habet
1304 1143 1460 1182 Liuius:
1496 1148 1634 1193 itaque
1666 1157 1754 1184 eum
1788 1149 1850 1184 171-

302 1212 458 1261 fectam
485 1223 569 1249 rem
591 1211 646 1249 M.
662 1211 833 1249 Fuluius
855 1211 1004 1248 Paetus
1029 1210 1067 1248 T.
1084 1210 1265 1248 Manlius
1290 1210 1516 1258 Torquatus
1541 1213 1638 1248 noui
1665 1213 1854 1250 consules>

307 1275 359 1328 (a.
376 1274 475 1315 299.
490 1272 596 1327 455)
620 1281 879 1325 acceperuut.
916 1278 955 1313 in
980 1287 1067 1313 eum
1091 1287 1238 1313 aunum
1268 1287 1357 1313 cum
1384 1275 1424 1320 ζ).
1447 1276 1617 1314 Fabium
1645 1279 1847 1315 consulem

307 1355 387 1381 71671
415 1347 620 1392 petentem
657 1353 791 1380 omues
827 1343 1011 1379 dicerent
1048 1343 1277 1387 centuriae,
1314 1343 1440 1389 ipsum
1477 1346 1685 1379 auctorem
1719 1341 1853 1391 fuisse¹

306 1408 453 1446 Macer
480 1407 666 1446 Licinius
699 1418 749 1444 ae
781 1406 936 1444 Tubero
971 1407 1141 1443 tradunt
1177 1406 1399 1453 differendi
1429 1407 1508 1444 sibi
1540 1408 1774 1444 consulatus
1806 1409 1848 1445 in

309 1475 604 1512 bellicosiorem
639 1483 812 1516 (mmmm
851 1483 896 1509 eo
930 1482 1036 1509 auno
1069 1473 1218 1509 maiori
1248 1483 1291 1509 se
1324 1474 1415 1509 usui
1440 1474 1503 1509 rei
1528 1472 1724 1520 publicae
1755 1471 1851 1521 fore

306 1540 467 1577 urbano
498 1544 612 1586 §esto
645 1540 900 1585 maffl'strutu.
946 1539 1005 1574 ita
1038 1548 1112 1574 uec
1146 1537 1463 1575 dissimulantem
1490 1538 1591 1584 quid
1614 1539 1748 1575 mullet
1774 1549 1851 1576 7166

296 1610 503 1654 petentem
531 1610 661 1641 tumen
692 1604 862 1641 aedilem
891 1604 1072 1640 curulem
1099 1613 1187 1640 cum
1215 1601 1258 1639 L.
1282 1602 1451 1650 Puptre'o
1481 1602 1655 1640 Cursore
1676 1602 1847 1651 faetum-

305 1671 389 1720 ipse
426 1675 557 1707 tamen
594 1669 780 1706 continuo
816 1667 887 1705 bos
923 1668 1138 1717 scriptores
1175 1668 1322 1704 erroris
1359 1665 1577 1717 redarguit,
1617 1679 1706 1705 cum
1741 1666 1850 1718 Piso,

311 1733 523 1773 ‘uetustior
549 1730 711 1783 auctor',
739 1732 901 1771 Fabium
929 1744 1006 1770 non
1036 1733 1327 1770 enumerauerit
1355 1733 1395 1769 in
1423 1733 1507 1770 eius
1535 1733 1625 1770 anui
1652 1731 1847 1771 aedilibus

305 1795 371 1852 (fr.
394 1796 482 1852 28).
529 1799 636 1849 atqui
672 1811 743 1849 per
779 1810 819 1836 se
855 1799 1001 1836 mirum
1038 1803 1097 1835 est
1134 1797 1297 1835 eandem
1334 1797 1494 1835 honoris
1530 1797 1847 1848 repudiationem

306 1864 417 1904 Fabii
444 1877 464 1903 a
492 1864 603 1902 Liuio
632 1865 748 1902 etiam
776 1864 1002 1914 insequenti
1029 1875 1129 1901 anno
1158 1864 1208 1914 (c.
1234 1859 1299 1912 13,
1321 1859 1367 1915 ᾧ)
1394 1863 1573 1901 iteratam
1602 1875 1700 1913 esse,
1728 1875 1845 1913 auge-

307 1938 450 1981 turque
479 1931 670 1980 suspicio,
698 1928 801 1980 quod
828 1930 944 1967 tertio
973 1928 1140 1979 quodam
1168 1918 1251 1966 loco
1281 1924 1332 1981 (c.
1357 1925 1422 1977 15,
1444 1925 1482 1979 9,
1510 1928 1557 1966 cf.
1578 1926 1647 1978 22,
1668 1926 1727 1981 2),
1754 1941 1844 1967 cum

306 1998 453 2035 iterum
480 1995 625 2033 Fabius
659 1994 705 2033 ab
739 1994 922 2033 omnibus
956 1995 1146 2032 centuriis
1181 1994 1316 2032 consul
1351 1993 1477 2032 dictus
1511 1999 1617 2032 esset
1648 2006 1722 2032 nec
1755 2006 1847 2032 cum-

308 2063 431 2113 Appio
460 2060 621 2099 Claudio
656 2059 802 2110 collega
837 2072 881 2098 eo
914 2072 1079 2098 munere
1114 2060 1222 2109 fungi
1255 2059 1391 2109 uellet,
1425 2057 1488 2097 ‘de
1523 2071 1564 2097 se
1598 2058 1735 2097 eadem
1762 2059 1845 2098 sere

308 2139 407 2178 quae
434 2127 595 2178 priore
624 2137 742 2163 anno
765 2124 929 2163 dicendo
951 2123 1204 2164 abnuentem'
1228 2125 1332 2175 fecit,
1352 2137 1430 2163 non
1452 2125 1611 2175 scripsit
1627 2126 1848 2174 prioribus

305 2196 435 2231 anuis.
483 2191 551 2230 sed
585 2190 804 2229 absoluitur
836 2203 899 2229 res
933 2203 963 2229 c.
989 2188 1054 2241 13,
1077 2188 1120 2240 8,
1160 2202 1235 2241 quo
1269 2190 1372 2240 loco,
1411 2191 1621 2240 quominus
1658 2195 1842 2240 quartum

304 2257 442 2296 consul
469 2258 561 2296 anni
587 2254 686 2295 297.
707 2254 792 2295 457
822 2256 946 2306 fieret,
973 2255 1236 2306 impediturus
1263 2253 1405 2306 ‘legem
1428 2256 1587 2293 recitari
1613 2255 1739 2305 iussit,
1767 2266 1842 2305 qua

305 2324 407 2361 intra
436 2321 571 2360 decem
599 2334 720 2359 annos
749 2321 917 2359 eundem
945 2320 1145 2359 consulem
1174 2321 1284 2359 refici
1311 2333 1387 2359 non
1415 2318 1580 2359 liceret’.
1592 2317 1623 2372 1)
1669 2332 1777 2370 nam,
1809 2320 1844 2357 si

303 2387 462 2428 Liuium
490 2385 548 2439 (9,
569 2384 641 2437 40,
664 2383 737 2439 18)
765 2388 958 2437 sequeris,
986 2399 1085 2424 anno
1113 2383 1210 2425 308.
1231 2384 1318 2425 446
1345 2385 1488 2424 Fabius
1515 2386 1676 2424 tertium
1704 2384 1841 2423 consul

305 2455 389 2503 suit,
417 2451 681 2502 undecimque
703 2453 796 2490 anni
817 2453 1138 2490 intercessissent
1159 2453 1263 2490 inter
1283 2453 1444 2490 tertium
1466 2457 1726 2501 quartumque
1749 2462 1843 2488 con-

304 2522 473 2557 sulatum
502 2514 745 2569 (Lachmann
774 2517 808 2555 d.
826 2518 848 2555 f.
865 2517 904 2555 L.
926 2517 940 2555 I
962 2530 997 2568 p.
1015 2514 1101 2569 73).
1140 2529 1281 2555 uerum
1303 2522 1432 2555 tamen
1453 2517 1538 2567 ipse
1560 2515 1697 2554 Liuius
1718 2517 1840 2565 signi-

303 2584 448 2633 ficauit,
476 2594 551 2633 qua
578 2584 728 2620 ratione
756 2582 861 2620 hunc
887 2582 1033 2621 nodum
1062 2581 1272 2621 soluamus.
1312 2581 1513 2620 adnotauit
1533 2582 1639 2619 enim
1663 2578 1702 2632 9,
1721 2579 1790 2631 44,
1812 2578 1839 2619 3

303 2649 367 2702 (fr.
391 2644 466 2700 26)
493 2647 677 2686 Pisonem
705 2647 886 2686 consules
908 2660 1099 2686 annorum
1126 2645 1223 2686 307.
1244 2645 1329 2685 447
1354 2652 1392 2685 et
1412 2644 1508 2685 306.
1530 2644 1616 2684 448
1644 2647 1843 2697 omisisse,

301 2713 407 2752 unde
435 2712 653 2752 secundum
679 2712 862 2751 Pisonem
891 2725 910 2751 a
938 2715 1053 2752 tertio
1080 2725 1205 2763 usque
1233 2712 1280 2751 ad
1307 2717 1489 2763 quartum
1516 2711 1626 2750 Fabii
1659 2711 1841 2750 consula·

401 2853 434 2896 1)
463 2851 516 2885 De
544 2862 587 2885 ea
612 2850 695 2895 lege
722 2850 796 2885 uid.
818 2851 1023 2885 Mommsen
1049 2851 1204 2886 Staatsr.
1225 2850 1258 2884 1³
1283 2854 1351 2884 519
1367 2862 1419 2894 sq.
