2002 3342
700 157 934 192 VALERIVS
962 157 1137 192 ANTIAS
1484 171 1685 199 cccxxm

153 274 286 324 operis
319 273 380 309 sui
411 272 604 309 Antiatem
639 272 677 308 in
706 268 914 308 scribendo
949 266 1213 321 adllibci‘etl),
1250 269 1399 306 crimen
1428 267 1606 318 obsequii
1635 269 1685 305 ita

156 339 310 388 auertit,
338 343 380 375 ut
407 337 544 387 quauis
572 337 776 373 occasione
802 346 898 372 usus
926 334 1010 371 eius
1037 335 1310 371 auctoritatem
1336 334 1520 371 refutaret
1551 337 1589 370 et
1615 334 1686 370 mi-

154 408 313 452 nueret,
347 403 404 439 sic
437 413 526 439 eum
560 402 673 439 etiam
709 400 864 450 saepius
898 394 1053 450 (tricies
1081 403 1119 436 et
1145 393 1376 451 quinquies)
1409 410 1522 448 quam
1551 409 1685 447 quem-

152 481 267 519 quam
306 472 504 506 auctorem
544 468 695 504 citaret.
743 462 954 503 accedebat
993 462 1095 513 quod
1131 464 1171 500 in
1211 463 1454 513 antiquitatis
1491 462 1685 500 Romanae

150 533 340 572 memoria
362 544 507 581 rerum,
535 543 631 581 quas
654 534 868 579 enarraret,
896 529 1026 579 inopia
1052 527 1318 579 premebatur,
1346 529 1396 565 ita
1422 533 1474 578 ut,
1503 528 1685 578 quoniam

151 599 189 636 in
228 599 462 636 uniuersum
502 597 741 635 uetustiores
779 600 959 633 auctores
997 592 1251 643 sequebatur,
1290 592 1393 630 haud
1434 605 1520 630 raro
1561 593 1685 631 inuito

150 665 277 701 animo
306 675 352 701 ex
381 661 553 700 sontibus
582 659 870 700 recentioribus
898 660 1106 709 minusque
1135 657 1307 708 limpidis
1334 657 1493 695 haurire
1527 669 1684 707 cogere-

150 734 214 767 tur
240 728 498 778 lacunasque,
526 739 621 777 quas
650 725 751 777 apud
779 730 958 763 auctores
987 736 1078 762 suos
1105 724 1314 774 primarios
1342 724 1565 772 inuenerat,
1594 722 1684 760 inde

150 792 307 843 explere
342 787 504 845 (Nissen
526 792 549 830 l.
571 787 632 844 5.).
671 790 782 830 urbis
815 801 910 828 uero
945 790 1137 840 originem
1172 800 1388 838 regumque
1426 799 1506 838 res,
1546 789 1579 825 si
1615 800 1685 825 nos

149 858 278 908 audis,
311 859 388 896 iam
422 857 566 896 Fabius
593 857 735 907 aliique
769 855 875 893 illius
903 855 1041 893 aetatis
1074 855 1288 904 scriptores
1320 852 1501 904 pluribus
1528 864 1685 890 enarra-

149 928 289 962 uerant
322 935 449 974 neque
483 935 580 973 opus
615 928 698 960 erat
731 921 841 959 Liuio
876 922 916 958 in
943 920 1070 970 primo
1104 918 1203 957 libro
1232 917 1517 957 conscribendo
1549 930 1684 955 recen-

151 990 272 1027 tiores
309 994 487 1027 auctores
523 1000 726 1038 quaerere.
779 987 896 1024 etiam
937 986 975 1023 in
1014 983 1187 1023 secundo
1224 985 1468 1034 antiquiores
1505 988 1685 1021 auctores

149 1053 383 1105 praetulisse
404 1052 574 1104 uidetur,
601 1065 678 1103 quo
700 1052 845 1090 sactum
868 1056 937 1101 est,
964 1056 1008 1088 ut
1028 1049 1161 1100 multa,
1184 1061 1283 1100 quae
1304 1048 1455 1100 prolixe
1476 1048 1686 1099 Dionysius

148 1125 185 1157 et
206 1118 452 1169 Plutarchus,
479 1118 616 1157 Liuius
644 1118 780 1169 paucis
800 1115 934 1155 uerbis
956 1120 1294 1165 commemoraret,
1321 1115 1567 1164 maximeque
1589 1126 1687 1164 quas

148 1196 210 1222 res
231 1184 366 1222 Antias
387 1183 630 1222 Valeriorum
658 1181 839 1221 laudibus
861 1187 926 1219 aut
947 1182 1073 1219 auctis
1096 1185 1161 1218 aut
1181 1180 1285 1218 fictis
1307 1180 1564 1218 commutauit
1586 1174 1684 1227 (uid.

146 1250 246 1288 int'ra
274 1262 308 1300 p.
333 1257 532 1287 cccxxvi
549 1245 666 1302 sqq),
694 1248 866 1286 ieiunius
893 1247 1096 1296 magisque
1124 1244 1171 1283 ad
1198 1257 1338 1283 uerum
1361 1240 1618 1296 exponeret2)
1647 1250 1685 1282 et

147 1326 262 1365 saepe
279 1314 521 1353 Valeriorum
542 1315 660 1352 etiam
682 1324 825 1351 nomen
847 1313 1124 1362 supprimeret.
1163 1316 1246 1349 turn
1267 1322 1362 1348 uero
1385 1311 1422 1347 in
1447 1310 1561 1347 tertio
1583 1308 1684 1347 libro

147 1391 227 1429 cap.
249 1376 275 1416 ὃ
298 1374 363 1432 (fr.
383 1375 455 1433 19)
489 1381 662 1429 primum
691 1390 779 1416 eum
807 1378 965 1415 nomine
1000 1375 1174 1414 laudauit
1199 1375 1444 1425 multumque
1472 1376 1511 1412 in
1540 1375 1684 1413 ceteris

147 1445 295 1495 primae
331 1443 488 1482 decadis
521 1443 633 1481 libris
659 1442 819 1481 uidetur
846 1442 1090 1491 adhibuisse,
1124 1442 1164 1479 in
1191 1441 1332 1491 primis
1359 1441 1399 1478 in
1426 1439 1526 1478 libro
1553 1441 1683 1491 tertio,

146 1508 212 1547 ubi
247 1509 309 1547 hie
343 1514 480 1547 auctor
513 1509 619 1547 solus
653 1510 794 1547 citatus
830 1512 889 1546 est
922 1507 1169 1558 plurimaque
1203 1507 1243 1544 in
1273 1507 1405 1557 priore
1433 1506 1682 1556 potissimum

146 1579 255 1625 parte
276 1586 372 1611 usus
388 1573 582 1611 Valeriani
602 1574 769 1623 uestigia
790 1572 903 1611 nobis
925 1577 1137 1611 occurrunt
1161 1568 1405 1624 (Schwegler
1419 1571 1450 1608 Il
1472 1584 1507 1621 p.
1526 1566 1681 1624 717).³)

146 1637 272 1690 quid?
311 1638 414 1689 quod
442 1640 494 1677 ita
523 1639 607 1676 eius
635 1640 908 1676 auctoritatem
936 1639 975 1675 in
1003 1637 1074 1675 hac
1101 1636 1357 1675 historiarum
1385 1648 1545 1674 suarum
1572 1641 1682 1686 parte

242 1759 273 1796 1)
301 1753 507 1787 Consilium
539 1764 662 1786 meum
695 1751 805 1786 etiam
832 1751 892 1785 hic
925 1763 998 1785 non
1031 1750 1102 1784 fuit
1129 1749 1348 1794 diligentius
1375 1749 1542 1794 singulos
1568 1749 1683 1783 libros

144 1807 380 1841 historiarum
401 1806 498 1840 Liuii
523 1806 707 1850 persequi,
734 1807 777 1839 ut
803 1805 1082 1848 distinguerem,
1109 1814 1205 1847 quae
1230 1804 1355 1848 partes
1383 1814 1427 1837 ex
1447 1803 1601 1836 Antiate
1628 1813 1682 1837 re—

143 1861 327 1905 petendae
361 1861 500 1901 essent3
536 1869 623 1893 nam
650 1860 771 1904 operis
798 1859 871 1893 mei
901 1859 1041 1892 statum
1066 1856 1285 1891 turbassem.
1324 1856 1418 1890 illud
1444 1867 1576 1891 moneo
1602 1856 1683 1900 ple-

143 1925 299 1957 rumque
324 1925 382 1947 me
407 1925 489 1947 cum
511 1913 678 1948 Soltauio
705 1912 925 1954 consentire,
947 1911 1011 1954 qui
1038 1921 1134 1954 quae
1161 1909 1412 1955 superioribus
1442 1909 1548 1943 annis
1575 1920 1682 1943 accu-

143 1967 261 2001 ratius
277 1967 513 2010 disseruerat,
535 1978 566 2001 a.
584 1970 672 2000 1897
688 1966 783 2000 libro
799 1976 875 2007 suo,
897 1976 1006 2009 quem
1023 1965 1155 1999 Livius
1167 1963 1366 2008 inscripsit,
1388 1963 1682 2007 comprehendit.

240 2023 274 2064 2)
302 2020 512 2065 Schwegler
532 2020 563 2054 ΙΙ
583 2032 618 2064 p.
637 2023 702 2054 125
717 2021 793 2053 not.
820 2019 1022 2064 uestigium
1050 2017 1238 2061 quoddam
1264 2016 1486 2050 narrationis
1515 2015 1681 2050 Valeria—

144 2085 213 2108 nae
245 2073 321 2107 iam
353 2074 391 2107 in
424 2073 585 2108 secundo
618 2073 713 2108 libro
740 2071 955 2117 indagaffit,
988 2071 1055 2105 ubi
1080 2071 1244 2105 breuiter
1270 2073 1313 2115 (c.
1332 2074 1386 2112 18,
1402 2072 1435 2115 6)
1462 2070 1494 2104 is
1520 2070 1682 2113 reicitur,

144 2128 208 2172 qui
234 2139 300 2172 pro
326 2127 365 2161 T.
387 2127 516 2161 Larcio
537 2127 599 2162 M?
619 2127 821 2169 Valerium,
848 2125 963 2160 Marci
992 2125 1120 2167 filium,
1147 2123 1273 2159 Volesi
1293 2124 1479 2167 nepotem,
1507 2123 1569 2167 qui
1588 2134 1681 2157 non*

144 2181 231 2215 dum
259 2180 387 2215 consul
412 2180 557 2224 fuisset,
584 2180 745 2224 primum
773 2179 997 2214 dictatorem
1024 2178 1138 2212 fuisse
1158 2177 1376 2222 prodiderit.
1416 2188 1575 2220 quocum
1596 2188 1680 2211 auc-

143 2236 223 2268 tore
250 2234 487 2269 consentiunt
507 2233 638 2268 Festus
659 2246 693 2278 p.
712 2237 778 2267 198
807 2235 842 2267 et
862 2232 1026 2277 elogium
1047 2244 1081 2276 p.
1099 2235 1165 2265 189
1186 2230 1375 2265 Μο111111ε1.ἓ
1395 2230 1453 2274 (cf.
1476 2230 1681 2264 Mommsen

144 2298 175 2322 a.
192 2288 225 2321 h.
241 2287 291 2331 1.).
331 2299 352 2321 3
379 2287 603 2333 Schwegleri
631 2287 818 2321 sententia
845 2297 994 2321 exorsus
1020 2285 1173 2319 Nitzsch
1200 2285 1340 2319 Amal.
1362 2296 1395 2328 p.
1413 2288 1455 2317 55
1470 2295 1520 2327 sq.
1545 2286 1585 2317 81
1601 2295 1680 2327 sqq.

143 2344 186 2375 86
201 2353 277 2385 sqq.
306 2340 391 2374 libri
421 2340 572 2375 secundi
607 2352 686 2385 cap.
709 2344 848 2374 22—29
883 2341 920 2373 et
947 2349 975 2373 c.
998 2341 1126 2380 51—3‚
1148 2343 1168 2372 4
1202 2349 1246 2372 ex
1278 2337 1358 2381 ipso
1385 2336 1552 2379 Valerio,
1584 2349 1613 2371 c.
1636 2341 1680 2371 29

142 2398 234 2428 —32
257 2396 303 2438 (p.
327 2398 384 2438 63)
410 2404 477 2437 per
503 2394 682 2428 Licinium
706 2394 872 2428 Macrum
900 2405 942 2427 ex
971 2404 1012 2427 eo
1040 2391 1189 2426 fluxisse
1217 2391 1372 2425 censuit.
1408 2390 1484 2425 uid.
1506 2391 1682 2425 Muenzer

145 2459 179 2492 p.
196 2451 240 2481 ⁵23
253 2459 332 2491 sqq.
361 2449 398 2482 et
424 2448 508 2481 adn.
537 2458 611 2491 seq.

240 2503 272 2544 3)
302 2501 378 2535 Hoc
399 2501 473 2534 iam
494 2501 684 2545 perspexit
703 2500 873 2534 Niebuhr
893 2500 930 2533 in
950 2499 1154 2544 praelect.1
1175 2510 1208 2542 p.
1227 2502 1282 2532 32.
1316 2497 1369 2530 Ι)8
1390 2497 1495 2531 libris
1515 2498 1545 2531 ΙΙ
1566 2500 1602 2531 et
1622 2498 1679 2539 ΙΙΙ,

144 2554 189 2589 de
216 2554 348 2598 quibus
376 2554 545 2598 pluribus
573 2555 652 2598 egit
675 2554 718 2588 K.
734 2554 791 2587 W.
807 2553 959 2587 Nitzsch
988 2553 1125 2587 Amal.
1147 2563 1181 2595 p.
1201 2554 1374 2590 11—188,
1402 2550 1435 2584 ei
1459 2562 1532 2584 non
1554 2561 1678 2585 assen-

143 2608 226 2650 tior,
253 2608 351 2652 quod
379 2618 471 2650 quas
499 2619 608 2652 saepe
635 2606 814 2641 habemus
842 2607 942 2651 apud
963 2606 1110 2640 Liuium
1131 2603 1427 2648 Dionysiumque
1447 2605 1678 2638 narrationes

144 2671 187 2694 ex
219 2660 362 2694 duobus
402 2660 615 2695 auctoribus
649 2660 941 2701 contaminatas,
980 2670 1041 2693 eas
1078 2670 1100 2692 a
1131 2657 1274 2691 Licinio
1311 2657 1434 2690 Macro
1475 2657 1679 2691 secundum

145 2713 333 2748 Valerium
354 2714 556 2756 Antiatem,
583 2714 799 2758 primarium
822 2715 1022 2755 auctorem,
1044 2714 1080 2745 et
1101 2710 1216 2745 alium
1236 2712 1425 2744 auctorem
1445 2711 1553 2745 nobis
1574 2711 1678 2755 igno-

144 2769 223 2801 tum
256 2767 481 2810 compositas
508 2778 586 2801 esse
613 2770 648 2801 et
674 2767 712 2801 in
738 2766 812 2800 illis
840 2766 917 2801 solo
938 2766 1079 2800 Licinio
1107 2764 1253 2797 Liuium
1274 2762 1567 2808 Dionysiumque
1593 2774 1677 2797 usos

144 2831 222 2854 esse
249 2819 369 2853 uideri
396 2820 537 2854 statuit.
577 2820 651 2854 uid.
678 2820 785 2854 infra.

1283 2877 1392 2910 XXI*
