2002 3342
312 202 454 232 cl,x1v
648 188 711 222 DE
739 188 1046 223 SCRIPTORVM
1072 187 1194 222 VITIS
1220 188 1281 222 ET
1309 186 1515 222 SCRIPTIS

309 305 506 350 tamquam
529 301 569 337 in
590 311 689 349 aqua
708 300 836 350 posita
857 300 1030 349 intuens,
1056 298 1253 350 probabis,
1281 298 1384 349 quod
1404 297 1554 337 Krause
1576 294 1632 351 (p.
1648 297 1715 338 97.
1740 296 1841 344 113‘)

309 370 348 403 et
374 364 475 402 Roth
504 361 557 414 (p.
580 360 686 416 280)
715 369 898 414 quartum
925 365 1123 415 originum
1150 363 1295 402 librum
1322 363 1512 414 peculiari
1538 363 1759 403 Poenorum
1786 365 1843 402 hi-

309 430 452 467 storiae
474 429 732 479 inscriptione
754 429 985 479 insignitum
1007 441 1093 467 esse
1110 434 1364 467 censuerunt.
1376 425 1406 481 ¹)
1434 429 1565 479 itaque
1581 434 1688 468 recte
1702 429 1843 468 Iordan

309 495 405 533 haec
439 495 590 532 somnia
625 493 789 532 disiecit.
834 495 965 532 minus
998 499 1146 544 tamen,
1178 506 1267 532 cum
1302 506 1512 533 numerum
1545 496 1844 545 transposuerit,

308 559 404 597 mihi
437 558 567 610 placet
593 558 695 609 quod
728 559 813 610 ipse
848 560 1032 597 coniecit:
1065 557 1182 598 ‘Cato
1210 557 1431 608 oriyz'num]
1460 558 1546 597 1111:
1582 558 1844 609 [Po]enorum

309 622 486 662 suss'etes'
517 621 571 676 (p.
594 620 742 677 88‚3),
769 635 842 662 nec
870 623 1187 662 Gutschmidium
1214 623 1342 662 locum
1370 636 1529 662 sanasse
1555 629 1668 674 puto,
1703 626 1770 675 qui
1797 621 1845 677 (V

309 702 343 740 p.
359 687 445 727 523
469 687 729 739 ‘P0]en0rum
749 688 807 727 illi
828 687 1052 739 sus[fetes]⁷
1076 690 1246 739 scripsit,
1268 701 1312 727 eo
1335 688 1434 726 libro
1456 686 1612 742 (quarto
1627 686 1844 742 originum)

309 754 528 793 Poenorum
569 755 742 804 origines
779 756 975 805 expositas
1012 766 1099 793 esse
1137 753 1359 792 arbitratus.
1404 754 1469 792 hic
1505 753 1614 792 locus
1649 753 1844 806 Oedipum

309 832 425 858 suum
453 819 580 858 adhuc
607 825 818 870 exspectat.

399 884 590 923 Claudant
622 885 695 923 hoc
723 897 861 935 agmen
896 884 1018 923 uerba
1045 884 1236 936 quaedam
1264 883 1383 922 schol.
1405 884 1537 923 Venet.
1558 884 1664 922 Iliad.
1686 882 1724 935 9,
1740 882 1841 924 383:

309 948 367 996 ὡς
394 948 442 989 δὲ
464 948 623 988 Κάτων
651 948 828 1001 ἴστορα,
855 948 879 1001 ἡ
902 949 1143 996 Διόσπολις
1169 948 1194 1000 ἡ
1222 947 1385 1002 μεγάλη
1412 948 1497 1001 πρὸ
1524 953 1604 988 τοῦ
1624 948 1710 989 ὑπὸ
1732 950 1845 1001 Περ-

307 1020 400 1054 σῶν
426 1012 733 1066 ἀφανισθῆναι
761 1014 907 1067 κώμας
933 1013 1014 1066 μὲν
1040 1007 1125 1067 εἶχε
1152 1014 1412 1067 τρισμυρίας
1441 1012 1620 1066 [μυρίοις
1646 1014 1842 1065 Meineke]

307 1076 400 1139 Ιγλᾏ
422 1078 617 1132 ἀρούρας
637 1075 798 1131 (52:¹91sz
825 1078 1080 1131 ἀνθρώπων
1095 1075 1141 1119 δὲ
1162 1078 1380 1131 μυριάδας
1395 1076 1453 1129 ψ’,
1469 1075 1508 1131 ρ’
1523 1077 1571 1119 δὲ
1584 1082 1743 1127 πυλαῖς
1759 1079 1845 1120 ὄιε-

307 1151 526 1196 κοσμεῖτο,
554 1158 651 1196 quae
679 1147 773 1184 item
801 1145 873 1184 sub
896 1145 1053 1184 Catonis
1080 1147 1312 1184 auctoritate
1338 1145 1459 1184 habes
1481 1145 1583 1196 apud
1605 1146 1844 1196 Stephanum

308 1211 537 1262 Byzantium
561 1224 589 1249 s.
605 1224 642 1249 u.
658 1210 901 1257 Λιόσπολις
922 1224 957 1262 p.
975 1209 1060 1249 234
1080 1211 1196 1249 Mein.
1224 1210 1292 1249 sed
1313 1210 1471 1249 Catonis
1489 1223 1631 1249 nomen
1652 1211 1747 1249 ferri
1766 1223 1845 1249 non

309 1289 425 1327 posse
448 1289 583 1315 omnes
605 1278 868 1327 consentiunt,
898 1276 1138 1315 dissentiunt
1163 1277 1202 1314 in
1228 1275 1513 1314 emendatione.
1546 1281 1661 1326 atque
1681 1276 1845 1314 Iacobus

310 1341 469 1392 quidem
492 1341 664 1392 Bernays
693 1337 771 1395 (ap.
793 1341 999 1392 Wagener.
1027 1354 1063 1392 p.
1083 1337 1160 1395 45)
1184 1341 1428 1380 Manethonis
1456 1353 1598 1380 nomen
1625 1341 1844 1393 substituit3

308 1406 377 1445 sed
405 1408 521 1445 etiam
547 1408 711 1457 propius
738 1406 785 1445 ad
812 1406 1003 1445 librorum
1031 1408 1269 1457 scripturam
1297 1406 1449 1445 accedit
1474 1405 1578 1456 quod
1604 1405 1726 1445 Ebert
1751 1408 1844 1445 diss.

309 1473 389 1511 Sic.
411 1485 447 1523 p.
464 1469 520 1510 94
549 1473 719 1510 coniecit
738 1470 911 1519 Βάτων,
938 1471 1041 1523 apud
1062 1485 1178 1523 quem
1206 1473 1441 1522 scriptorem
1468 1470 1545 1510 τὸν
1570 1483 1844 1523 πραγματευ-

308 1534 447 1576 θέντα
472 1536 524 1576 τὰ
551 1536 752 1589 Περσικὰ
781 1533 927 1591 (Strah.
959 1535 1077 1587 12‚3‚
1097 1535 1147 1575 11
1177 1550 1213 1588 p.
1235 1533 1341 1590 546)
1376 1536 1441 1575 illa
1469 1536 1515 1575 de
1541 1536 1639 1574 urbe
1667 1550 1686 1575 a
1713 1536 1845 1575 Persis

308 1614 447 1641 euersa
476 1602 660 1641 facillime
688 1608 842 1641 exstare
869 1608 1094 1653 potuerunt.

405 1731 437 1772 1)
465 1728 567 1770 Quae
595 1728 736 1762 Krause
763 1730 911 1772 praeter
937 1729 1148 1773 fragmenta
1175 1739 1196 1762 a
1222 1728 1328 1762 nobis
1358 1730 1508 1772 recepta
1540 1727 1600 1761 hic
1627 1727 1767 1771 posuit,
1801 1738 1844 1761 ex

308 1781 478 1816 oratione
507 1782 551 1815 de
578 1781 677 1816 bello
699 1781 999 1827 Carthaginiensi
1027 1785 1175 1825 sumpta
1202 1783 1287 1815 sunt
1314 1781 1421 1826 (Iord.
1443 1794 1477 1825 p.
1494 1785 1549 1823 56,
1566 1783 1658 1825 1‚·2)‚
1686 1780 1724 1814 id
1745 1780 1844 1824 quod

309 1847 382 1869 uno
410 1835 491 1869 loco
519 1835 654 1870 diserte
681 1835 871 1870 adiectum
899 1837 965 1875 est,
993 1835 1110 1870 altero
1138 1835 1396 1880 significatum.
