2002 3342
681 203 706 236 L
741 202 930 238 CASSIVS
960 204 1153 239 HEMINA
1528 220 1684 249 CLXVH

152 313 222 352 alia
251 326 296 351 ex
324 313 456 352 Cassio
484 313 643 352 uidetur
669 320 868 353 mutuatus
895 327 981 353 esse
1009 315 1108 367 (uid.
1131 317 1231 354 infra
1255 329 1289 367 p.
1314 326 1473 356 CLXXII
1489 316 1577 369 sq).
1615 318 1683 356 sed

151 380 267 417 etiam
290 378 363 416 alio
386 379 429 416 l'r.
445 376 511 431 (8)
533 378 578 417 ad
601 378 788 418 Graecam
811 381 1082 418 auctoritatem
1106 381 1298 420 ducimur.
1333 381 1386 420 ibi
1409 384 1513 420 enim
1536 382 1684 421 Gellius

151 450 405 482 centenorum
425 456 709 494 sexagenorum
731 456 923 483 annorum
939 446 1064 495 spatio
1081 445 1239 484 Homeri
1256 446 1495 498 Hesiodique
1518 453 1684 486 aetatem

152 522 170 547 a
198 509 297 547 bello
318 509 486 547 Troiano
514 515 551 547 et
578 522 596 547 a
625 509 779 547 condita
808 509 927 547 Roma
957 509 1102 548 distare
1130 510 1314 562 illamque
1343 514 1534 550 rationem
1563 514 1683 552 fuisse

151 575 285 624 Cassii,
314 574 411 612 hanc
440 574 609 612 Cornelii
632 573 791 625 Nepotis
820 571 988 628 docetl).
1023 575 1111 625 plus
1132 582 1289 614 centum
1318 578 1438 627 igitur
1458 579 1569 616 annis
1597 584 1684 617 ante

151 640 334 677 Catonem
356 639 494 677 urbem
517 639 712 677 conditam
735 652 821 677 esse
849 639 913 677 ille
936 647 1243 691 computauerat,
1271 654 1398 692 neque
1426 643 1498 680 hoc
1527 644 1684 682 mirabi-

150 717 239 743 mur
256 704 495 743 Graecorum
514 704 560 743 de
579 717 621 742 ea
642 717 683 743 re
702 706 906 755 opiniones
925 705 1113 756 quasdam
1133 707 1250 744 etiam
1269 707 1369 745 ultra
1390 707 1536 746 bellum
1551 708 1684 747 Troia-

151 782 243 808 num
280 769 505 808 ascendisse
544 769 859 820 considerantes,
899 769 1041 808 multas
1078 783 1203 822 usque
1238 771 1284 809 ad
1318 778 1499 823 nepotem
1533 775 1684 813 Aeneae

151 834 393 887 (Schwegler
419 835 433 873 Ι
460 832 547 873 400
563 831 685 889 sqq),
725 841 840 886 atque
881 837 999 874 etiam
1040 836 1267 874 Sallustium
1301 837 1431 888 (Catil.
1454 836 1491 888 6,
1524 834 1565 891 1)
1600 841 1684 877 eius

150 902 342 949 originem
364 900 410 938 ab
427 903 555 938 Aenea
578 902 769 951 repetisse
789 896 899 953 (eum
922 900 1047 938 solum
1071 900 1117 939 de
1133 899 1350 953 Romanis).
1379 903 1495 940 etiam
1513 902 1685 943 Naeuius

151 972 187 1004 et
214 965 363 1004 Ennius
390 965 527 1004 urbem
556 979 575 1003 3
602 972 744 1016 nepote
766 966 917 1004 Aeneae
946 965 1141 1004 conditam
1171 979 1257 1005 esse
1286 968 1528 1018 scripserant
1554 964 1684 1021 (Seru.

150 1031 197 1069 ad
230 1032 321 1069 Aen.
347 1030 382 1081 1,
403 1029 500 1069 273.
535 1028 573 1081 6,
597 1028 712 1083 777).
759 1036 909 1069 tantum
946 1036 1038 1069 tunc
1076 1044 1142 1070 eae
1177 1033 1348 1070 rationes
1382 1033 1685 1073 ssuctuauerunt.

238 1096 368 1134 Altero
390 1096 490 1134 libro
505 1108 609 1134 nunc
626 1096 794 1146 Catonis,
815 1103 857 1134 ut
877 1096 1036 1134 uidetur
1057 1094 1121 1141 (fr.
1139 1094 1226 1149 20),
1248 1103 1470 1148 temporum
1493 1100 1685 1137 rationem

150 1167 309 1199 secutus
336 1160 489 1199 Romuli
517 1161 708 1212 Remique
736 1173 799 1200 res
830 1163 1029 1212 pertexuit
1056 1157 1122 1215 (fr.
1148 1159 1220 1213 11)
1249 1168 1287 1201 et
1319 1164 1526 1202 minimum
1561 1176 1685 1215 usque

150 1227 197 1265 ad
229 1226 368 1265 urbem
403 1240 422 1265 a
457 1226 577 1265 Gallis
611 1231 883 1277 recuperatam
917 1233 1000 1277 aut,
1035 1228 1067 1265 si
1101 1233 1207 1266 recte
1241 1227 1287 1266 de
1316 1228 1361 1266 sr.
1383 1227 1435 1267 21
1472 1228 1686 1268 iudicatum

151 1298 220 1343 est,
240 1304 365 1342 usque
387 1291 434 1330 ad
456 1304 487 1330 3.
504 1289 601 1332 250.
616 1290 704 1330 474
725 1293 919 1342 peruenit.
947 1304 1132 1342 magnum
1154 1294 1275 1343 igitur
1295 1306 1486 1332 annorum
1504 1297 1685 1345 spatium,

151 1357 254 1408 quod
282 1357 417 1396 Liuius
443 1358 508 1395 uix
539 1357 685 1405 decem,
714 1357 873 1395 Cassius
899 1357 972 1395 hoc
1000 1370 1076 1395 uno
1104 1357 1204 1396 libro
1226 1364 1285 1396 est
1306 1359 1545 1410 complexus>
1572 1366 1626 1411 ut,
1653 1362 1686 1399 si

151 1422 308 1474 quidem
342 1428 471 1461 cetera
505 1435 582 1461 non
616 1424 746 1461 minus
780 1428 960 1461 accurate
994 1424 1227 1474 perscripsit
1253 1436 1368 1474 quam
1396 1423 1545 1463 Numae
1576 1426 1686 1464 insti-

151 1494 231 1526 tuta
266 1485 330 1541 (fr.
358 1484 520 1541 1213)
555 1493 620 1526 aut
652 1487 840 1526 Dorsonis
873 1488 1019 1526 factum
1054 1485 1117 1541 (fr.
1143 1484 1233 1541 19),
1268 1488 1483 1527 latissimus
1517 1489 1686 1529 ambitus

151 1555 235 1592 eius
262 1553 353 1591 libri
381 1554 511 1591 suerit.

241 1618 346 1663 Quae
375 1631 419 1657 ex
447 1619 563 1656 tertio
591 1617 691 1656 libro
719 1624 873 1656 seruata
902 1625 1010 1668 sunt,
1043 1630 1120 1656 non
1154 1626 1320 1669 possunt
1354 1621 1495 1658 referri
1529 1620 1575 1660 ad
1603 1634 1686 1660 cer-

152 1690 229 1723 tam
263 1684 431 1734 aliquam
466 1696 565 1734 rem,
605 1683 674 1722 sed
709 1690 837 1722 tamen
871 1685 1103 1734 peruenisse
1144 1697 1232 1722 eum
1274 1698 1399 1736 usque
1440 1685 1486 1724 ad
1530 1687 1686 1725 initium

151 1749 313 1788 alterius
339 1748 432 1787 belli
459 1748 595 1787 Punici
624 1761 669 1787 ex
698 1750 955 1799 inscriptione
985 1750 1112 1800 quarti
1140 1749 1231 1788 libri
1259 1749 1465 1802 discimus,
1499 1753 1566 1802 qui
1596 1752 1686 1790 huic

151 1814 252 1853 bello
280 1814 491 1853 attributus
519 1819 612 1852 erat.
651 1814 813 1864 reliquis
841 1814 953 1853 libris
982 1810 1096 1868 (quot
1122 1815 1235 1854 libris
1262 1813 1478 1869 incertum)
1506 1829 1550 1855 ex
1578 1829 1686 1855 more

151 1880 430 1919 historicorum
458 1879 614 1918 illorum
642 1892 705 1918 res
732 1892 857 1930 usque
885 1879 931 1918 ad
959 1892 1068 1918 suam
1103 1886 1288 1930 aetatem,
1322 1883 1528 1920 minimum
1561 1895 1686 1933 usque

152 1945 198 1983 ad
226 1958 257 1983 a.
283 1943 376 1983 146.
399 1942 483 1983 (308
512 1952 744 1996 persecutus
772 1951 843 1983 est.

241 2010 375 2061 Neque
403 2017 532 2049 tamen
557 2011 716 2049 Cassius
744 2010 844 2049 solas
873 2023 935 2049 res
963 2017 1093 2061 gestas
1119 2013 1334 2050 memoriae
1362 2012 1568 2051 mandasse
1596 2025 1686 2051 con-

151 2082 283 2114 tentus
311 2076 394 2125 fuit,
422 2076 490 2114 sed
512 2078 628 2114 etiam
650 2088 789 2126 magna
811 2089 900 2114 cum
923 2078 1151 2115 curiositate
1174 2089 1305 2115 rerum
1329 2077 1555 2116 diuinarum
1576 2090 1687 2129 prae-

152 2143 306 2192 cipuam
341 2142 532 2179 rationem
565 2141 701 2179 habuit
731 2143 770 2179 in
800 2141 961 2179 deorum
989 2141 1254 2180 Romanorum
1283 2143 1455 2192 origines
1482 2144 1687 2193 inquirens

153 2204 217 2259 (fr.
243 2205 282 2245 4.
310 2205 347 2244 6.
378 2205 413 2244 7.
441 2203 536 2257 20),
568 2206 752 2257 idemque
788 2206 834 2245 de
868 2206 955 2244 aliis
988 2206 1123 2258 populi
1148 2206 1315 2245 Romani
1342 2208 1534 2245 institutis
1570 2213 1613 2246 ut
1641 2207 1686 2247 de

153 2272 339 2312 nundinis
361 2269 455 2324 (1-1)
482 2277 521 2310 et
542 2271 587 2310 de
609 2271 905 2310 intercalatione
928 2267 1023 2324 (18)
1053 2273 1132 2321 egit
1153 2277 1267 2322 atque
1291 2273 1408 2310 etiam
1431 2272 1590 2311 Homeri
1612 2273 1686 2312 He-

151 2337 328 2387 siodique
356 2338 595 2375 mentionem
623 2336 741 2375 rebus
762 2336 947 2375 Romanis
968 2337 1159 2387 inspersit
1186 2334 1264 2389 (S).
1304 2349 1377 2376 nec
1404 2339 1562 2376 nomina
1584 2338 1688 2377 deri—

151 2402 270 2441 uandi
297 2401 426 2440 studio
454 2401 659 2452 abstinuit,
700 2414 934 2453 quamquam
962 2402 1065 2452 quod
1092 2403 1262 2440 Ariciam
1290 2402 1336 2441 ab
1363 2403 1596 2442 Archilocho
1623 2404 1688 2443 uel

151 2467 290 2505 Archia
320 2462 384 2520 (fr.
407 2466 450 2516 ἱ),
484 2468 798 2506 Crustumerium
833 2479 852 2505 3
887 2466 1144 2518 Clytemestra
1172 2464 1257 2519 (3),
1291 2468 1377 2506 sana
1413 2481 1431 2506 a
1460 2468 1591 2507 Fauno
1620 2465 1685 2523 (4)

154 2531 331 2583 deduxit,
369 2533 464 2570 satis
498 2532 710 2571 infeliciter
741 2535 898 2584 ingenio
927 2546 996 2571 suo
1031 2532 1209 2583 indulsit,
1244 2532 1400 2571 Catonis
1428 2536 1612 2585 uestigia,
1645 2541 1688 2573 ut

248 2654 281 2697 1)
309 2652 394 2686 Sola
420 2652 518 2687 enim
545 2653 659 2686 uerba
685 2655 795 2688 (minis
818 2654 904 2697 plus
930 2658 1069 2688 centum
1096 2658 1202 2697 atque
1227 2655 1421 2699 seoeayinta
1451 2659 1532 2698 post
1558 2655 1687 2689 bellum

155 2707 353 2741 Troianum
387 2706 588 2740 Homerum
625 2709 662 2740 et
697 2706 900 2741 Hesiodum
935 2707 1071 2740 uixisse
1105 2706 1223 2741 Cassii
1257 2717 1334 2740 esse
1362 2707 1548 2741 uidentur.
1602 2710 1687 2742 ante

155 2759 306 2793 Romam
334 2759 522 2793 conditam
546 2759 673 2793 Siluiis
699 2759 944 2804 regnantibus
971 2771 1032 2793 eos
1054 2759 1190 2794 uixisse
1211 2759 1354 2794 Gellius
1376 2761 1420 2794 de
1443 2772 1507 2795 suo
1530 2761 1687 2803 addidit,

153 2822 272 2856 neque
305 2812 375 2846 erit
405 2823 555 2846 necesse
587 2813 740 2857 propter
773 2813 909 2847 Siluios
943 2824 1025 2847 cum
1052 2814 1279 2847 Mommseno
1312 2813 1474 2848 chronol.
1502 2826 1535 2857 p.
1560 2818 1625 2848 156
1653 2827 1688 2848 n.

155 2869 221 2899 ‘295
249 2865 293 2899 de
321 2865 394 2899 alio
422 2865 547 2900 Cassio
575 2867 753 2909 cogitare.
