2002 3342
303 192 385 233 146
936 194 1193 236 RELIQVIAE

299 301 505 356 θριάμβῳ
528 300 592 355 [Τ.
619 303 799 349 Quinctii
819 305 1040 344 Flaminini
1054 311 1149 355 post
1171 307 1397 356 Philippum
1424 305 1596 359 uictum]
1615 310 1829 360 κομισθῆ-

299 381 371 406 ναι
399 367 583 420 χρυσίου
605 363 685 420 μὲν
705 367 1120 422 συγκεχωνευμένου
1142 370 1290 422 λίτρας
1310 372 1552 424 τρισχιλίας
1571 369 1828 421 ἑπτακοσίας

300 431 543 484 δεκατρεῖς,
583 430 798 485 ἀργυρίου
838 430 885 473 δὲ
924 435 1287 487 τετρακισμυρίας
1325 438 1566 489 τρισχιλίας
1604 436 1829 485 διακοσίας

300 494 618 549 ἑβδομήκοντα,
646 499 929 550 φιλιππειόυς
956 498 1004 539 δὲ
1030 505 1224 552 χρυσοῦς
1249 500 1436 552 μυρίους
1459 503 1828 555 τετρακισχιλίους

296 562 614 610 πεντακοσίους
641 561 979 616 δεκατέσσαρας,
1006 562 1138 617 χωρὶς
1164 561 1209 604 δὲ
1237 564 1407 605 τούτων
1426 565 1478 605 τὰ
1497 567 1615 618 χίλια
1637 565 1827 607 τάλαντα

301 627 518 675 Φίλιππος
544 627 744 680 ὤφειλεν.

664 756 743 797 ΕΧ
776 756 1242 800 MAGISTRATVVM
1275 758 1463 800 LIBRIS

892 855 963 892 EX
988 854 1147 893 LIBRO
1174 856 1235 894 III

388 937 430 980 7.
464 942 648 981 Macrob.
675 948 750 981 sat.
775 943 813 991 1,
835 943 902 994 13,
923 943 991 981 21.
1025 942 1187 988 Quando
1212 950 1342 983 autem
1363 946 1534 996 primum
1556 945 1828 984 intercalatum

296 1007 363 1056 sit,
390 1007 500 1045 uarie
528 1008 709 1047 refertur.
743 1030 798 1034 ——
833 1007 1051 1047 Tuditanus
1084 1009 1205 1047 refert
1236 1008 1336 1048 libro
1370 1011 1488 1048 tertio
1515 1012 1828 1061 magistratuum,

295 1072 431 1110 decem
457 1073 584 1123 uiros,
618 1075 686 1123 qui
720 1072 855 1112 decem
888 1073 1032 1112 tabulis
1067 1073 1162 1113 duas
1195 1074 1447 1126 addiderunt,
1482 1074 1527 1114 de
1560 1075 1827 1114 intercalando

293 1136 480 1188 populum
509 1150 678 1188 rogasse.

870 1253 940 1289 EX
966 1252 1125 1290 LIBRO
1152 1253 1249 1290 XIII

382 1335 426 1378 8.
460 1340 527 1378 Ex
553 1341 657 1378 libro
686 1341 740 1379 M.
763 1341 983 1380 Messallae
1009 1344 1183 1390 auyuris
1209 1343 1259 1380 de
1279 1344 1475 1391 auspiciis
1484 1345 1622 1390 primo
1643 1354 1705 1391 ap.
1732 1342 1825 1381 Gell.

290 1417 327 1442 ιι.
351 1406 397 1443 Α.
426 1405 493 1453 13,
510 1405 583 1457 15,
604 1406 642 1443 4.
675 1405 838 1444 Praetor
864 1407 939 1444 etsi
965 1405 1125 1457 conlega
1153 1405 1326 1445 consulis
1354 1411 1424 1457 est,
1450 1418 1578 1458 neque
1604 1412 1825 1457 praetorem

290 1536 493 1580 Postquam
513 1537 669 1572 Romam
684 1540 835 1572 ventum
855 1539 922 1580 est,
939 1540 1090 1572 senatus
1105 1540 1208 1572 extra
1222 1538 1352 1572 urbem
1368 1537 1541 1580 Quinctio
1562 1538 1609 1572 ad
1623 1548 1681 1572 res
1701 1540 1826 1583 gestas

291 1584 549 1618 edisserendas
583 1585 692 1618 datus
719 1587 792 1627 est,
825 1585 1110 1630 triumphusque
1142 1585 1296 1620 meritus
1324 1585 1370 1619 ab
1397 1585 1612 1620 lubentibus
1645 1586 1823 1620 decretus.

289 1631 457 1666 triduum
478 1631 739 1676 triumphauit.
781 1632 840 1666 die
861 1633 981 1677 primo
1002 1644 1105 1667 arma
1125 1633 1199 1667 tela
1219 1633 1401 1678 signaque
1427 1644 1537 1667 aerea
1563 1635 1600 1667 et
1619 1643 1826 1667 marmorea

290 1679 498 1720 transtulit,
525 1679 635 1724 plura
660 1679 834 1724 Philippo
862 1680 1039 1725 adempta
1065 1692 1176 1724 qnam
1204 1691 1298 1724 quae
1331 1691 1374 1715 ex
1401 1680 1620 1715 ciuitatibus
1657 1682 1824 1725 ceperat;

291 1727 451 1761 secundo
480 1738 608 1761 aurum
637 1730 907 1773 argentumque
935 1728 1075 1762 factum
1102 1728 1355 1771 infectumque
1382 1729 1419 1762 et
1449 1728 1647 1772 signatum.
1694 1727 1824 1763 infecti

289 1774 437 1819 argenti
463 1774 536 1808 fuit
563 1775 689 1809 decem
717 1778 754 1809 et
780 1776 861 1809 octo
894 1775 999 1810 milia
1030 1776 1154 1820 pondo
1187 1778 1223 1810 et
1249 1776 1409 1810 ducenta
1441 1775 1700 1820 septuaginta,
1734 1775 1824 1832 &cti

288 1833 380 1855 uasa
407 1821 526 1856 multa
552 1822 671 1856 omnis
698 1822 863 1867 generis,
891 1823 1037 1858 caelata
1063 1823 1253 1867 pleraque,
1281 1823 1463 1866 quaedam
1486 1823 1643 1857 eximiae
1663 1822 1762 1864 artis,
1787 1824 1825 1857 et

289 1880 332 1903 ex
359 1880 444 1904 aere
470 1869 587 1903 multa
613 1870 830 1904 fabrefacta.
872 1870 919 1904 ad
950 1870 1021 1904 hoc
1054 1870 1187 1914 clupea
1213 1872 1392 1915 argentea
1423 1871 1562 1904 decem.
1601 1870 1740 1915 signati
1767 1882 1824 1904 ar-

288 1917 392 1961 genti
413 1917 606 1961 octoginta
627 1919 806 1961 quattuor
825 1917 931 1951 milia
950 1918 1053 1952 fuere
1073 1918 1282 1952 Atticorum
1303 1918 1524 1962 (tetrachma
1544 1919 1692 1959 uocant,
1710 1917 1822 1951 trium

290 1975 378 1998 uere
405 1964 641 1999 denariorum
670 1965 708 1998 in
735 1965 894 2010 singulis
927 1965 1072 2010 argenti
1099 1967 1155 1999 est
1180 1965 1351 2010 pondus)
1391 1965 1471 1998 auri
1503 1965 1627 2010 pondo
1653 1965 1723 1999 fuit
1750 1965 1822 1999 tria

288 2011 393 2046 milia
419 2012 659 2065 septingenta
684 2012 1003 2056 quattuordecim,
1036 2014 1074 2047 et
1099 2012 1260 2057 clipeum
1287 2024 1402 2046 unum
1428 2023 1473 2046 ex
1499 2023 1587 2046 auro
1614 2014 1751 2054 totum
1785 2014 1823 2046 et

288 2059 478 2104 Philippei
510 2060 653 2094 nummi
686 2060 787 2094 aurei
820 2060 1121 2104 quattuordecim
1154 2059 1258 2094 milia
1285 2060 1481 2104 quingenti
1512 2059 1821 2104 quattuordecim.

287 2107 398 2141 tertio
426 2107 486 2141 die
513 2117 670 2142 coronae
696 2118 847 2152 aureae,
882 2108 979 2142 dona
1006 2107 1235 2151 ciuitatium,
1268 2107 1425 2141 tralatae
1452 2109 1601 2142 eentum
1629 2109 1820 2151 quattuor-

288 2154 428 2197 decim3
462 2156 499 2189 et
529 2155 675 2189 hostiae
710 2156 862 2198 ductae,
896 2157 932 2189 et
958 2157 1044 2190 ante
1077 2167 1222 2189 currum
1248 2154 1357 2189 multi
1388 2154 1532 2189 nobiles
1560 2155 1698 2200 captiui
1725 2154 1821 2189 obsi-

287 2202 445 2246 desque,
472 2202 570 2236 inter
596 2213 687 2246 quos
714 2202 926 2238 Demetrius
952 2203 1050 2248 regis
1077 2202 1245 2247 Philippi
1271 2202 1367 2236 filius
1394 2202 1465 2236 fuit
1491 2204 1529 2236 et
1551 2203 1728 2236 Armenes
1747 2201 1821 2236 Na-

285 2249 384 2283 bidis
416 2250 568 2294 tyranni
600 2249 717 2292 filius,
750 2250 1077 2285 Lacedaemonius.
1118 2251 1198 2295 ipse
1231 2250 1366 2284 deinde
1393 2249 1588 2291 Quinctius
1620 2250 1659 2283 in
1690 2249 1819 2283 urbem

286 2299 343 2331 est
374 2297 555 2332 inuectus.
608 2298 726 2332 secuti
760 2309 907 2332 currum
939 2297 1077 2332 milites
1116 2298 1329 2341 frequentes
1367 2299 1410 2331 ut
1448 2297 1611 2332 exercitu
1643 2297 1743 2331 omni
1777 2307 1819 2331 ex

285 2344 479 2389 prouincia
511 2345 719 2390 deportato.
763 2345 822 2380 his
855 2345 989 2379 duceni
1022 2345 1278 2390 quinquageni
1318 2345 1412 2379 aeris
1445 2344 1483 2378 in
1515 2344 1660 2389 pedites
1693 2344 1818 2387 diuisi,

286 2391 423 2436 duplex
450 2393 674 2435 centurioni,
702 2393 838 2438 triplex
865 2393 990 2436 equiti.
1030 2392 1284 2437 praebuerunt
1310 2392 1469 2436 speciem
1496 2392 1685 2436 triumpho
1719 2392 1818 2436 eapi-

285 2439 384 2473 tibus
410 2440 503 2474 rasis
531 2440 666 2480 secuti,
694 2441 758 2484 qui
785 2441 964 2475 seruitute
992 2441 1154 2484 exempti
1182 2441 1341 2474 fuerant.

383 2487 416 2522 7.
446 2487 499 2530 Cf.
530 2488 626 2523 Cass.
654 2489 700 2531 fr.
723 2491 770 2523 18
796 2489 917 2524 Licin.
941 2491 963 2522 4
989 2489 1132 2523 Antiat.
1154 2491 1186 2522 5.

381 2534 418 2569 S.
447 2535 503 2578 Cf.
525 2536 596 2570 Cic.
619 2536 668 2570 ad
688 2537 763 2570 Att.
785 2539 820 2578 9,
841 2538 874 2578 9,
895 2538 936 2571 3;
962 2535 1037 2570 Nos
1065 2537 1190 2570 autem
1217 2535 1255 2568 in
1281 2534 1386 2569 libris
1406 2533 1587 2568 habemus
1614 2545 1687 2568 non
1707 2534 1816 2569 modo

285 2581 453 2616 consules
481 2593 502 2615 a
528 2584 696 2627 praetore
725 2584 789 2617 sed
815 2594 860 2618 ne
885 2584 1076 2627 praetores
1103 2583 1253 2626 quidem
1281 2582 1397 2616 creari
1417 2581 1474 2615 ius
1496 2592 1584 2624 esse,
1606 2581 1718 2625 idque
1738 2581 1816 2616 sac-

378 2711 397 2744 1
428 2709 681 2757 κοσμηθῆναι
707 2708 844 2745 Pam)
962 2709 984 2744 2
1013 2706 1221 2757 τρισχιλίας
1246 2718 1317 2743 om.
1338 2706 1475 2743 PatP
1593 2707 1616 2743 5
1645 2703 1688 2750 ἃ,
1715 2706 1816 2752 quod

284 2766 387 2812 παῖς.
416 2767 549 2803 inserit
567 2769 658 2813 post
682 2766 861 2817 τάλαντα,
887 2778 956 2805 om.
979 2767 1136 2805 Monac.
1159 2766 1318 2804 Vindob.

377 2843 419 2898 7,
448 2850 471 2885 S
499 2843 721 2886 tutidianus
747 2850 840 2888 Par.
871 2839 1094 2887 tutidlanus
1120 2849 1260 2886 Bamb.
1287 2849 1334 2896 cf.
1355 2859 1493 2895 appar.
1515 2848 1566 2884 ad
1584 2848 1633 2894 fr.
1654 2849 1683 2884 2

1847 583 1864 608 5

1853 1155 1887 1180 10

1992 2671 2002 3012 ;.-.-,.2-2.—-*...-.—-..-42;..<⁴—:-
1994 2623 1995 2626 „
1993 2598 1994 2611 Η
1993 2578 1994 2586 ⁴
