<?xml version="1.0" encoding="UTF-8"?>
<!DOCTYPE html PUBLIC "-//W3C//DTD XHTML 1.0 Transitional//EN"
    "http://www.w3.org/TR/xhtml1/DTD/xhtml1-transitional.dtd">
<html xmlns="http://www.w3.org/1999/xhtml" xml:lang="en" lang="en">
 <head>
  <title>
</title>
<meta http-equiv="Content-Type" content="text/html;charset=utf-8" />
  <meta name='ocr-system' content='tesseract 3.04.00' />
  <meta name='ocr-capabilities' content='ocr_page ocr_carea ocr_par ocr_line ocrx_word'/>
</head>
<body>
  <div class='ocr_page' id='page_1' title='image "./historicorumroma01peteuoft_0130.png"; bbox 0 0 2002 3342; ppageno 0'>
   <div class='ocr_carea' id='block_1_1' title="bbox 312 174 1511 218">
    <p class='ocr_par' dir='ltr' id='par_1_1' title="bbox 312 174 1511 218">
     <span class='ocr_line' id='line_1_1' title="bbox 312 174 1511 218; baseline -0.003 -6"><span class='ocrx_word' id='word_1_1' title='bbox 312 189 420 218; x_wconf 60' lang='lat' dir='ltr'>exn</span> <span class='ocrx_word' id='word_1_2' title='bbox 644 174 705 208; x_wconf 85' lang='lat' dir='ltr'>DE</span> <span class='ocrx_word' id='word_1_3' title='bbox 734 174 1040 209; x_wconf 75' lang='lat' dir='ltr'><strong>SCRIPTORVM</strong></span> <span class='ocrx_word' id='word_1_4' title='bbox 1066 174 1188 209; x_wconf 85' lang='lat' dir='ltr'>VITIS</span> <span class='ocrx_word' id='word_1_5' title='bbox 1216 175 1276 209; x_wconf 89' lang='lat' dir='ltr'>ET</span> <span class='ocrx_word' id='word_1_6' title='bbox 1304 174 1511 209; x_wconf 84' lang='lat' dir='ltr'><strong>SCRIPTIS</strong></span> 
     </span>
    </p>
   </div>
   <div class='ocr_carea' id='block_1_2' title="bbox 306 285 1845 2218">
    <p class='ocr_par' dir='ltr' id='par_1_2' title="bbox 307 285 1845 1184">
     <span class='ocr_line' id='line_1_2' title="bbox 314 285 1845 337; baseline 0.001 -13"><span class='ocrx_word' id='word_1_7' title='bbox 314 286 459 325; x_wconf 88' lang='lat' dir='ltr'>liberae</span> <span class='ocrx_word' id='word_1_8' title='bbox 501 288 557 325; x_wconf 90' lang='lat' dir='ltr'>rei</span> <span class='ocrx_word' id='word_1_9' title='bbox 596 285 775 337; x_wconf 87' lang='lat' dir='ltr'>publicae</span> <span class='ocrx_word' id='word_1_10' title='bbox 816 292 991 336; x_wconf 87' lang='lat' dir='ltr'>tempora</span> <span class='ocrx_word' id='word_1_11' title='bbox 1030 298 1107 324; x_wconf 90' lang='lat' dir='ltr'>non</span> <span class='ocrx_word' id='word_1_12' title='bbox 1143 291 1220 324; x_wconf 85' lang='lat' dir='ltr'>tam</span> <span class='ocrx_word' id='word_1_13' title='bbox 1260 286 1410 337; x_wconf 79' lang='lat' dir='ltr'>prolixe</span> <span class='ocrx_word' id='word_1_14' title='bbox 1452 288 1626 337; x_wconf 79' lang='lat' dir='ltr'>exposita</span> <span class='ocrx_word' id='word_1_15' title='bbox 1666 287 1845 337; x_wconf 79' lang='lat' dir='ltr'>fuissent,</span> 
     </span>
     <span class='ocr_line' id='line_1_3' title="bbox 313 348 1844 403; baseline 0.001 -14"><span class='ocrx_word' id='word_1_16' title='bbox 313 353 484 401; x_wconf 84' lang='lat' dir='ltr'>cogitare</span> <span class='ocrx_word' id='word_1_17' title='bbox 512 353 655 401; x_wconf 80' lang='lat' dir='ltr'>uetuit,</span> <span class='ocrx_word' id='word_1_18' title='bbox 688 357 727 389; x_wconf 87' lang='lat' dir='ltr'>ut</span> <span class='ocrx_word' id='word_1_19' title='bbox 757 351 853 389; x_wconf 88' lang='lat' dir='ltr'>nihil</span> <span class='ocrx_word' id='word_1_20' title='bbox 882 348 1106 403; x_wconf 80' lang='lat' dir='ltr'>mutaret.¹)</span> <span class='ocrx_word' id='word_1_21' title='bbox 1158 356 1195 389; x_wconf 86' lang='lat' dir='ltr'>at</span> <span class='ocrx_word' id='word_1_22' title='bbox 1221 352 1392 389; x_wconf 82' lang='lat' dir='ltr'>narratio</span> <span class='ocrx_word' id='word_1_23' title='bbox 1420 364 1511 390; x_wconf 90' lang='lat' dir='ltr'>cum</span> <span class='ocrx_word' id='word_1_24' title='bbox 1540 364 1582 390; x_wconf 91' lang='lat' dir='ltr'>ea</span> <span class='ocrx_word' id='word_1_25' title='bbox 1610 364 1708 402; x_wconf 86' lang='lat' dir='ltr'>quae</span> <span class='ocrx_word' id='word_1_26' title='bbox 1737 358 1844 390; x_wconf 87' lang='lat' dir='ltr'>ante·</span> 
     </span>
     <span class='ocr_line' id='line_1_4' title="bbox 310 415 1845 467; baseline 0 -12"><span class='ocrx_word' id='word_1_27' title='bbox 310 416 416 455; x_wconf 86' lang='lat' dir='ltr'>cedit</span> <span class='ocrx_word' id='word_1_28' title='bbox 449 422 669 467; x_wconf 82' lang='lat' dir='ltr'>comparata</span> <span class='ocrx_word' id='word_1_29' title='bbox 705 417 799 454; x_wconf 82' lang='lat' dir='ltr'>satis</span> <span class='ocrx_word' id='word_1_30' title='bbox 832 415 967 454; x_wconf 88' lang='lat' dir='ltr'>breuis</span> <span class='ocrx_word' id='word_1_31' title='bbox 1000 422 1115 467; x_wconf 86' lang='lat' dir='ltr'>atque</span> <span class='ocrx_word' id='word_1_32' title='bbox 1153 417 1308 454; x_wconf 82' lang='lat' dir='ltr'>concisa</span> <span class='ocrx_word' id='word_1_33' title='bbox 1342 421 1419 466; x_wconf 82' lang='lat' dir='ltr'>est,</span> <span class='ocrx_word' id='word_1_34' title='bbox 1452 416 1611 455; x_wconf 85' lang='lat' dir='ltr'>Cincius</span> <span class='ocrx_word' id='word_1_35' title='bbox 1644 422 1772 455; x_wconf 86' lang='lat' dir='ltr'>autem</span> <span class='ocrx_word' id='word_1_36' title='bbox 1807 423 1845 455; x_wconf 94' lang='lat' dir='ltr'>et</span> 
     </span>
     <span class='ocr_line' id='line_1_5' title="bbox 311 476 1844 535; baseline -0.001 -15"><span class='ocrx_word' id='word_1_37' title='bbox 311 480 350 532; x_wconf 80' lang='grc'>2,</span> <span class='ocrx_word' id='word_1_38' title='bbox 377 479 446 532; x_wconf 78' lang='grc'>38,</span> <span class='ocrx_word' id='word_1_39' title='bbox 467 479 493 520; x_wconf 83' lang='grc'><strong>3</strong></span> <span class='ocrx_word' id='word_1_40' title='bbox 527 487 565 520; x_wconf 88' lang='lat' dir='ltr'>et</span> <span class='ocrx_word' id='word_1_41' title='bbox 597 479 665 531; x_wconf 80' lang='lat'>39,</span> <span class='ocrx_word' id='word_1_42' title='bbox 687 479 712 519; x_wconf 78' lang='grc'>2</span> <span class='ocrx_word' id='word_1_43' title='bbox 747 494 836 520; x_wconf 83' lang='lat' dir='ltr'>cum</span> <span class='ocrx_word' id='word_1_44' title='bbox 864 479 1025 519; x_wconf 71' lang='lat' dir='ltr'>‘Fabio’</span> <span class='ocrx_word' id='word_1_45' title='bbox 1055 482 1302 519; x_wconf 83' lang='lat' dir='ltr'>consociatus</span> <span class='ocrx_word' id='word_1_46' title='bbox 1335 476 1401 533; x_wconf 73' lang='lat' dir='ltr'>(fr.</span> <span class='ocrx_word' id='word_1_47' title='bbox 1422 478 1468 535; x_wconf 74' lang='grc' dir='ltr'>ὃ)</span> <span class='ocrx_word' id='word_1_48' title='bbox 1503 494 1523 519; x_wconf 86' lang='grc'>3</span> <span class='ocrx_word' id='word_1_49' title='bbox 1556 481 1738 532; x_wconf 79' lang='lat' dir='ltr'>Dionysio</span> <span class='ocrx_word' id='word_1_50' title='bbox 1770 483 1844 520; x_wconf 87' lang='lat' dir='ltr'>hoc</span> 
     </span>
     <span class='ocr_line' id='line_1_6' title="bbox 310 542 1844 600; baseline 0.002 -16"><span class='ocrx_word' id='word_1_51' title='bbox 310 559 388 585; x_wconf 91' lang='lat' dir='ltr'>uno</span> <span class='ocrx_word' id='word_1_52' title='bbox 423 548 580 585; x_wconf 91' lang='lat' dir='ltr'>nomine</span> <span class='ocrx_word' id='word_1_53' title='bbox 608 546 827 597; x_wconf 89' lang='lat' dir='ltr'>appellatur</span> <span class='ocrx_word' id='word_1_54' title='bbox 858 552 896 585; x_wconf 86' lang='lat' dir='ltr'>et</span> <span class='ocrx_word' id='word_1_55' title='bbox 925 545 963 597; x_wconf 75' lang='lat'>2,</span> <span class='ocrx_word' id='word_1_56' title='bbox 993 544 1058 597; x_wconf 78' lang='lat'>79,</span> <span class='ocrx_word' id='word_1_57' title='bbox 1079 544 1107 584; x_wconf 81' lang='lat'>4</span> <span class='ocrx_word' id='word_1_58' title='bbox 1140 542 1205 599; x_wconf 76' lang='lat' dir='ltr'>(fr.</span> <span class='ocrx_word' id='word_1_59' title='bbox 1227 542 1273 600; x_wconf 71' lang='lat'>3)</span> <span class='ocrx_word' id='word_1_60' title='bbox 1309 546 1478 597; x_wconf 80' lang='lat' dir='ltr'>duobus,</span> <span class='ocrx_word' id='word_1_61' title='bbox 1510 548 1599 597; x_wconf 86' lang='lat' dir='ltr'>quia</span> <span class='ocrx_word' id='word_1_62' title='bbox 1633 549 1748 586; x_wconf 87' lang='lat' dir='ltr'>etiam</span> <span class='ocrx_word' id='word_1_63' title='bbox 1782 561 1844 587; x_wconf 85' lang='lat' dir='ltr'>ce-</span> 
     </span>
     <span class='ocr_line' id='line_1_7' title="bbox 309 611 1844 665; baseline 0.002 -16"><span class='ocrx_word' id='word_1_64' title='bbox 309 614 387 649; x_wconf 88' lang='lat' dir='ltr'>teri</span> <span class='ocrx_word' id='word_1_65' title='bbox 415 624 547 649; x_wconf 91' lang='lat' dir='ltr'>rerum</span> <span class='ocrx_word' id='word_1_66' title='bbox 575 613 790 662; x_wconf 78' lang='lat' dir='ltr'>scriptores</span> <span class='ocrx_word' id='word_1_67' title='bbox 817 611 1052 662; x_wconf 82' lang='lat' dir='ltr'>quibuscum</span> <span class='ocrx_word' id='word_1_68' title='bbox 1081 617 1337 650; x_wconf 87' lang='lat' dir='ltr'>enumeratur</span> <span class='ocrx_word' id='word_1_69' title='bbox 1356 617 1399 650; x_wconf 91' lang='lat' dir='ltr'>ut</span> <span class='ocrx_word' id='word_1_70' title='bbox 1419 613 1536 650; x_wconf 88' lang='lat' dir='ltr'>etiam</span> <span class='ocrx_word' id='word_1_71' title='bbox 1558 612 1661 651; x_wconf 89' lang='lat' dir='ltr'>idem</span> <span class='ocrx_word' id='word_1_72' title='bbox 1683 613 1844 665; x_wconf 87' lang='lat' dir='ltr'>Calpur-</span> 
     </span>
     <span class='ocr_line' id='line_1_8' title="bbox 310 676 1843 728; baseline 0.001 -13"><span class='ocrx_word' id='word_1_73' title='bbox 310 677 399 715; x_wconf 83' lang='lat' dir='ltr'>nius</span> <span class='ocrx_word' id='word_1_74' title='bbox 433 689 570 715; x_wconf 89' lang='lat' dir='ltr'>omnes</span> <span class='ocrx_word' id='word_1_75' title='bbox 603 676 706 715; x_wconf 88' lang='lat' dir='ltr'>binis</span> <span class='ocrx_word' id='word_1_76' title='bbox 740 676 964 715; x_wconf 88' lang='lat' dir='ltr'>nominibus</span> <span class='ocrx_word' id='word_1_77' title='bbox 1000 678 1127 715; x_wconf 90' lang='lat' dir='ltr'>ornati</span> <span class='ocrx_word' id='word_1_78' title='bbox 1161 682 1269 728; x_wconf 81' lang='lat' dir='ltr'>sunt3</span> <span class='ocrx_word' id='word_1_79' title='bbox 1306 676 1568 727; x_wconf 88' lang='lat' dir='ltr'>Kiesslingius</span> <span class='ocrx_word' id='word_1_80' title='bbox 1601 684 1729 717; x_wconf 86' lang='lat' dir='ltr'>autem</span> <span class='ocrx_word' id='word_1_81' title='bbox 1766 692 1843 717; x_wconf 89' lang='lat' dir='ltr'>non</span> 
     </span>
     <span class='ocr_line' id='line_1_9' title="bbox 309 741 1842 794; baseline 0.001 -14"><span class='ocrx_word' id='word_1_82' title='bbox 309 741 494 780; x_wconf 76' lang='lat' dir='ltr'>librarios</span> <span class='ocrx_word' id='word_1_83' title='bbox 529 741 597 780; x_wconf 89' lang='lat' dir='ltr'>sed</span> <span class='ocrx_word' id='word_1_84' title='bbox 631 743 931 793; x_wconf 82' lang='lat' dir='ltr'>epitomatorem</span> <span class='ocrx_word' id='word_1_85' title='bbox 964 743 1187 780; x_wconf 86' lang='lat' dir='ltr'>correxisse</span> <span class='ocrx_word' id='word_1_86' title='bbox 1219 742 1317 780; x_wconf 90' lang='lat' dir='ltr'>mihi</span> <span class='ocrx_word' id='word_1_87' title='bbox 1348 741 1525 792; x_wconf 84' lang='lat' dir='ltr'>uidetur,</span> <span class='ocrx_word' id='word_1_88' title='bbox 1562 755 1677 793; x_wconf 89' lang='lat' dir='ltr'>quem</span> <span class='ocrx_word' id='word_1_89' title='bbox 1703 756 1842 794; x_wconf 88' lang='lat' dir='ltr'>parum</span> 
     </span>
     <span class='ocr_line' id='line_1_10' title="bbox 309 806 1843 859; baseline 0.001 -14"><span class='ocrx_word' id='word_1_90' title='bbox 309 807 493 857; x_wconf 83' lang='lat' dir='ltr'>religiose</span> <span class='ocrx_word' id='word_1_91' title='bbox 520 806 641 846; x_wconf 86' lang='lat' dir='ltr'>uerba</span> <span class='ocrx_word' id='word_1_92' title='bbox 670 812 873 846; x_wconf 88' lang='lat' dir='ltr'>auctorum</span> <span class='ocrx_word' id='word_1_93' title='bbox 901 819 971 845; x_wconf 90' lang='lat' dir='ltr'>suo</span> <span class='ocrx_word' id='word_1_94' title='bbox 1006 806 1168 845; x_wconf 88' lang='lat' dir='ltr'>arbitrio</span> <span class='ocrx_word' id='word_1_95' title='bbox 1201 806 1274 845; x_wconf 89' lang='lat' dir='ltr'>alia</span> <span class='ocrx_word' id='word_1_96' title='bbox 1304 808 1537 857; x_wconf 79' lang='lat' dir='ltr'>inmutasse,</span> <span class='ocrx_word' id='word_1_97' title='bbox 1569 807 1641 846; x_wconf 88' lang='lat' dir='ltr'>alia</span> <span class='ocrx_word' id='word_1_98' title='bbox 1668 815 1843 859; x_wconf 84' lang='lat' dir='ltr'>praeter-</span> 
     </span>
     <span class='ocr_line' id='line_1_11' title="bbox 308 871 1843 925; baseline 0.001 -15"><span class='ocrx_word' id='word_1_99' title='bbox 308 873 478 922; x_wconf 84' lang='lat' dir='ltr'>misisse,</span> <span class='ocrx_word' id='word_1_100' title='bbox 505 884 629 923; x_wconf 88' lang='lat' dir='ltr'>pauca</span> <span class='ocrx_word' id='word_1_101' title='bbox 657 871 855 911; x_wconf 82' lang='lat' dir='ltr'>addidisse</span> <span class='ocrx_word' id='word_1_102' title='bbox 884 878 1046 922; x_wconf 80' lang='lat' dir='ltr'>constat,</span> <span class='ocrx_word' id='word_1_103' title='bbox 1075 873 1152 910; x_wconf 91' lang='lat' dir='ltr'>nisi</span> <span class='ocrx_word' id='word_1_104' title='bbox 1179 872 1409 923; x_wconf 82' lang='lat' dir='ltr'>Dionysium</span> <span class='ocrx_word' id='word_1_105' title='bbox 1436 873 1476 911; x_wconf 93' lang='lat' dir='ltr'>in</span> <span class='ocrx_word' id='word_1_106' title='bbox 1498 874 1702 924; x_wconf 86' lang='lat' dir='ltr'>superiore</span> <span class='ocrx_word' id='word_1_107' title='bbox 1731 874 1843 925; x_wconf 86' lang='lat' dir='ltr'>fama,</span> 
     </span>
     <span class='ocr_line' id='line_1_12' title="bbox 309 936 1843 990; baseline 0.001 -15"><span class='ocrx_word' id='word_1_108' title='bbox 309 950 409 988; x_wconf 81' lang='lat' dir='ltr'>quae</span> <span class='ocrx_word' id='word_1_109' title='bbox 433 937 508 976; x_wconf 84' lang='lat' dir='ltr'>fide</span> <span class='ocrx_word' id='word_1_110' title='bbox 531 937 685 988; x_wconf 86' lang='lat' dir='ltr'>dignior</span> <span class='ocrx_word' id='word_1_111' title='bbox 706 939 742 976; x_wconf 91' lang='lat' dir='ltr'>ei</span> <span class='ocrx_word' id='word_1_112' title='bbox 763 939 847 976; x_wconf 87' lang='lat' dir='ltr'>uisa</span> <span class='ocrx_word' id='word_1_113' title='bbox 869 943 964 987; x_wconf 79' lang='lat' dir='ltr'>erat,</span> <span class='ocrx_word' id='word_1_114' title='bbox 990 936 1038 975; x_wconf 87' lang='lat' dir='ltr'>ad</span> <span class='ocrx_word' id='word_1_115' title='bbox 1060 936 1230 976; x_wconf 89' lang='lat' dir='ltr'>Graecos</span> <span class='ocrx_word' id='word_1_116' title='bbox 1251 943 1433 976; x_wconf 80' lang='lat' dir='ltr'>auctores</span> <span class='ocrx_word' id='word_1_117' title='bbox 1457 950 1695 988; x_wconf 85' lang='lat' dir='ltr'>prouocasse</span> <span class='ocrx_word' id='word_1_118' title='bbox 1716 944 1843 990; x_wconf 79' lang='lat' dir='ltr'>putas,</span> 
     </span>
     <span class='ocr_line' id='line_1_13' title="bbox 307 1003 1842 1055; baseline 0.001 -14"><span class='ocrx_word' id='word_1_119' title='bbox 307 1015 476 1054; x_wconf 88' lang='lat' dir='ltr'>quorum</span> <span class='ocrx_word' id='word_1_120' title='bbox 504 1004 660 1041; x_wconf 88' lang='lat' dir='ltr'>nomina</span> <span class='ocrx_word' id='word_1_121' title='bbox 688 1015 765 1041; x_wconf 90' lang='lat' dir='ltr'>non</span> <span class='ocrx_word' id='word_1_122' title='bbox 792 1008 975 1054; x_wconf 85' lang='lat' dir='ltr'>excerpta</span> <span class='ocrx_word' id='word_1_123' title='bbox 1003 1007 1148 1041; x_wconf 86' lang='lat' dir='ltr'>essent.</span> <span class='ocrx_word' id='word_1_124' title='bbox 1199 1004 1295 1041; x_wconf 88' lang='lat' dir='ltr'>moti</span> <span class='ocrx_word' id='word_1_125' title='bbox 1321 1015 1413 1041; x_wconf 91' lang='lat' dir='ltr'>sane</span> <span class='ocrx_word' id='word_1_126' title='bbox 1441 1003 1481 1041; x_wconf 90' lang='grc'>111</span> <span class='ocrx_word' id='word_1_127' title='bbox 1507 1003 1672 1042; x_wconf 85' lang='lat' dir='ltr'>Romani</span> <span class='ocrx_word' id='word_1_128' title='bbox 1698 1004 1842 1055; x_wconf 87' lang='lat' dir='ltr'>plebeii</span> 
     </span>
     <span class='ocr_line' id='line_1_14' title="bbox 308 1067 1843 1119; baseline 0.001 -13"><span class='ocrx_word' id='word_1_129' title='bbox 308 1069 514 1118; x_wconf 86' lang='lat' dir='ltr'>sanguinis</span> <span class='ocrx_word' id='word_1_130' title='bbox 541 1069 816 1107; x_wconf 89' lang='lat' dir='ltr'>communione</span> <span class='ocrx_word' id='word_1_131' title='bbox 845 1067 901 1106; x_wconf 92' lang='lat' dir='ltr'>illi</span> <span class='ocrx_word' id='word_1_132' title='bbox 938 1068 1063 1106; x_wconf 82' lang='lat' dir='ltr'>famae</span> <span class='ocrx_word' id='word_1_133' title='bbox 1096 1069 1342 1119; x_wconf 87' lang='lat' dir='ltr'>optimatium</span> <span class='ocrx_word' id='word_1_134' title='bbox 1376 1067 1601 1119; x_wconf 81' lang='lat' dir='ltr'>superbiam</span> <span class='ocrx_word' id='word_1_135' title='bbox 1638 1074 1676 1108; x_wconf 86' lang='lat' dir='ltr'>et</span> <span class='ocrx_word' id='word_1_136' title='bbox 1714 1069 1843 1108; x_wconf 88' lang='lat' dir='ltr'>scelus</span> 
     </span>
     <span class='ocr_line' id='line_1_15' title="bbox 307 1133 1842 1184; baseline 0.001 -13"><span class='ocrx_word' id='word_1_137' title='bbox 307 1133 455 1172; x_wconf 84' lang='lat' dir='ltr'>uelanti</span> <span class='ocrx_word' id='word_1_138' title='bbox 483 1146 570 1172; x_wconf 88' lang='lat' dir='ltr'>esse</span> <span class='ocrx_word' id='word_1_139' title='bbox 598 1133 797 1172; x_wconf 83' lang='lat' dir='ltr'>aduersati</span> <span class='ocrx_word' id='word_1_140' title='bbox 823 1134 1064 1184; x_wconf 86' lang='lat' dir='ltr'>propiusque</span> <span class='ocrx_word' id='word_1_141' title='bbox 1093 1133 1140 1172; x_wconf 92' lang='lat' dir='ltr'>ad</span> <span class='ocrx_word' id='word_1_142' title='bbox 1166 1134 1377 1172; x_wconf 85' lang='lat' dir='ltr'>ueritatem</span> <span class='ocrx_word' id='word_1_143' title='bbox 1405 1135 1620 1173; x_wconf 82' lang='lat' dir='ltr'>accessisse</span> <span class='ocrx_word' id='word_1_144' title='bbox 1644 1134 1842 1174; x_wconf 87' lang='lat' dir='ltr'>uidentur.</span> 
     </span>
    </p>

    <p class='ocr_par' dir='ltr' id='par_1_3' title="bbox 306 1198 1844 2218">
     <span class='ocr_line' id='line_1_16' title="bbox 399 1198 1842 1250; baseline 0.001 -13"><span class='ocrx_word' id='word_1_145' title='bbox 399 1198 475 1237; x_wconf 85' lang='lat' dir='ltr'>Sed</span> <span class='ocrx_word' id='word_1_146' title='bbox 509 1200 668 1237; x_wconf 91' lang='lat' dir='ltr'>omnino</span> <span class='ocrx_word' id='word_1_147' title='bbox 703 1211 779 1237; x_wconf 91' lang='grc'><strong>11011</strong></span> <span class='ocrx_word' id='word_1_148' title='bbox 814 1200 954 1248; x_wconf 83' lang='lat' dir='ltr'>miror,</span> <span class='ocrx_word' id='word_1_149' title='bbox 987 1198 1091 1250; x_wconf 89' lang='lat' dir='ltr'>quod</span> <span class='ocrx_word' id='word_1_150' title='bbox 1119 1198 1247 1237; x_wconf 90' lang='lat' dir='ltr'>subito</span> <span class='ocrx_word' id='word_1_151' title='bbox 1274 1198 1459 1237; x_wconf 83' lang='lat' dir='ltr'>Alimenti</span> <span class='ocrx_word' id='word_1_152' title='bbox 1485 1201 1675 1238; x_wconf 91' lang='lat' dir='ltr'>memoria</span> <span class='ocrx_word' id='word_1_153' title='bbox 1702 1212 1748 1238; x_wconf 89' lang='lat' dir='ltr'>ex</span> <span class='ocrx_word' id='word_1_154' title='bbox 1776 1200 1842 1239; x_wconf 91' lang='lat' dir='ltr'>ob-</span> 
     </span>
     <span class='ocr_line' id='line_1_17' title="bbox 307 1263 1842 1315; baseline 0.001 -13"><span class='ocrx_word' id='word_1_155' title='bbox 307 1265 495 1303; x_wconf 87' lang='lat' dir='ltr'>scuritate</span> <span class='ocrx_word' id='word_1_156' title='bbox 523 1265 761 1303; x_wconf 79' lang='lat' dir='ltr'>exsuscitata</span> <span class='ocrx_word' id='word_1_157' title='bbox 787 1269 875 1315; x_wconf 89' lang='lat' dir='ltr'>post</span> <span class='ocrx_word' id='word_1_158' title='bbox 896 1263 1126 1314; x_wconf 72' lang='lat' dir='ltr'>Dionysium</span> <span class='ocrx_word' id='word_1_159' title='bbox 1146 1265 1187 1302; x_wconf 90' lang='lat' dir='ltr'>in</span> <span class='ocrx_word' id='word_1_160' title='bbox 1209 1276 1293 1302; x_wconf 93' lang='lat' dir='ltr'>eam</span> <span class='ocrx_word' id='word_1_161' title='bbox 1316 1270 1470 1303; x_wconf 84' lang='lat' dir='ltr'>retrusa</span> <span class='ocrx_word' id='word_1_162' title='bbox 1491 1270 1561 1303; x_wconf 86' lang='lat' dir='ltr'>est.</span> <span class='ocrx_word' id='word_1_163' title='bbox 1607 1266 1715 1304; x_wconf 86' lang='lat' dir='ltr'>casui</span> <span class='ocrx_word' id='word_1_164' title='bbox 1737 1267 1842 1304; x_wconf 91' lang='lat' dir='ltr'>enim</span> 
     </span>
     <span class='ocr_line' id='line_1_18' title="bbox 308 1328 1842 1370; baseline 0.001 -3"><span class='ocrx_word' id='word_1_165' title='bbox 308 1331 347 1367; x_wconf 89' lang='lat' dir='ltr'>in</span> <span class='ocrx_word' id='word_1_166' title='bbox 374 1329 436 1368; x_wconf 89' lang='lat' dir='ltr'>his</span> <span class='ocrx_word' id='word_1_167' title='bbox 464 1329 582 1368; x_wconf 89' lang='lat' dir='ltr'>rebus</span> <span class='ocrx_word' id='word_1_168' title='bbox 609 1331 731 1368; x_wconf 89' lang='lat' dir='ltr'>multa</span> <span class='ocrx_word' id='word_1_169' title='bbox 758 1328 968 1367; x_wconf 85' lang='lat' dir='ltr'>tribuenda</span> <span class='ocrx_word' id='word_1_170' title='bbox 995 1335 1096 1368; x_wconf 89' lang='lat' dir='ltr'>sunt.</span> <span class='ocrx_word' id='word_1_171' title='bbox 1142 1329 1207 1368; x_wconf 90' lang='grc'><strong>1116</strong></span> <span class='ocrx_word' id='word_1_172' title='bbox 1231 1334 1360 1368; x_wconf 84' lang='lat' dir='ltr'>autem</span> <span class='ocrx_word' id='word_1_173' title='bbox 1384 1342 1424 1368; x_wconf 92' lang='lat' dir='ltr'>se</span> <span class='ocrx_word' id='word_1_174' title='bbox 1447 1329 1642 1368; x_wconf 89' lang='lat' dir='ltr'>clarorum</span> <span class='ocrx_word' id='word_1_175' title='bbox 1663 1331 1842 1370; x_wconf 88' lang='lat' dir='ltr'>uirorum</span> 
     </span>
     <span class='ocr_line' id='line_1_19' title="bbox 307 1394 1842 1447; baseline 0.001 -15"><span class='ocrx_word' id='word_1_176' title='bbox 307 1394 451 1433; x_wconf 87' lang='lat' dir='ltr'>auxilio</span> <span class='ocrx_word' id='word_1_177' title='bbox 486 1400 523 1433; x_wconf 90' lang='lat' dir='ltr'>et</span> <span class='ocrx_word' id='word_1_178' title='bbox 556 1394 720 1433; x_wconf 88' lang='lat' dir='ltr'>consilio</span> <span class='ocrx_word' id='word_1_179' title='bbox 754 1396 792 1432; x_wconf 95' lang='lat' dir='ltr'>in</span> <span class='ocrx_word' id='word_1_180' title='bbox 827 1394 1018 1445; x_wconf 82' lang='lat' dir='ltr'>eligendis</span> <span class='ocrx_word' id='word_1_181' title='bbox 1045 1394 1272 1433; x_wconf 91' lang='lat' dir='ltr'>auctoribus</span> <span class='ocrx_word' id='word_1_182' title='bbox 1298 1395 1474 1434; x_wconf 87' lang='lat' dir='ltr'>adiutum</span> <span class='ocrx_word' id='word_1_183' title='bbox 1501 1408 1587 1434; x_wconf 87' lang='lat' dir='ltr'>esse</span> <span class='ocrx_word' id='word_1_184' title='bbox 1614 1397 1698 1447; x_wconf 89' lang='lat' dir='ltr'>ipse</span> <span class='ocrx_word' id='word_1_185' title='bbox 1725 1396 1842 1447; x_wconf 80' lang='lat' dir='ltr'>proti-</span> 
     </span>
     <span class='ocr_line' id='line_1_20' title="bbox 307 1455 1841 1514; baseline 0.001 -16"><span class='ocrx_word' id='word_1_186' title='bbox 307 1465 412 1498; x_wconf 83' lang='lat' dir='ltr'>tetur</span> <span class='ocrx_word' id='word_1_187' title='bbox 440 1455 497 1513; x_wconf 79' lang='lat'>(1,</span> <span class='ocrx_word' id='word_1_188' title='bbox 521 1457 557 1511; x_wconf 76' lang='lat'>7,</span> <span class='ocrx_word' id='word_1_189' title='bbox 578 1456 639 1514; x_wconf 80' lang='lat'>3),</span> <span class='ocrx_word' id='word_1_190' title='bbox 666 1472 738 1498; x_wconf 89' lang='lat' dir='ltr'>nec</span> <span class='ocrx_word' id='word_1_191' title='bbox 761 1460 939 1498; x_wconf 80' lang='lat' dir='ltr'>Cincium</span> <span class='ocrx_word' id='word_1_192' title='bbox 967 1461 1267 1510; x_wconf 80' lang='lat' dir='ltr'>grammaticum</span> <span class='ocrx_word' id='word_1_193' title='bbox 1289 1459 1466 1499; x_wconf 88' lang='lat' dir='ltr'>eiusdem</span> <span class='ocrx_word' id='word_1_194' title='bbox 1488 1461 1570 1499; x_wconf 83' lang='lat' dir='ltr'>fere</span> <span class='ocrx_word' id='word_1_195' title='bbox 1591 1462 1728 1500; x_wconf 84' lang='lat' dir='ltr'>aetatis</span> <span class='ocrx_word' id='word_1_196' title='bbox 1749 1473 1841 1512; x_wconf 88' lang='lat' dir='ltr'>gen-</span> 
     </span>
     <span class='ocr_line' id='line_1_21' title="bbox 306 1524 1844 1577; baseline 0.001 -14"><span class='ocrx_word' id='word_1_197' title='bbox 306 1525 386 1563; x_wconf 86' lang='lat' dir='ltr'>tilis</span> <span class='ocrx_word' id='word_1_198' title='bbox 415 1526 476 1563; x_wconf 90' lang='lat' dir='ltr'>sui</span> <span class='ocrx_word' id='word_1_199' title='bbox 504 1526 628 1564; x_wconf 80' lang='lat' dir='ltr'>famae</span> <span class='ocrx_word' id='word_1_200' title='bbox 656 1524 930 1576; x_wconf 79' lang='lat' dir='ltr'>propagandae</span> <span class='ocrx_word' id='word_1_201' title='bbox 956 1526 1156 1564; x_wconf 87' lang='lat' dir='ltr'>curiosum</span> <span class='ocrx_word' id='word_1_202' title='bbox 1178 1526 1299 1564; x_wconf 78' lang='lat' dir='ltr'>tuisse</span> <span class='ocrx_word' id='word_1_203' title='bbox 1320 1525 1536 1564; x_wconf 89' lang='lat' dir='ltr'>abnuerim.</span> <span class='ocrx_word' id='word_1_204' title='bbox 1583 1525 1694 1565; x_wconf 76' lang='lat' dir='ltr'>facile</span> <span class='ocrx_word' id='word_1_205' title='bbox 1722 1527 1844 1577; x_wconf 87' lang='lat' dir='ltr'>igitur</span> 
     </span>
     <span class='ocr_line' id='line_1_22' title="bbox 307 1590 1842 1642; baseline 0.002 -14"><span class='ocrx_word' id='word_1_206' title='bbox 307 1591 393 1628; x_wconf 87' lang='lat' dir='ltr'>fieri</span> <span class='ocrx_word' id='word_1_207' title='bbox 426 1592 570 1642; x_wconf 82' lang='lat' dir='ltr'>potuit,</span> <span class='ocrx_word' id='word_1_208' title='bbox 608 1596 652 1629; x_wconf 90' lang='lat' dir='ltr'>ut</span> <span class='ocrx_word' id='word_1_209' title='bbox 684 1592 800 1629; x_wconf 86' lang='lat' dir='ltr'>etiam</span> <span class='ocrx_word' id='word_1_210' title='bbox 835 1590 1042 1641; x_wconf 73' lang='lat' dir='ltr'>Dionysius</span> <span class='ocrx_word' id='word_1_211' title='bbox 1074 1592 1224 1629; x_wconf 88' lang='lat' dir='ltr'>ueteris</span> <span class='ocrx_word' id='word_1_212' title='bbox 1256 1591 1441 1630; x_wconf 88' lang='lat' dir='ltr'>Alimenti</span> <span class='ocrx_word' id='word_1_213' title='bbox 1473 1591 1593 1630; x_wconf 89' lang='lat' dir='ltr'>libros</span> <span class='ocrx_word' id='word_1_214' title='bbox 1626 1593 1666 1630; x_wconf 94' lang='lat' dir='ltr'>in</span> <span class='ocrx_word' id='word_1_215' title='bbox 1702 1604 1842 1631; x_wconf 88' lang='lat' dir='ltr'>manus</span> 
     </span>
     <span class='ocr_line' id='line_1_23' title="bbox 306 1655 1841 1708; baseline 0.001 -14"><span class='ocrx_word' id='word_1_216' title='bbox 306 1668 397 1694; x_wconf 90' lang='lat' dir='ltr'>suas</span> <span class='ocrx_word' id='word_1_217' title='bbox 425 1662 601 1695; x_wconf 85' lang='lat' dir='ltr'>sumeret</span> <span class='ocrx_word' id='word_1_218' title='bbox 627 1661 666 1694; x_wconf 90' lang='lat' dir='ltr'>et</span> <span class='ocrx_word' id='word_1_219' title='bbox 692 1657 732 1694; x_wconf 89' lang='lat' dir='ltr'>in</span> <span class='ocrx_word' id='word_1_220' title='bbox 760 1657 886 1707; x_wconf 89' lang='lat' dir='ltr'>primo</span> <span class='ocrx_word' id='word_1_221' title='bbox 915 1655 1208 1706; x_wconf 80' lang='lat' dir='ltr'>archaeologiae</span> <span class='ocrx_word' id='word_1_222' title='bbox 1235 1655 1334 1695; x_wconf 90' lang='lat' dir='ltr'>libro</span> <span class='ocrx_word' id='word_1_223' title='bbox 1362 1658 1572 1708; x_wconf 87' lang='lat' dir='ltr'>prioreque</span> <span class='ocrx_word' id='word_1_224' title='bbox 1605 1662 1715 1708; x_wconf 90' lang='lat' dir='ltr'>parte</span> <span class='ocrx_word' id='word_1_225' title='bbox 1748 1657 1841 1696; x_wconf 86' lang='lat' dir='ltr'>alte-</span> 
     </span>
     <span class='ocr_line' id='line_1_24' title="bbox 308 1721 1842 1772; baseline 0.001 -13"><span class='ocrx_word' id='word_1_226' title='bbox 308 1722 402 1772; x_wconf 77' lang='lat' dir='ltr'>rius,</span> <span class='ocrx_word' id='word_1_227' title='bbox 429 1723 503 1760; x_wconf 86' lang='lat' dir='ltr'>etsi</span> <span class='ocrx_word' id='word_1_228' title='bbox 531 1734 620 1759; x_wconf 88' lang='lat' dir='ltr'>eum</span> <span class='ocrx_word' id='word_1_229' title='bbox 648 1734 737 1759; x_wconf 87' lang='lat' dir='ltr'>cum</span> <span class='ocrx_word' id='word_1_230' title='bbox 765 1721 883 1760; x_wconf 90' lang='lat' dir='ltr'>Fabio</span> <span class='ocrx_word' id='word_1_231' title='bbox 912 1723 1079 1760; x_wconf 89' lang='lat' dir='ltr'>maxime</span> <span class='ocrx_word' id='word_1_232' title='bbox 1108 1723 1331 1760; x_wconf 87' lang='lat' dir='ltr'>consentire</span> <span class='ocrx_word' id='word_1_233' title='bbox 1359 1721 1714 1772; x_wconf 81' lang='lat' dir='ltr'>animaduertisset,</span> <span class='ocrx_word' id='word_1_234' title='bbox 1741 1723 1842 1761; x_wconf 88' lang='lat' dir='ltr'>hanc</span> 
     </span>
     <span class='ocr_line' id='line_1_25' title="bbox 307 1786 1842 1838; baseline 0 -13"><span class='ocrx_word' id='word_1_235' title='bbox 307 1788 581 1825; x_wconf 89' lang='lat' dir='ltr'>auctoritatem</span> <span class='ocrx_word' id='word_1_236' title='bbox 608 1786 712 1825; x_wconf 91' lang='lat' dir='ltr'>binis</span> <span class='ocrx_word' id='word_1_237' title='bbox 739 1786 966 1825; x_wconf 88' lang='lat' dir='ltr'>nominibus</span> <span class='ocrx_word' id='word_1_238' title='bbox 993 1799 1219 1837; x_wconf 88' lang='lat' dir='ltr'>expressam</span> <span class='ocrx_word' id='word_1_239' title='bbox 1247 1788 1427 1837; x_wconf 81' lang='lat' dir='ltr'>iactaret,</span> <span class='ocrx_word' id='word_1_240' title='bbox 1460 1793 1542 1826; x_wconf 91' lang='lat' dir='ltr'>tum</span> <span class='ocrx_word' id='word_1_241' title='bbox 1575 1799 1671 1825; x_wconf 89' lang='lat' dir='ltr'>uero</span> <span class='ocrx_word' id='word_1_242' title='bbox 1699 1800 1842 1838; x_wconf 90' lang='lat' dir='ltr'>operae</span> 
     </span>
     <span class='ocr_line' id='line_1_26' title="bbox 307 1852 1841 1903; baseline 0.001 -13"><span class='ocrx_word' id='word_1_243' title='bbox 307 1864 400 1890; x_wconf 87' lang='lat' dir='ltr'>suae</span> <span class='ocrx_word' id='word_1_244' title='bbox 445 1858 488 1891; x_wconf 91' lang='lat' dir='ltr'>ut</span> <span class='ocrx_word' id='word_1_245' title='bbox 533 1864 849 1903; x_wconf 86' lang='lat' dir='ltr'>superuacaneae</span> <span class='ocrx_word' id='word_1_246' title='bbox 896 1858 1100 1903; x_wconf 87' lang='lat' dir='ltr'>pertaesus</span> <span class='ocrx_word' id='word_1_247' title='bbox 1145 1853 1250 1891; x_wconf 84' lang='lat' dir='ltr'>hunc</span> <span class='ocrx_word' id='word_1_248' title='bbox 1295 1852 1468 1891; x_wconf 90' lang='lat' dir='ltr'>abiceret</span> <span class='ocrx_word' id='word_1_249' title='bbox 1506 1857 1543 1891; x_wconf 91' lang='lat' dir='ltr'>et</span> <span class='ocrx_word' id='word_1_250' title='bbox 1588 1853 1627 1890; x_wconf 92' lang='lat' dir='ltr'>in</span> <span class='ocrx_word' id='word_1_251' title='bbox 1673 1852 1841 1891; x_wconf 87' lang='lat' dir='ltr'>Fabiana</span> 
     </span>
     <span class='ocr_line' id='line_1_27' title="bbox 307 1917 1841 1969; baseline 0 -13"><span class='ocrx_word' id='word_1_252' title='bbox 307 1917 611 1968; x_wconf 86' lang='lat' dir='ltr'>redintegranda</span> <span class='ocrx_word' id='word_1_253' title='bbox 638 1919 928 1969; x_wconf 81' lang='lat' dir='ltr'>acquiesceret,</span> <span class='ocrx_word' id='word_1_254' title='bbox 962 1919 1142 1968; x_wconf 90' lang='lat' dir='ltr'>quamuis</span> <span class='ocrx_word' id='word_1_255' title='bbox 1170 1917 1310 1956; x_wconf 87' lang='lat' dir='ltr'>acerbe</span> <span class='ocrx_word' id='word_1_256' title='bbox 1338 1919 1422 1956; x_wconf 87' lang='lat' dir='ltr'>eius</span> <span class='ocrx_word' id='word_1_257' title='bbox 1449 1917 1650 1956; x_wconf 85' lang='lat' dir='ltr'>leuitatem</span> <span class='ocrx_word' id='word_1_258' title='bbox 1678 1919 1841 1956; x_wconf 89' lang='lat' dir='ltr'>rationis</span> 
     </span>
     <span class='ocr_line' id='line_1_28' title="bbox 306 1976 1841 2034; baseline 0.001 -14"><span class='ocrx_word' id='word_1_259' title='bbox 306 1982 605 2033; x_wconf 80' lang='lat' dir='ltr'>chronologicae</span> <span class='ocrx_word' id='word_1_260' title='bbox 634 1982 960 2034; x_wconf 80' lang='lat' dir='ltr'>reprehenderet,</span> <span class='ocrx_word' id='word_1_261' title='bbox 999 1995 1127 2034; x_wconf 89' lang='lat' dir='ltr'>neque</span> <span class='ocrx_word' id='word_1_262' title='bbox 1159 1976 1301 2021; x_wconf 50' lang='lat' dir='ltr'>nisi‘in</span> <span class='ocrx_word' id='word_1_263' title='bbox 1330 1982 1560 2022; x_wconf 88' lang='lat' dir='ltr'>duodecimo</span> <span class='ocrx_word' id='word_1_264' title='bbox 1588 1982 1704 2033; x_wconf 77' lang='lat' dir='ltr'>libro,</span> <span class='ocrx_word' id='word_1_265' title='bbox 1737 1982 1841 2033; x_wconf 88' lang='lat' dir='ltr'>quod</span> 
     </span>
     <span class='ocr_line' id='line_1_29' title="bbox 307 2048 1841 2100; baseline 0 -14"><span class='ocrx_word' id='word_1_266' title='bbox 307 2049 490 2099; x_wconf 79' lang='lat' dir='ltr'>sciamus⁷</span> <span class='ocrx_word' id='word_1_267' title='bbox 518 2048 564 2086; x_wconf 90' lang='lat' dir='ltr'>ad</span> <span class='ocrx_word' id='word_1_268' title='bbox 592 2048 701 2086; x_wconf 90' lang='lat' dir='ltr'>illum</span> <span class='ocrx_word' id='word_1_269' title='bbox 727 2048 881 2087; x_wconf 86' lang='lat' dir='ltr'>Pisonis</span> <span class='ocrx_word' id='word_1_270' title='bbox 909 2060 1104 2087; x_wconf 87' lang='lat' dir='ltr'>consensu</span> <span class='ocrx_word' id='word_1_271' title='bbox 1132 2048 1337 2100; x_wconf 84' lang='lat' dir='ltr'>probatum</span> <span class='ocrx_word' id='word_1_272' title='bbox 1366 2048 1524 2087; x_wconf 88' lang='lat' dir='ltr'>rediret.</span> <span class='ocrx_word' id='word_1_273' title='bbox 1557 2053 1600 2086; x_wconf 91' lang='lat' dir='ltr'>ut</span> <span class='ocrx_word' id='word_1_274' title='bbox 1627 2054 1756 2086; x_wconf 84' lang='lat' dir='ltr'>autem</span> <span class='ocrx_word' id='word_1_275' title='bbox 1777 2048 1841 2086; x_wconf 89' lang='lat' dir='ltr'>hic</span> 
     </span>
     <span class='ocr_line' id='line_1_30' title="bbox 307 2112 1840 2164; baseline 0 -13"><span class='ocrx_word' id='word_1_276' title='bbox 307 2114 364 2151; x_wconf 89' lang='lat' dir='ltr'>sic</span> <span class='ocrx_word' id='word_1_277' title='bbox 393 2115 509 2152; x_wconf 87' lang='lat' dir='ltr'>etiam</span> <span class='ocrx_word' id='word_1_278' title='bbox 532 2114 599 2164; x_wconf 86' lang='lat' dir='ltr'>qui</span> <span class='ocrx_word' id='word_1_279' title='bbox 620 2119 708 2164; x_wconf 88' lang='lat' dir='ltr'>post</span> <span class='ocrx_word' id='word_1_280' title='bbox 735 2126 824 2152; x_wconf 89' lang='lat' dir='ltr'>eum</span> <span class='ocrx_word' id='word_1_281' title='bbox 853 2126 917 2152; x_wconf 87' lang='lat' dir='ltr'>res</span> <span class='ocrx_word' id='word_1_282' title='bbox 938 2118 1114 2152; x_wconf 87' lang='lat' dir='ltr'>uetustas</span> <span class='ocrx_word' id='word_1_283' title='bbox 1136 2113 1330 2152; x_wconf 88' lang='lat' dir='ltr'>Romanas</span> <span class='ocrx_word' id='word_1_284' title='bbox 1351 2114 1608 2164; x_wconf 79' lang='lat' dir='ltr'>scripserunt,</span> <span class='ocrx_word' id='word_1_285' title='bbox 1635 2112 1840 2151; x_wconf 89' lang='lat' dir='ltr'>nobilioris</span> 
     </span>
     <span class='ocr_line' id='line_1_31' title="bbox 307 2178 1482 2218; baseline 0 -2"><span class='ocrx_word' id='word_1_286' title='bbox 307 2178 486 2217; x_wconf 82' lang='lat' dir='ltr'>historici</span> <span class='ocrx_word' id='word_1_287' title='bbox 514 2181 746 2218; x_wconf 84' lang='lat' dir='ltr'>auctoritate</span> <span class='ocrx_word' id='word_1_288' title='bbox 775 2180 869 2217; x_wconf 85' lang='lat' dir='ltr'>satis</span> <span class='ocrx_word' id='word_1_289' title='bbox 896 2178 1119 2218; x_wconf 87' lang='lat' dir='ltr'>habuerunt</span> <span class='ocrx_word' id='word_1_290' title='bbox 1146 2191 1211 2217; x_wconf 87' lang='lat' dir='ltr'>eas</span> <span class='ocrx_word' id='word_1_291' title='bbox 1238 2180 1482 2217; x_wconf 85' lang='lat' dir='ltr'>confirmare.</span> 
     </span>
    </p>
   </div>
   <div class='ocr_carea' id='block_1_3' title="bbox 306 2261 510 2264">
    <p class='ocr_par' dir='ltr' id='par_1_4' title="bbox 306 2261 510 2264">
     <span class='ocr_line' id='line_1_32' title="bbox 306 2261 510 2264; baseline 0 0"><span class='ocrx_word' id='word_1_292' title='bbox 306 2261 510 2264; x_wconf 95' lang='lat' dir='ltr'> </span> 
     </span>
    </p>
   </div>
   <div class='ocr_carea' id='block_1_4' title="bbox 305 2304 1841 2563">
    <p class='ocr_par' dir='ltr' id='par_1_5' title="bbox 305 2304 1841 2563">
     <span class='ocr_line' id='line_1_33' title="bbox 404 2304 1841 2350; baseline 0 -12"><span class='ocrx_word' id='word_1_293' title='bbox 404 2307 434 2348; x_wconf 86' lang='lat'>1)</span> <span class='ocrx_word' id='word_1_294' title='bbox 460 2305 530 2339; x_wconf 90' lang='lat' dir='ltr'>Hic</span> <span class='ocrx_word' id='word_1_295' title='bbox 556 2307 682 2350; x_wconf 79' lang='lat' dir='ltr'>aperte</span> <span class='ocrx_word' id='word_1_296' title='bbox 705 2305 832 2339; x_wconf 81' lang='lat' dir='ltr'>Pluess</span> <span class='ocrx_word' id='word_1_297' title='bbox 859 2316 983 2339; x_wconf 85' lang='lat' dir='ltr'>secum</span> <span class='ocrx_word' id='word_1_298' title='bbox 1010 2304 1088 2349; x_wconf 80' lang='lat' dir='ltr'>ipse</span> <span class='ocrx_word' id='word_1_299' title='bbox 1109 2307 1262 2350; x_wconf 75' lang='lat' dir='ltr'>pugnat,</span> <span class='ocrx_word' id='word_1_300' title='bbox 1289 2304 1387 2349; x_wconf 89' lang='lat' dir='ltr'>quod</span> <span class='ocrx_word' id='word_1_301' title='bbox 1413 2317 1448 2349; x_wconf 86' lang='lat' dir='ltr'>p.</span> <span class='ocrx_word' id='word_1_302' title='bbox 1470 2308 1514 2339; x_wconf 80' lang='lat'>28</span> <span class='ocrx_word' id='word_1_303' title='bbox 1541 2304 1707 2339; x_wconf 75' lang='lat' dir='ltr'>dubitari</span> <span class='ocrx_word' id='word_1_304' title='bbox 1733 2314 1841 2349; x_wconf 83' lang='lat' dir='ltr'>posse</span> 
     </span>
     <span class='ocr_line' id='line_1_34' title="bbox 306 2357 1841 2402; baseline 0 -11"><span class='ocrx_word' id='word_1_305' title='bbox 306 2360 431 2402; x_wconf 77' lang='lat' dir='ltr'>negat,</span> <span class='ocrx_word' id='word_1_306' title='bbox 458 2359 548 2402; x_wconf 87' lang='lat' dir='ltr'>quin</span> <span class='ocrx_word' id='word_1_307' title='bbox 576 2359 690 2393; x_wconf 82' lang='lat' dir='ltr'>alium</span> <span class='ocrx_word' id='word_1_308' title='bbox 717 2358 870 2402; x_wconf 80' lang='lat' dir='ltr'>reliquis</span> <span class='ocrx_word' id='word_1_309' title='bbox 896 2358 999 2400; x_wconf 74' lang='lat' dir='ltr'>locis,</span> <span class='ocrx_word' id='word_1_310' title='bbox 1027 2358 1142 2392; x_wconf 81' lang='lat' dir='ltr'>alium</span> <span class='ocrx_word' id='word_1_311' title='bbox 1169 2359 1239 2392; x_wconf 89' lang='lat' dir='ltr'>hoc</span> <span class='ocrx_word' id='word_1_312' title='bbox 1264 2358 1345 2393; x_wconf 91' lang='lat' dir='ltr'>loco</span> <span class='ocrx_word' id='word_1_313' title='bbox 1366 2357 1533 2392; x_wconf 89' lang='lat' dir='ltr'>Cincium</span> <span class='ocrx_word' id='word_1_314' title='bbox 1553 2358 1682 2393; x_wconf 78' lang='lat' dir='ltr'>laudet</span> <span class='ocrx_word' id='word_1_315' title='bbox 1702 2357 1841 2401; x_wconf 84' lang='lat' dir='ltr'>Diony-</span> 
     </span>
     <span class='ocr_line' id='line_1_35' title="bbox 306 2411 1841 2457; baseline 0 -13"><span class='ocrx_word' id='word_1_316' title='bbox 306 2411 394 2454; x_wconf 80' lang='lat' dir='ltr'>sius,</span> <span class='ocrx_word' id='word_1_317' title='bbox 421 2411 521 2446; x_wconf 90' lang='lat' dir='ltr'>idem</span> <span class='ocrx_word' id='word_1_318' title='bbox 547 2414 671 2446; x_wconf 77' lang='lat' dir='ltr'>tamen</span> <span class='ocrx_word' id='word_1_319' title='bbox 698 2424 732 2457; x_wconf 88' lang='lat' dir='ltr'>p.</span> <span class='ocrx_word' id='word_1_320' title='bbox 756 2415 799 2446; x_wconf 84' lang='lat'>34</span> <span class='ocrx_word' id='word_1_321' title='bbox 826 2412 906 2446; x_wconf 86' lang='lat' dir='ltr'>sine</span> <span class='ocrx_word' id='word_1_322' title='bbox 932 2412 1010 2446; x_wconf 81' lang='lat' dir='ltr'>ulla</span> <span class='ocrx_word' id='word_1_323' title='bbox 1036 2411 1268 2446; x_wconf 75' lang='lat' dir='ltr'>dubitatione</span> <span class='ocrx_word' id='word_1_324' title='bbox 1294 2412 1337 2446; x_wconf 88' lang='lat' dir='ltr'>fr.</span> <span class='ocrx_word' id='word_1_325' title='bbox 1358 2416 1391 2453; x_wconf 80' lang='lat'>4,</span> <span class='ocrx_word' id='word_1_326' title='bbox 1418 2412 1482 2455; x_wconf 88' lang='lat' dir='ltr'>qui</span> <span class='ocrx_word' id='word_1_327' title='bbox 1508 2414 1563 2446; x_wconf 74' lang='lat' dir='ltr'>est</span> <span class='ocrx_word' id='word_1_328' title='bbox 1588 2423 1681 2446; x_wconf 81' lang='lat' dir='ltr'>unus</span> <span class='ocrx_word' id='word_1_329' title='bbox 1709 2423 1752 2445; x_wconf 78' lang='lat' dir='ltr'>ex</span> <span class='ocrx_word' id='word_1_330' title='bbox 1777 2411 1841 2445; x_wconf 76' lang='lat' dir='ltr'>tri-</span> 
     </span>
     <span class='ocr_line' id='line_1_36' title="bbox 306 2464 1839 2509; baseline 0 -11"><span class='ocrx_word' id='word_1_331' title='bbox 306 2464 374 2498; x_wconf 81' lang='lat' dir='ltr'>bus</span> <span class='ocrx_word' id='word_1_332' title='bbox 400 2464 555 2508; x_wconf 80' lang='lat' dir='ltr'>reliquis</span> <span class='ocrx_word' id='word_1_333' title='bbox 582 2466 685 2508; x_wconf 68' lang='lat' dir='ltr'>locis,</span> <span class='ocrx_word' id='word_1_334' title='bbox 714 2466 849 2500; x_wconf 77' lang='lat' dir='ltr'>diserte</span> <span class='ocrx_word' id='word_1_335' title='bbox 877 2465 925 2499; x_wconf 85' lang='lat' dir='ltr'>ad</span> <span class='ocrx_word' id='word_1_336' title='bbox 947 2464 1064 2499; x_wconf 81' lang='lat' dir='ltr'>Cincii</span> <span class='ocrx_word' id='word_1_337' title='bbox 1085 2465 1288 2509; x_wconf 77' lang='lat' dir='ltr'>antiquarii</span> <span class='ocrx_word' id='word_1_338' title='bbox 1309 2465 1565 2499; x_wconf 76' lang='lat' dir='ltr'>auctoritatem</span> <span class='ocrx_word' id='word_1_339' title='bbox 1584 2465 1706 2508; x_wconf 76' lang='lat' dir='ltr'>refert,</span> <span class='ocrx_word' id='word_1_340' title='bbox 1735 2464 1839 2498; x_wconf 83' lang='lat' dir='ltr'>cuius</span> 
     </span>
     <span class='ocr_line' id='line_1_37' title="bbox 305 2518 1712 2563; baseline 0.001 -12"><span class='ocrx_word' id='word_1_341' title='bbox 305 2518 504 2562; x_wconf 78' lang='lat' dir='ltr'>fragmenti</span> <span class='ocrx_word' id='word_1_342' title='bbox 531 2529 681 2552; x_wconf 83' lang='lat' dir='ltr'>causam</span> <span class='ocrx_word' id='word_1_343' title='bbox 708 2519 771 2552; x_wconf 76' lang='lat' dir='ltr'>uix</span> <span class='ocrx_word' id='word_1_344' title='bbox 797 2520 903 2562; x_wconf 71' lang='lat' dir='ltr'>potes</span> <span class='ocrx_word' id='word_1_345' title='bbox 931 2519 1139 2553; x_wconf 84' lang='lat' dir='ltr'>discernere</span> <span class='ocrx_word' id='word_1_346' title='bbox 1166 2531 1187 2552; x_wconf 85' lang='lat' dir='ltr'>a</span> <span class='ocrx_word' id='word_1_347' title='bbox 1213 2519 1345 2553; x_wconf 75' lang='lat' dir='ltr'>ceteris</span> <span class='ocrx_word' id='word_1_348' title='bbox 1373 2518 1516 2552; x_wconf 85' lang='lat' dir='ltr'>duobus</span> <span class='ocrx_word' id='word_1_349' title='bbox 1544 2521 1577 2563; x_wconf 76' lang='lat'>(3</span> <span class='ocrx_word' id='word_1_350' title='bbox 1605 2520 1642 2553; x_wconf 76' lang='lat' dir='ltr'>et</span> <span class='ocrx_word' id='word_1_351' title='bbox 1669 2520 1712 2563; x_wconf 85' lang='lat'>5).</span> 
     </span>
    </p>
   </div>
  </div>
 </body>
</html>
