2002 3342
401 703 573 750 FABH
611 702 897 749 PICTORIS
935 701 1106 748 IVRIS
1144 701 1490 748 PONTIFICH
1528 702 1699 748 LIBRI

903 810 972 847 EX
999 809 1158 848 LIBRO
1185 810 1203 846 Ι

378 897 420 939 l.
449 895 591 953 (1²2.)³=
631 900 723 938 Gell.
746 900 783 947 I,
806 899 872 946 12,
894 899 961 936 14.
1000 898 1044 936 In
1078 897 1176 935 libro
1210 899 1336 948 primo
1369 897 1479 935 Fabii
1505 897 1683 948 Pictoris,
1716 909 1815 948 quae

286 964 407 1003 uerba
440 965 667 1015 pontificem
700 965 914 1002 maximum
950 963 1080 1001 dicere
1114 968 1302 1013 oporteat,
1335 975 1423 1001 cum
1456 964 1651 1013 uirginem
1680 963 1816 1013 capiat,

287 1032 478 1081 scriptum
501 1036 571 1068 est.
605 1043 648 1068 ea
675 1029 798 1067 uerba
823 1029 920 1067 haec
948 1034 1055 1066 sunt:
1084 1027 1335 1066 Sacerdotem
1357 1027 1560 1078 Vestalem,
1588 1040 1687 1078 quae
1707 1039 1817 1066 sacra

287 1095 414 1145 faciat,
442 1107 540 1145 quae
568 1096 629 1132 ius
657 1096 733 1132 siet
760 1093 1003 1132 sacerdotem
1024 1093 1218 1131 Vestalem
1240 1093 1368 1131 facere
1390 1105 1460 1143 pro
1480 1093 1622 1143 populo
1644 1092 1816 1130 Romano

288 1159 519 1209 Quiritibus,
546 1161 604 1197 uti
631 1171 729 1210 quae
757 1160 902 1209 optima
929 1158 1014 1208 lege
1042 1158 1126 1208 fuit,
1153 1159 1204 1195 ita
1233 1163 1282 1208 te,
1309 1158 1455 1205 Amata,
1483 1159 1604 1208 capio.
1839 1173 1854 1198 5

379 1221 421 1263 ’3.
445 1221 522 1277 (3.)
551 1226 644 1263 Gell.
662 1225 728 1272 10,
746 1225 811 1262 15.
846 1223 1114 1262 Caerimoniae
1142 1224 1346 1274 impositae
1376 1223 1523 1261 flamini
1543 1222 1641 1261 Diali
1663 1222 1819 1273 multae,

289 1291 384 1328 item
412 1295 542 1328 castus
569 1288 819 1340 multiplices,
848 1301 945 1339 quos
972 1290 1013 1326 in
1040 1288 1164 1338 libris,
1192 1289 1259 1339 qui
1287 1287 1333 1326 de
1355 1287 1626 1326 sacerdotibus
1652 1287 1820 1338 publicis

289 1356 497 1406 compositi
524 1362 625 1405 sunt,
652 1356 747 1393 item
774 1355 814 1392 in
840 1353 952 1392 Fabii
971 1354 1138 1392 Pictoris
1165 1353 1356 1391 librorum
1383 1355 1510 1404 primo
1532 1354 1699 1403 scriptos
1727 1353 1820 1403 legi-

289 1433 388 1470 mus,
421 1419 525 1458 unde
558 1420 655 1458 baec
689 1420 812 1458 ferme
847 1424 955 1469 sunt,
989 1431 1087 1469 quae
1127 1419 1485 1457 commeminimus:
1526 1418 1633 1469 Equo
1671 1417 1822 1456 Dialem

291 1486 489 1523 flaminem
516 1485 608 1523 uehi
635 1485 773 1535 religio
802 1490 878 1537 est,
910 1483 1032 1535 <item
1065 1487 1209 1533 reliqio
1244 1483 1327 1535 est>
1354 1481 1535 1522 eclassem
1562 1480 1820 1534 procinctam'
1843 1499 1877 1523 10

291 1557 401 1588 extra
436 1551 694 1601 pomoerium,
730 1550 770 1588 id
807 1555 866 1588 est
902 1550 1118 1588 exercitum
1156 1536 1360 1599 armatum,
1393 1549 1541 1587 uidere.
1581 1548 1729 1587 idcirco
1763 1560 1822 1586 ra·
1990 1578 1991 1597 ;

291 1621 426 1654 renter
452 1615 595 1653 ssamen
622 1615 743 1653 Dialis
771 1620 927 1654 creatus
955 1614 1092 1653 consul
1120 1619 1189 1662 est,
1218 1627 1306 1652 cum
1332 1614 1432 1652 bella
1461 1613 1688 1652 consulibus
1714 1625 1823 1652 man·
1990 1604 1992 1649 l

294 1680 497 1719 dabantur.
530 1681 626 1719 item
653 1681 786 1719 iurare
812 1679 961 1718 Dialem
990 1680 1045 1718 sas
1072 1691 1286 1730 numquam
1314 1685 1383 1718 est.
1417 1680 1511 1717 item
1533 1679 1647 1718 anulo
1668 1680 1727 1717 uti
1747 1679 1824 1716 nisi

292 1747 430 1798 pernio
459 1757 649 1796 cassoque
677 1745 732 1783 fas
761 1757 839 1782 non
867 1749 937 1782 est.
971 1745 1102 1794 ignem
1123 1756 1142 1782 e
1163 1744 1347 1794 flaminia,
1373 1743 1413 1782 id
1434 1750 1493 1782 est
1513 1743 1683 1782 flaminis
1702 1742 1823 1781 Dialis

295 1812 426 1861 domo,
458 1812 536 1849 nisi
569 1822 724 1848 sacrum
758 1810 891 1848 efferri
924 1811 986 1848 ius
1012 1822 1089 1847 non
1118 1814 1187 1847 est.
1220 1810 1416 1859 uinctum,
1451 1810 1483 1847 si
1510 1808 1626 1847 aedes
1654 1809 1738 1847 eius
1765 1809 1823 1846 in-
1846 1824 1878 1849 15

294 1877 466 1926 troierit,
500 1875 600 1914 solui
633 1887 841 1913 necessum
876 1880 935 1913 est
967 1880 1006 1912 et
1036 1874 1194 1912 uincula
1224 1886 1300 1925 per
1331 1873 1567 1925 impluuium
1600 1875 1639 1911 in
1671 1872 1822 1923 tegulas

295 1941 463 1981 subduci
490 1946 605 1991 atque
632 1939 723 1978 inde
751 1940 853 1978 foras
880 1940 921 1977 in
948 1941 1052 1977 uiam
1075 1938 1238 1977 demitti.
1272 1939 1417 1977 nodum
1438 1940 1477 1977 in
1506 1940 1615 1990 apice
1635 1950 1763 1989 neque
1785 1939 1826 1976 in

296 2009 429 2046 cinctu
456 2018 584 2057 neque
611 2005 684 2044 alia
717 2006 757 2043 in
790 2010 899 2056 parte
931 2004 1055 2042 ullum
1088 2003 1216 2042 habet.
1260 2006 1292 2043 si
1329 2005 1417 2055 quis
1453 2003 1500 2042 ad
1535 2003 1826 2042 verberandum

297 2072 473 2122 ducatur,
502 2073 535 2109 si
563 2070 609 2110 ad
636 2070 756 2122 pedes
778 2072 863 2109 eius
885 2069 1049 2121 supplex
1075 2069 1342 2120 procubuerit,
1371 2082 1414 2108 eo
1438 2069 1499 2107 die
1520 2069 1725 2108 uerberari
1745 2070 1826 2119 pia-

297 2138 428 2177 culum
463 2142 533 2175 est.
581 2135 764 2187 capillum
796 2134 917 2173 Dialis
943 2136 1021 2174 nisi
1048 2136 1115 2185 qui
1142 2134 1242 2173 liber
1273 2135 1387 2173 homo
1423 2140 1499 2185 est,
1531 2146 1609 2172 non
1637 2133 1826 2172 detonset.
1847 2142 1881 2167 20

297 2215 453 2254 capram
488 2207 527 2240 et
560 2213 719 2240 carnem
752 2202 947 2239 incoctam
981 2205 1019 2238 et
1052 2199 1240 2238 hederam
1275 2206 1314 2238 et
1344 2199 1472 2238 sabam
1505 2211 1633 2250 neque
1666 2204 1827 2249 tangere

296 2268 396 2307 Diali
422 2280 506 2306 mos
534 2272 594 2306 est.
620 2279 747 2318 neque
774 2267 991 2304 nominare.
1024 2266 1260 2316 propagines
1289 2277 1308 2303 e
1335 2263 1484 2303 uitibus
1505 2264 1621 2302 altius
1647 2269 1828 2314 praeten-

297 2339 356 2372 tas
388 2346 465 2371 non
500 2332 686 2371 succidet.
719 2331 841 2383 pedes
874 2331 976 2381 lecti,
1009 2331 1048 2368 in
1082 2343 1158 2381 quo
1186 2329 1311 2380 cubat,
1344 2329 1425 2368 luto
1452 2330 1560 2368 tenui
1587 2328 1828 2367 circumlitos

300 2411 386 2437 esse
413 2403 565 2449 oportet
595 2403 634 2436 et
655 2397 701 2435 de
723 2409 767 2435 eo
789 2396 889 2435 lecto
912 2397 1140 2434 trinoctium
1161 2396 1392 2433 continuum
1414 2406 1491 2432 non
1513 2393 1680 2432 decubat
1700 2405 1828 2444 neque

299 2465 340 2502 in
368 2476 412 2502 eo
439 2463 539 2501 lecto
568 2462 712 2501 cubare
739 2461 859 2500 alium
885 2461 942 2498 fas
970 2467 1040 2499 est.
1075 2459 1176 2511 apud
1204 2460 1288 2498 eius
1315 2459 1408 2497 lecti
1433 2458 1603 2497 fulcrum
1630 2456 1828 2508 capsulam
1849 2464 1882 2490 25

301 2541 387 2567 esse
416 2541 504 2567 cum
532 2533 640 2566 strue
667 2533 782 2578 atque
816 2527 915 2565 ferto
949 2530 1113 2576 oportet.
1152 2525 1342 2575 unguium
1377 2523 1496 2562 Dialis
1523 2529 1561 2561 et
1588 2521 1717 2573 capilli
1744 2533 1828 2572 seg·
1999 2514 2000 2566 l

301 2595 406 2632 mina
433 2593 569 2632 subter
596 2592 777 2631 arborem
804 2591 958 2630 felicem
986 2596 1093 2629 terra
1119 2591 1362 2641 operiuntur.
1396 2588 1517 2627 Dialis
1545 2586 1687 2626 cotidie
1715 2587 1828 2625 feria·
1999 2571 2002 2644 l

304 2665 365 2697 tus
400 2664 468 2697 est.
515 2659 599 2696 sine
633 2659 742 2708 apice
777 2656 848 2695 sub
883 2655 972 2694 diuo
1007 2667 1092 2694 esse
1120 2655 1270 2693 licitum
1297 2666 1375 2692 non
1403 2659 1472 2692 est.
1507 2652 1616 2705 <Sub
1642 2656 1745 2690 tecto
1772 2652 1831 2690 uti

397 2784 413 2801 ‘¹‘
439 2784 596 2818 szzerz'
615 2785 719 2817 micis
745 2784 880 2817 inclusi
903 2786 988 2816 sunt
1008 2782 1174 2816 Bremeri
1197 2779 1514 2824 Iurisprudentiae
1538 2777 1832 2812 antehadrianae

303 2848 398 2882 quae
426 2838 623 2881 supersunt
648 2837 662 2869 I
688 2848 724 2880 p.
741 2839 872 2877 9—123
901 2836 977 2870 eius
1000 2835 1049 2878 fr.
1074 2837 1094 2868 7
1119 2839 1168 2869 est
1194 2833 1295 2878 apud
1320 2843 1384 2867 nos
1409 2831 1612 2867 Seruiliam
1635 2832 1682 2874 fr.
1703 2833 1735 2865 4.
