2002 3342
644 195 670 230 1.
698 195 762 229 DE
789 194 1066 230 ANNALIBVS
1092 196 1297 230 MAXIMIS
1609 212 1740 242 xxvn

198 307 339 355 fuisse,
361 309 618 354 coqnitioque
637 309 723 345 eius
743 308 807 344 rei
827 306 870 344 L.
887 306 1031 354 Serqio
1053 310 1092 345 et
1119 306 1160 352 O.
1177 307 1352 346 Seruilio
1375 313 1413 346 et
1434 309 1556 347 Mam.
1570 310 1739 349 Aemilio

196 373 410 420 permissa.
432 372 598 419 quidam
625 370 775 409 Ostiam
796 373 980 419 releyati,
1003 373 1120 419 quod,
1149 383 1225 409 cur
1236 384 1317 420 per
1337 384 1404 411 eos
1424 374 1510 412 dies
1530 386 1555 412 a
1576 375 1743 413 Fidenis

206 436 419 485 afuissent,
440 448 594 485 parum
621 437 843 475 constabat.
895 438 1127 475 colonorum
1154 438 1318 475 additus
1345 450 1537 476 numerus
1564 451 1742 487 afferque

206 503 258 540 iis
288 501 387 539 bello
421 504 752 550 interemptorum
784 503 1037 549 adsiynatus.
1086 504 1276 540 siccitate
1307 513 1352 541 eo
1385 514 1492 541 anno
1516 506 1742 553 plurimum

206 567 435 605 laboratum
471 571 546 614 est,
584 578 660 605 nec
695 568 889 605 caelestes
922 568 1038 605 modo
1075 566 1295 616 defuerunt
1331 579 1480 616 aquae,
1517 570 1590 607 sed
1629 574 1741 608 terra

206 642 363 679 (suoque
389 634 570 680 ingenito
597 642 736 669 umore
762 643 884 679 eyens
909 633 984 669 uia:
1011 633 1067 669 ad
1081 644 1290 680 perennes
1314 634 1477 681 suffecit
1505 645 1652 672 amnes.

297 693 335 746 6,
356 693 394 746 5,
410 693 550 746 6-6,
566 694 604 734 2.
634 693 753 746 7315,
770 695 808 734 9.
835 694 873 746 9,
895 693 963 746 20,
981 694 1125 748 1-4;
1146 694 1214 747 43,
1230 694 1418 736 25—26.
1449 696 1514 748 10,
1530 696 1597 748 47,
1613 696 1741 737 6—-7-

297 760 402 799 Haec
428 766 558 799 tamen
586 760 763 812 exempla
790 773 878 799 cum
911 762 1120 799 maximam
1152 766 1303 812 partem
1332 761 1379 800 ad
1412 775 1478 801 eos
1506 775 1627 802 annos
1654 776 1742 814 per·

206 828 367 877 tineant,
395 825 537 877 quibus
565 826 718 865 tabulae
741 825 940 865 dealbatae
963 826 1139 865 nondum
1165 828 1205 865 in
1233 828 1340 877 regia
1366 827 1523 878 publice
1549 841 1742 879 propone-

205 891 350 930 bantur
381 897 419 930 et
451 893 492 930 in
523 891 671 930 tablino
705 891 1038 942 recondebantur,
1074 904 1163 930 cum
1197 892 1370 931 Soltauio
1405 888 1564 946 (Lizn'us
1590 907 1625 944 p.
1654 890 1742 947 23),

206 956 324 995 simul
344 962 388 995 ut
409 969 487 1007 eos,
508 958 577 1008 qui
595 956 755 995 annales
775 957 1005 1008 pontificum
1022 957 1310 1008 suppleuerunt
1324 957 1516 1009 Liuioque
1536 961 1742 998 materiam

207 1021 579 1073 suppeditauerunt,
605 1021 758 1060 tabulas
786 1021 982 1060 dealbatas
1011 1027 1050 1061 et
1075 1019 1163 1073 tper
1189 1023 1364 1074 singulos
1393 1022 1491 1062 dies'
1520 1025 1622 1063 notis
1651 1037 1742 1063 con-

206 1088 378 1138 signatas
404 1088 577 1126 imitatos
604 1099 691 1126 esse
720 1086 1049 1139 demonstrarem,
1082 1100 1205 1126 unum
1239 1100 1286 1127 ex
1314 1090 1429 1127 tertia
1456 1088 1559 1127 Liuii
1587 1089 1742 1140 decade,

206 1165 282 1203 quo
315 1154 434 1191 totius
468 1154 560 1191 anni
593 1150 691 1191 203.
720 1149 803 1192 551
844 1165 909 1191 res
947 1153 1254 1204 comprehensae
1291 1158 1399 1205 sunt,
1439 1153 1583 1204 eligere
1623 1154 1744 1193 malui

207 1230 322 1268 quam
348 1217 461 1269 plura
486 1217 671 1256 breuiora
698 1218 914 1269 fragmenta
940 1230 1187 1257 coaceruare.
1232 1224 1415 1270 aspectus
1442 1220 1563 1270 igitur
1588 1219 1741 1259 tabulae

207 1283 405 1322 dealbatae
427 1288 466 1322 et
487 1281 574 1334 ‘per
593 1282 769 1334 singulos
791 1281 891 1322 dies’
912 1284 1015 1322 notis
1036 1285 1300 1335 consignatae,
1320 1286 1551 1336 priusquam
1574 1290 1742 1324 exeunte

207 1361 307 1387 anno
334 1350 374 1387 in
400 1347 592 1387 tablinum
620 1348 916 1399 reconderetur,
942 1348 1007 1387 hic
1033 1349 1114 1388 fere
1141 1350 1215 1388 suit
1243 1345 1331 1403 (30,
1352 1346 1446 1404 26):

296 1414 369 1461 (M.
392 1415 602 1461 Seruilius,
629 1417 700 1462 qui
725 1419 806 1453 tum
832 1417 1027 1463 maqister
1052 1418 1230 1464 equitum
1252 1422 1353 1464 erat,
1381 1422 1419 1455 et
1444 1417 1524 1455 Tib.
1551 1417 1743 1455 Claudius

206 1479 314 1519 Nero
342 1481 555 1527 consules.)
583 1501 640 1505 —-
666 1479 841 1528 Leqatos
867 1481 924 1518 aa'
952 1491 1104 1529 reyem,
1140 1484 1210 1529 qui
1240 1482 1344 1520 haec
1370 1483 1570 1520 aduersus
1597 1482 1744 1531 foedus

202 1545 321 1595 facta
347 1547 484 1584 uideri
499 1546 694 1594 patribus
719 1548 968 1597 nuntiarent,
995 1547 1210 1585 mittendos
1235 1549 1392 1585 censuit
1415 1552 1590 1586 senatus
1634 1550 1744 1586 missi

213 1610 250 1649 C.
277 1611 488 1649 Terentius
517 1611 646 1649 Varro
684 1610 722 1649 C.
753 1611 962 1650 Mamilius
995 1611 1050 1650 M.
1077 1612 1281 1650 Aurelius.
1339 1615 1389 1651 iis
1427 1617 1509 1651 tres
1547 1615 1741 1661 quinque-

205 1687 334 1715 remes
361 1677 494 1714 datae.

295 1743 437 1780 Annus
457 1743 631 1790 insignis
650 1743 840 1780 incendio
860 1744 1028 1790 inqenti,
1051 1753 1129 1791 quo
1156 1744 1288 1781 cliuus
1309 1743 1518 1782 Publicius
1545 1745 1601 1781 ad
1617 1746 1743 1782 solum

205 1811 385 1856 exustus,
406 1811 444 1845 et
464 1818 665 1855 aquarum
684 1808 966 1855 maqnititdine
986 1812 1024 1846 et
1047 1819 1237 1847 annonae
1258 1810 1416 1847 uilitate
1438 1809 1531 1859 fuit,
1549 1815 1742 1858 praeter-

207 1883 327 1921 quam
348 1873 457 1920 quod
464 1883 575 1921 paee
595 1875 724 1911 omnis
744 1872 868 1911 Italia
889 1878 979 1911 erat
1000 1879 1156 1923 aperta,
1184 1875 1305 1912 etiam
1326 1875 1435 1922 quod
1451 1886 1640 1923 maynam
1661 1877 1742 1913 uim

202 1937 401 1987 frumenti
422 1949 474 1976 ex
494 1937 695 1986 Hispania
715 1940 876 1976 missam
897 1938 952 1976 M.
972 1939 1158 1977 Valerius
1178 1939 1294 1977 Falto
1321 1945 1358 1977 et
1378 1939 1434 1978 M.
1448 1940 1602 1978 Fabius
1616 1941 1742 1979 Buteo

206 2004 359 2042 aediles
385 2004 548 2041 curules
573 2005 784 2051 quaternis
811 2006 921 2042 aeris
946 2006 1115 2042 uicatim
1131 2006 1284 2053 populo
1312 2006 1620 2054 discripserunt.

296 2069 447 2106 Eodem
475 2079 582 2107 anno
608 2068 781 2114 Quintus
800 2069 953 2108 Fabius
973 2069 1181 2108 Mascimus
1206 2073 1381 2108 moritur
1403 2075 1577 2109 exactae
1597 2073 1744 2110 aetatis

207 2129 408 2186 (sequitur
427 2132 562 2171 breuis
582 2130 784 2186 laudatio).
823 2146 960 2183 auqur
980 2137 1021 2173 in
1048 2137 1179 2174 locum
1206 2137 1292 2174 eius
1317 2138 1594 2184 inauquratus
1619 2136 1741 2182 Quin-

208 2204 272 2237 tus
297 2199 449 2237 Fabius
476 2199 684 2238 Maximus
704 2201 834 2248 filius,
869 2202 911 2238 in
945 2202 1123 2239 eiusdem
1148 2202 1279 2239 locum
1302 2200 1496 2250 pontifex
1522 2201 1635 2248 (nam
1663 2203 1741 2240 duo

204 2265 439 2302 sacerdotia
463 2265 622 2311 habuit)
651 2264 738 2303 Ser.
761 2265 965 2314 Sulpicius
996 2266 1134 2304 Galba.

297 2329 405 2368 Ludi
430 2329 608 2368 Romani
633 2331 737 2368 diem
763 2342 904 2381 unum,
929 2331 1084 2380 plebeii
1110 2336 1173 2369 ter
1205 2333 1278 2370 toti
1302 2334 1526 2370 instaurati
1552 2333 1602 2370 ab
1630 2333 1741 2370 aedi-

206 2395 312 2433 libus
331 2394 386 2432 M.
410 2394 548 2432 Sextio
571 2394 722 2434 Sabino
749 2399 787 2433 et
813 2395 880 2433 Cn.
906 2396 1114 2434 Tremellio
1135 2397 1296 2435 Flacco.
1334 2397 1378 2435 hi
1398 2398 1512 2435 ambo
1524 2401 1744 2446 praetores

202 2459 310 2509 facti
336 2465 374 2498 et
400 2471 489 2498 cum
515 2462 566 2498 iis
597 2459 635 2498 C.
656 2459 801 2498 Liuius
827 2461 1037 2500 Salinator
1062 2467 1099 2500 et
1131 2461 1170 2500 C.
1190 2462 1384 2500 Aurelius
1414 2462 1539 2500 Cotta.

295 2523 606 2575 Religiosissime
639 2530 770 2563 autem
802 2526 1010 2576 pontifices
1042 2525 1220 2577 prodigia
1252 2526 1396 2565 litteris
1428 2526 1614 2565 mandare
1642 2526 1741 2565 sole-

205 2588 302 2627 bant
327 2588 444 2627 simul
470 2601 560 2628 cum
586 2601 723 2628 eorum
742 2592 1032 2642 procuratione,
1058 2590 1177 2642 idque
1197 2592 1366 2630 maxime
1387 2596 1430 2630 ut
1450 2592 1598 2630 ciuium
1622 2592 1741 2630 animi

207 2653 458 2705 sedarentur,
495 2655 726 2706 priusquam
768 2656 950 2695 consules
989 2662 1271 2707 praetoresque
1312 2658 1352 2694 in
1391 2657 1617 2707 prouincias
1651 2668 1740 2707 pro-

208 2719 500 2770 ficiscerentur,
533 2732 632 2771 quae
666 2726 802 2759 auctor
834 2721 992 2772 quidam
1020 2721 1124 2760 Liuii
1150 2721 1197 2759 ad
1229 2721 1397 2760 uerbum
1425 2721 1649 2760 describere
1680 2734 1739 2759 so-

207 2783 312 2823 lebat
337 2783 553 2835 Liuiusque
579 2786 619 2823 in
646 2787 774 2836 tertia,
801 2792 950 2837 quarta,
984 2788 1119 2838 quinta
1148 2786 1292 2825 decade
1320 2799 1364 2825 ex
1394 2799 1450 2837 eo,
1484 2783 1582 2824 alifis
1609 2791 1740 2824 tamen

206 2861 255 2888 ne
282 2849 328 2888 ab
356 2850 413 2888 eis
440 2849 599 2900 quidem
625 2850 823 2890 indicibus
850 2864 989 2890 manus
1016 2851 1216 2890 abstinuit.
1259 2851 1471 2890 discrimen
1493 2852 1614 2901 igitur
1641 2852 1740 2889 ieiu-
