2002 3342
257 183 421 211 ‹11¹le
594 169 656 202 DE
684 167 991 202 SCRIPTORVM
1018 168 1140 202 VITIS
1167 168 1227 202 ET
1255 168 1461 203 SCRIPTIS

258 279 411 318 Liuium
440 279 700 318 ascendentes
727 280 767 317 in
795 279 855 316 bis
876 278 1072 317 Valerium
1094 279 1287 317 Antiatem
1316 291 1386 317 nos
1407 281 1519 330 quasi
1545 280 1585 318 in
1606 279 1786 318 manibus

255 344 412 395 babere,
438 350 644 395 postquam
672 346 748 382 iam
776 344 840 382 alii
869 345 1057 395 suspicati
1084 349 1192 394 sunt,
1220 349 1325 382 certa
1352 356 1421 382 sua
1448 346 1785 395 argumentatione

256 409 471 448 Mommsen
492 409 514 448 1.
536 422 565 448 s.
588 407 756 462 euicit.¹)

339 474 455 513 Vberi
488 480 617 513 autem
651 476 727 513 iam
754 475 931 513 Valerius
959 475 1092 513 Antias
1128 474 1376 513 diuersarum
1407 475 1597 513 famarum
1625 475 1787 513 materia

256 539 494 590 abundabat,
526 545 570 578 ut
595 539 669 578 1100
696 541 808 590 quasi
834 539 1074 578 lenocinium
1102 542 1138 578 ei
1165 544 1270 578 esset
1296 551 1361 578 eas
1389 539 1681 578 contaminandi
1707 540 1786 577 exi-

256 611 398 655 tusque
426 604 594 643 celebris
615 605 843 655 Scipionum
866 617 982 655 quam
1005 606 1173 643 maxime
1195 609 1277 643 arte
1299 603 1559 655 componendi
1582 603 1786 642 dilatandi-

257 682 331 720 que
366 675 481 721 atque
513 670 716 708 hominum
744 672 895 708 animos
923 669 1119 708 excitandi
1150 676 1189 707 et
1215 682 1330 720 quam
1357 670 1590 720 grauissime
1618 681 1787 707 commo-

255 734 387 773 uendi.
427 734 475 773 ob
510 735 609 773 lianc
643 736 762 785 igitur
790 747 872 773 rem
903 736 1049 786 tragica
1077 737 1227 773 ratione
1253 747 1450 773 summum
1477 734 1720 784 triumphum
1747 733 1786 771 P.

256 799 430 838 Africani
463 800 523 839 die
552 801 734 839 Zamensi
765 813 837 851 per
870 805 988 838 totam
1021 799 1160 839 urbem
1193 801 1402 850 omniaque
1434 799 1578 850 templa
1606 811 1693 837 cum
1721 811 1787 849 po-

256 865 346 916 pulo
378 865 550 904 Romano
584 860 912 918 circumeuntis2)
948 864 1232 916 decessumque
1265 864 1512 903 Literninum
1545 865 1790 902 continuauit

258 942 385 981 neque
412 931 481 969 has
509 931 688 969 fortunae
708 930 1006 969 uicissitudines
1025 931 1128 968 intra
1147 931 1266 969 unius
1287 931 1378 968 anni
1402 931 1591 968 terminos
1613 934 1788 966 coartare

256 997 409 1035 ueritus
437 992 551 1050 est-⁹³),
579 996 681 1047 quod
708 997 914 1034 inuentum
942 997 1038 1047 siue,
1064 1000 1107 1034 ut
1134 995 1271 1034 Latine
1298 995 1446 1046 loquar,
1474 993 1722 1032 mendacium
1751 999 1789 1032 et

258 1060 463 1099 Cornelius
484 1060 613 1112 Nepos
641 1061 662 1099 l.
684 1074 713 1100 s.
735 1062 887 1100 notauit
913 1066 951 1099 et
978 1062 1061 1111 ipse
1082 1062 1123 1099 in
1148 1061 1326 1111 proximo
1348 1059 1446 1098 libro
1469 1055 1556 1111 (39,
1571 1056 1639 1106 52,
1658 1056 1677 1097 1
1694 1070 1789 1110 sqq.,

257 1126 324 1164 ubi
352 1132 459 1165 recte
486 1126 667 1165 Publium
696 1140 727 1164 a.
746 1124 840 1165 183.
863 1123 945 1164 571
976 1131 1176 1164 mortuum
1204 1137 1291 1164 esse
1319 1120 1518 1176 exposuit)
1546 1124 1692 1162 Antiati
1725 1135 1789 1162 ex-

257 1191 461 1243 probrauit
492 1204 619 1242 neque
652 1197 782 1230 tamen
815 1193 855 1230 in
888 1191 963 1229 hoc
996 1192 1177 1229 correxit.
1217 1190 1390 1229 Exorsus
1418 1191 1538 1240 igitur
1571 1202 1589 1227 a
1616 1188 1788 1239 Polybio,

258 1257 371 1294 cuius
404 1256 620 1306 fragmenta
649 1255 764 1295 Gellii
795 1258 880 1295 siue
908 1256 1081 1295 Cornelii
1107 1257 1344 1294 testimoniis
1373 1251 1617 1305 augemus4),
1643 1267 1713 1305 pro
1741 1253 1788 1292 M.

258 1320 424 1372 Naeuio,
461 1334 480 1359 a
517 1334 593 1372 quo
622 1321 848 1360 Africanum
883 1323 1054 1373 primum
1088 1321 1189 1372 apud
1222 1321 1410 1372 populum
1443 1325 1668 1358 accusatum
1702 1331 1789 1357 esse

257 1385 417 1436 legerat,
452 1385 547 1424 duos
574 1386 617 1431 Ο.
639 1386 813 1425 Petillios
847 1387 1068 1439 substituit3
1104 1386 1214 1425 illum
1248 1387 1352 1424 enim
1386 1398 1417 1423 a.
1436 1383 1530 1424 184.
1552 1382 1639 1423 570
1666 1384 1788 1423 tribu-

259 1464 353 1490 num
375 1452 495 1489 fuisse
518 1451 654 1490 Liuius
677 1447 764 1505 (39,
780 1450 847 1502 52,
863 1450 909 1506 3)
931 1453 1176 1503 meminerat,
1195 1451 1369 1490 Petillios
1391 1456 1520 1489 autem
1541 1463 1572 1488 a.
1591 1447 1686 1488 187.
1702 1447 1785 1488 567

259 1529 278 1554 a
319 1516 462 1555 Catone
500 1522 634 1555 contra
668 1517 873 1568 Scipiones
909 1519 1111 1556 inmissos:
1150 1518 1282 1567 itaque
1317 1516 1389 1554 hos
1424 1520 1587 1566 propter
1626 1526 1790 1565 regnum

261 1581 564 1633 superbiamque
592 1583 633 1621 in
659 1582 841 1621 Publium
868 1584 1048 1621 inuectos
1076 1595 1162 1621 esse
1189 1582 1382 1631 narrauit,
1415 1580 1520 1619 1111110
1547 1585 1675 1618 autem
1700 1592 1790 1630 pro-

358 1706 389 1747 1)
417 1703 527 1747 Apud
554 1703 646 1736 alios
667 1703 866 1747 scriptores
887 1703 1098 1748 fragmenta
1118 1703 1264 1736 tantum
1286 1701 1395 1736 modo
1417 1700 1495 1734 eius
1519 1711 1652 1734 causae
1679 1699 1791 1733 habe-

259 1769 358 1799 musg
386 1756 646 1800 antiquissima
673 1756 875 1790 auctoritas
896 1758 952 1790 est
971 1755 1118 1800 Polybii
1138 1758 1206 1799 (24,
1223 1759 1255 1796 9,
1271 1758 1308 1796 (ὃς
1337 1758 1383 1796 9⁸,
1401 1755 1517 1797 1—5),
1545 1764 1657 1795 quam
1683 1763 1702 1787 e
1727 1763 1791 1797 ge-

259 1810 373 1845 nuino
393 1811 499 1845 textu
519 1810 730 1854 excerptam
752 1812 788 1844 et
809 1809 968 1844 Cornelii
988 1808 1203 1843 testimonio
1223 1810 1296 1853 (ap.
1313 1807 1405 1841 Gell.
1421 1811 1454 1849 4,
1468 1809 1523 1851 18)
1543 1805 1791 1850 supplendam

261 1875 339 1899 esse
366 1864 445 1899 ueri
467 1864 587 1898 simile
607 1865 679 1906 est,
707 1863 928 1907 antiquioris
950 1862 1072 1897 famae
1092 1861 1342 1896 meminerunt
1361 1860 1488 1895 Cicero
1509 1860 1568 1905 (de
1583 1862 1673 1893 orat.
1690 1863 1721 1902 2,
1734 1863 1789 1901 61,

262 1921 339 1952 249.
375 1918 420 1953 de
439 1918 605 1962 prouinc.
628 1917 766 1951 consul.
789 1921 821 1959 8,
839 1918 912 1960 18),
947 1916 1074 1950 Liuius
1104 1915 1142 1949 in
1169 1909 1393 1959 appendice,
1427 1913 1524 1947 aliae
1551 1917 1617 1947 aut
1643 1912 1691 1946 ad
1717 1913 1791 1946 An-

260 1972 390 2006 tiatem
421 1971 579 2005 redeunt
611 1972 670 2015 (ut
695 1970 853 2015 Appian.
882 1969 961 2014 Syr.
981 1973 1026 2003 40
1060 1971 1097 2003 et
1128 1968 1284 2003 fortasse
1315 1966 1439 2000 Aurel.
1461 1966 1557 2000 Vict.
1583 1966 1628 1999 de
1648 1965 1716 1999 uir.
1738 1964 1791 1999 ill.

261 2029 316 2059 49.
339 2027 395 2068 53)
424 2027 490 2059 aut
515 2025 563 2058 ad
583 2024 731 2058 Liuium
751 2023 898 2068 (Orosii,
925 2022 1128 2065 Plutarchi,
1155 2020 1494 2065 Dionis-Zonarae).
1521 2019 1617 2053 Vide
1638 2019 1790 2053 Momm-

261 2090 325 2113 sen
350 2091 385 2123 p.
402 2081 600 2113 419—432.

358 2134 390 2175 2)
419 2131 525 2173 Quod
545 2131 679 2165 Antias
702 2131 885 2175 Scipionis
912 2130 1015 2163 illam
1043 2128 1324 2170 continentiam,
1350 2137 1424 2171 qua
1443 2125 1668 2170 Carthagine
1693 2135 1792 2159 noua

262 2188 476 2230 expugnata
508 2197 595 2219 usus
629 2187 698 2226 est,
730 2184 906 2228 malignis
938 2183 1156 2217 rumoribus*
1180 2182 1225 2216 de
1253 2180 1331 2216 eius
1357 2177 1556 2227 φιλογυνίᾳ
1583 2179 1641 2222 (cf.
1663 2178 1791 2223 Polyb.

264 2241 319 2282 10,
336 2241 452 2283 19,3),
480 2238 612 2282 quibus
639 2238 800 2272 maxime
820 2237 985 2271 Naeuius
1011 2235 1178 2277 indulsit,
1206 2234 1390 2269 adductus
1416 2233 1453 2267 in
1484 2232 1645 2267 deterius
1673 2232 1792 2266 detor-

262 2292 320 2333 sit,
349 2292 428 2326 eius
454 2291 714 2337 neglegentiae
740 2291 779 2325 in
806 2290 1046 2335 excerpendis
1068 2289 1282 2324 auctoribus
1310 2289 1347 2322 et
1371 2287 1493 2321 studio
1520 2286 1651 2320 talium
1670 2296 1790 2319 rerum

262 2345 500 2379 tribuendum
527 2348 590 2379 est.

358 2400 392 2442 3)
419 2398 471 2432 Cf.
501 2397 685 2433 Ciceronis
719 2397 918 2442 epistulam
945 2397 993 2431 ad
1018 2396 1215 2430 Lucceium
1246 2394 1441 2429 scribentis
1468 2396 1513 2436 (5,
1530 2394 1651 2437 12,4):
1685 2393 1793 2427 Nihil

263 2456 312 2486 est
338 2452 433 2487 enim
458 2453 583 2495 aptius
608 2453 658 2486 ad
683 2452 950 2486 delectationem
978 2451 1118 2485 lectoris
1143 2460 1251 2494 quam
1276 2453 1477 2492 temporum
1496 2447 1692 2481 uarietates
1717 2446 1790 2488 for-

263 2509 440 2550 tunaeque
465 2504 747 2540 uieiesitudines.

358 2560 393 2603 4)
420 2557 525 2593 Certe
551 2558 611 2592 hic
638 2569 720 2592 cum
746 2557 903 2602 Polybio
930 2557 1079 2592 omnino
1105 2567 1179 2590 non
1204 2555 1401 2598 discrepat,
1434 2552 1670 2596 nominaque,
1696 2562 1792 2595 quae

263 2623 360 2646 nunc
387 2612 486 2656 apud
512 2611 618 2645 illum
641 2612 786 2655 desunt,
812 2612 922 2646 facile
949 2621 992 2645 ex
1017 2611 1087 2644 hoc
1112 2609 1225 2643 inseri
1245 2611 1355 2651 atque
1375 2617 1432 2642 res
1452 2616 1622 2650 quaeque
1643 2615 1791 2639 accura-

264 2666 337 2699 tius
364 2664 507 2699 definiri
535 2666 700 2709 possunt.
739 2665 990 2710 fragmentum
1011 2663 1161 2707 quidem
1185 2661 1342 2695 alterum
1363 2671 1407 2694 ex
1427 2659 1571 2693 duabus
1598 2657 1792 2703 particulis

264 2718 326 2752 uix
353 2718 560 2752 coniunctis
583 2718 708 2762 (πάλιν
734 2716 775 2753 δέ
800 2730 889 2753 ποτε
911 2716 1021 2762 λόγον
1042 2712 1291 2755 ἀπαιτοῦντός
1309 2714 1423 2757 τινος)
1451 2713 1608 2754 constat,
1635 2722 1791 2755 quarum

264 2771 422 2816 priorem
448 2783 487 2805 re
512 2782 602 2805 uera
628 2773 707 2805 arte
734 2783 816 2805 cum
843 2771 961 2805 altera
980 2770 1175 2804 cohaerere
1203 2779 1246 2802 ex
1265 2767 1370 2801 Liuio
1398 2778 1427 2800 c.
1450 2768 1656 2809 55,10—13
1683 2763 1791 2797 disci-

264 2836 356 2859 mus.
397 2824 616 2869 excerpendi
643 2824 758 2869 igitur
782 2824 964 2858 indicium
989 2822 1241 2857 manufestum
1268 2822 1333 2855 est.
