2002 3342
465 192 660 227 VALERn
687 190 910 226 ΑΝΤῙΑΤῙΞ
937 190 1173 225 ANNALES.
1212 190 1254 226 fr.
1277 195 1415 225 35—41
1622 191 1708 232 '255

179 317 354 356 rogasse,
391 304 451 342 liis
489 303 653 342 duarum
689 303 982 354 prouinciarum
1018 301 1224 340 dilectibus
1258 304 1416 341 tertium
1450 304 1487 340 in
1523 302 1708 354 Hispania

176 370 379 409 adiecisse.

267 432 369 474 39&
403 435 490 473 Liu.
512 434 580 484 36,
598 434 664 482 19,
685 434 746 471 10.
787 432 982 471 Romanus
1010 434 1206 483 equitatus
1232 435 1362 485 ipsum
1387 433 1544 485 quidem
1574 446 1706 485 regem

174 498 438 552 [Antiochum
466 511 516 537 ex
533 511 679 548 passm!
705 499 738 536 T
739 500 1036 548 lzermostylense·
1058 496 1303 550 sumentem]
1324 499 1469 537 Elatiae
1498 499 1707 538 adsecutus

140 579 155 604 5
177 579 255 604 non
288 571 364 617 est3
400 576 578 615 magnam
612 569 762 614 partem
797 564 962 613 agminis
995 569 1057 601 aut
1094 563 1323 602 lassitudine
1355 564 1615 603 subsistentes
1643 571 1709 603 aut

177 643 330 681 errore,
362 635 405 668 ut
437 630 503 680 qui
537 630 620 667 sine
650 628 814 667 ducibus
840 641 912 679 por
938 630 1067 679 ignota
1096 630 1237 667 itinera
1265 630 1463 681 fugerent,
1498 630 1707 681 dissipatos

175 699 476 747 oppresserunt3
508 706 582 732 nec
608 699 766 744 praeter
792 696 1042 745 quingentos,
1077 695 1142 744 qui
1169 696 1271 732 circa
1301 707 1432 745 regem
1462 696 1631 746 fuerunt,
1660 708 1705 734 ex

173 767 254 800 toto
291 761 467 799 exercitu
503 760 709 810 quisquam
744 759 896 809 effugit,
933 760 1050 797 etiam
1084 771 1130 796 ex
1166 758 1301 797 decem
1333 759 1491 798 milibus
1525 760 1707 812 militum,

176 839 273 878 quos
300 824 458 876 Polybio
490 829 649 863 auctore
680 825 885 862 traiecisse
919 836 1051 862 secum
1080 836 1214 874 regem
1240 826 1280 862 in
1309 824 1513 863 Graeciam
1546 827 1706 876 scripsi-

121 906 154 931 ιο
174 903 274 942 mus,
301 891 464 940 exiguus
491 901 692 928 numerus.
732 889 825 940 quid
859 891 891 928 si
918 890 1063 927 Antiati
1090 889 1242 928 Valerio
1270 889 1477 928 credamus
1505 892 1705 941 sexaginta

172 956 279 995 milia
310 956 481 994 militum
514 955 635 993 fuisse
668 956 708 993 in
739 956 846 1005 regio
879 955 1055 993 exercitu
1089 954 1298 1005 scribenti,
1331 955 1586 1006 quadraginta
1615 955 1704 994 inde

170 1021 277 1060 milia
312 1020 521 1070 cecidisse,
555 1032 672 1071 supra
706 1021 880 1071 quinque
913 1019 1019 1058 milia
1053 1026 1164 1071 capta
1196 1032 1284 1058 cum
1318 1021 1441 1071 signis
1468 1020 1704 1059 militaribus

171 1086 352 1126 ducentis
380 1083 569 1136 triginta?
606 1085 871 1124 Romanorum
900 1090 1057 1123 centum
1086 1086 1367 1136 quinquaginta
1395 1087 1434 1124 iu
1468 1087 1552 1137 ipso
1581 1092 1706 1125 certa-

171 1153 276 1190 mine
303 1163 475 1202 pugnae,
509 1150 554 1188 ab
587 1151 751 1189 incursu
778 1150 1001 1189 Aetolorum
1035 1162 1076 1189 se
1110 1156 1265 1189 tuentes
1292 1163 1370 1189 non
1396 1151 1484 1202 plus
1512 1153 1704 1203 quinqua·

117 1230 151 1256 15
172 1218 279 1268 ginta
306 1216 506 1255 interfecti
533 1221 635 1254 sunt.

258 1278 360 1322 40²&
394 1281 481 1320 Lm.
504 1281 572 1329 36,
587 1282 655 1329 36,
671 1282 709 1319 3.
749 1281 824 1319 Per
844 1281 948 1320 idem
970 1282 1051 1320 fere
1074 1286 1228 1332 tempus
1250 1281 1366 1321 aedes
1386 1282 1522 1321 Matris
1543 1282 1703 1333 Magnae

169 1347 306 1386 Idaeae
342 1346 516 1385 dedicata
550 1352 627 1397 est,
661 1359 777 1397 quam
811 1346 922 1385 deam
949 1348 982 1385 is
1009 1346 1048 1385 P.
1076 1346 1281 1385 Cornelius
1309 1347 1512 1386 adnectam
1540 1359 1586 1386 ex
1612 1348 1704 1387 Asia

168 1412 207 1450 P.
236 1411 417 1451 Cornelio
445 1411 641 1463 Scipione,
670 1413 733 1450 cui
760 1418 893 1463 postea
920 1412 1102 1450 Africano
1131 1412 1206 1450 fuit
1231 1425 1462 1464 cognomen,
1491 1413 1530 1452 P.
1553 1413 1704 1452 Licinio

169 1476 397 1516 consulibus
430 1478 470 1514 in
497 1476 687 1515 Palatium
721 1490 740 1515 a
770 1479 868 1515 mari
896 1477 1100 1516 detulerat.
1140 1477 1367 1516 locauerant
1394 1478 1530 1517 aedem
1558 1479 1704 1517 facien-

112 1557 146 1581 20
167 1543 255 1582 dam
283 1555 329 1581 ex
357 1549 516 1581 senatus
545 1543 722 1582 consulto
746 1543 791 1581 M.
814 1543 950 1581 Liuius
971 1542 1010 1581 C.
1033 1542 1217 1582 Claudius
1242 1555 1426 1582 censores
1447 1543 1495 1582 Μ.
1518 1544 1702 1583 Cornelio

166 1608 207 1647 Ρ.
234 1608 467 1659 Sempronio
493 1607 739 1660 consulibus3
771 1607 961 1647 tredecim
988 1609 1100 1647 annis
1126 1614 1332 1659 postquam
1359 1609 1482 1648 locata
1512 1616 1611 1659 erat,
1639 1609 1704 1648 de-

149 1673 315 1712 'dieauit
348 1685 432 1712 eam
459 1672 507 1711 M.
534 1673 669 1712 lunius
696 1673 860 1724 Brutus,
892 1673 1053 1724 ludique
1081 1673 1128 1712 ob
1157 1673 1443 1713 dedicationem
1478 1676 1562 1713 eius
1596 1675 1702 1728 facti,

166 1751 264 1790 quos
296 1739 445 1789 primos
479 1740 680 1777 scaenicos
714 1739 835 1777 fuisse
861 1739 994 1777 Antias
1021 1738 1198 1778 Valerius
1226 1745 1285 1778 est
1311 1744 1465 1791 auctor,
1492 1740 1701 1791 Megalesia

167 1803 394 1854 appellatos.

111 1881 145 1907 25
255 1864 332 1908 41.
366 1869 454 1908 Lz'u.
477 1869 545 1917 36,
561 1869 629 1917 38,
645 1870 683 1908 5.
717 1869 876 1908 Duobus
898 1869 979 1908 fere
1000 1876 1089 1921 post
1109 1869 1312 1909 mensibus
1327 1870 1367 1909 P.
1383 1869 1586 1909 Cornelius
1608 1883 1699 1909 con-

264 1994 330 2029 39.
361 1995 510 2030 Orosius
535 1997 703 2038 4,20,21
729 2006 896 2030 numeros
922 1995 1062 2031 Valerii
1086 2007 1129 2030 ex
1155 1996 1269 2030 Liuio
1296 1998 1556 2041 transscripsit.

264 2041 330 2077 40.
364 2043 521 2077 Errores
554 2043 692 2077 Valerii
722 2044 855 2077 Nissen
881 2054 920 2087 p.
943 2045 1016 2078 186
1046 2044 1203 2078 notauit.
1243 2043 1301 2087 (de
1332 2045 1472 2078 ultimis
1503 2045 1623 2080 uerbis
1654 2046 1699 2089 cf.

169 2089 307 2124 Liuius
331 2092 392 2132 29,
407 2093 463 2132 14,
480 2092 524 2124 14
550 2089 823 2125 lectisternium
849 2092 886 2124 etz
911 2089 991 2124 ludi
1016 2090 1130 2132 fuere,
1157 2091 1388 2136 Megalensia
1415 2091 1629 2137 appellat-a.)

263 2135 330 2172 41.
363 2137 535 2172 Eundem
562 2138 700 2172 Valerii
730 2149 919 2172 numerum
950 2138 1088 2173 Liuius
1122 2149 1148 2172 e.
1171 2141 1235 2181 40,
1257 2141 1278 2173 5
1311 2139 1352 2173 Ρ.
1383 2139 1590 2175 Cornelium
1625 2140 1702 2175 Sci-

259 2257 282 2292 2
311 2254 499 2292 adiecisse
525 2256 631 2302 Illoy.
665 2255 856 2305 adlegisse
882 2255 1023 2293 Bamb.

259 2308 337 2363 39,
368 2316 402 2352 7.
420 2315 443 2351 8
472 2327 516 2351 ex
544 2314 620 2352 isto
648 2328 705 2352 ex.
732 2315 871 2352 Bamb.
905 2328 949 2352 ex
975 2318 1060 2353 toto
1087 2328 1142 2352 ex.
1169 2317 1275 2364 Illoy.
1376 2319 1397 2354 9
1427 2317 1531 2365 quod
1558 2317 1700 2354 Bamb.

167 2374 369 2411 traiecisse
402 2386 489 2411 eum
521 2374 660 2412 Bamb.
787 2376 839 2412 1Ο
873 2374 977 2423 quod
1010 2374 1042 2412 si
1074 2375 1214 2412 Bamb.
1345 2378 1394 2414 11
1433 2376 1700 2426 quadraginta

167 2432 259 2470 inde
285 2428 356 2483 m.]
384 2436 540 2471 centum
566 2433 833 2483 quadraginta.
858 2447 907 2471 m.
928 2435 1033 2481 Moy.
1123 2435 1175 2472 13
1202 2435 1350 2483 inipso
1371 2437 1591 2474 cert—15
1620 2448 1698 2473 non

166 2491 257 2540 plus
284 2493 574 2542 quinquaginta
600 2504 670 2530 om.
693 2493 831 2530 Bamb.
859 2494 947 2530 add.
968 2494 1074 2541 Moy.

257 2545 330 2600 40,
362 2552 412 2588 17
446 2548 608 2602 Idaeae]
641 2553 818 2600 Moyunt.
857 2552 951 2590 deae
984 2553 1124 2590 Bamb.
1158 2555 1226 2590 aut
1256 2565 1424 2603 magnae
1457 2557 1525 2591 aut
1556 2554 1702 2592 Idaeae

169 2610 372 2648 abundare
396 2611 550 2648 uidetur
578 2612 633 2649 W
630 2611 885 2649 eisscnbormo
947 2611 978 2649 is
1005 2624 1074 2649 om.
1095 2611 1236 2649 Bamb.
1361 2614 1412 2650 18
1440 2615 1530 2662 post
1556 2625 1580 2656 ς

168 2668 369 2707 Affricano
399 2670 538 2708 Bamzb.
664 2673 715 2708 21
750 2670 792 2708 P.
819 2672 1001 2718 siqonius
1034 2670 1077 2709 T.
1103 2671 1245 2710 Bamb.
1306 2672 1414 2709 XXX
1447 2673 1558 2710 annis
1590 2675 1697 2721 post-

168 2740 287 2776 quam
313 2728 515 2767 locauerat
534 2730 674 2767 Bamb.
698 2731 738 2766 m
757 2730 809 2767 lit.
842 2730 1028 2767 tredecim
1057 2743 1178 2768 annos
1203 2732 1295 2779 post
1315 2743 1435 2780 quam
1461 2731 1592 2769 locata
1613 2734 1698 2769 erat

167 2788 274 2835 Moy.
399 2790 463 2825 21.
482 2790 533 2825 22
563 2788 770 2826 dedeeauit
795 2788 935 2826 Bamb.
1058 2791 1111 2827 23
1140 2789 1324 2828 Valerius
1351 2791 1493 2828 Antias
1519 2792 1625 2839 Moy.

256 2841 335 2897 41,
364 2849 416 2885 25
444 2848 523 2885 fere
550 2859 619 2885 om.
642 2848 783 2885 Bamb.
846 2848 978 2886 consul
1006 2860 1076 2886 om.
1099 2861 1123 2892 ς

1738 412 1802 441 191

1736 460 1808 501 503

1734 1266 1798 1295 191

1732 1326 1805 1356 563-

1728 1841 1799 1893 Q

1730 1901 1803 1931 563-
