2002 3342
692 193 728 226 L.
752 193 942 228 CASSIVS
969 194 1162 228 HEMINA
1516 210 1691 239 CLXXIII

160 303 205 342 de
228 303 350 342 Gellio
372 303 501 353 Vnger
520 299 638 355 (mus.
661 302 783 342 1111011.
806 303 942 341 XXXV
969 318 1003 355 p.
1031 302 1114 358 13),
1143 305 1188 343 de
1217 306 1355 343 Seruio
1377 305 1565 344 Wissowa
1593 303 1690 359 (Ab-

157 370 294 407 handl.
321 381 356 419 p.
381 365 463 407 105
479 364 594 420 sqq).
647 373 798 406 ceteros
831 374 960 408 autem
994 369 1200 408 thesauros
1233 370 1493 408 Varronianos
1533 371 1690 422 adiisse,

159 433 434 482 Censorinum,
475 432 669 483 Solinum,
709 433 892 472 Seruium
932 434 1260 485 scholiastamque
1298 435 1456 485 Vergilii
1492 435 1690 475 Veronen-

159 511 253 548 sem,
280 497 530 548 Macrobium,
558 497 855 547 Tertullianum,
883 498 1038 537 aliunde
1066 501 1161 537 satis
1183 505 1335 538 constat
1356 501 1690 552 confirmaturque

158 562 391 614 quibusdam
425 562 519 601 locis
553 564 797 601 auctoritatis
824 564 1086 602 Varronianae
1120 566 1411 615 propinquitate
1443 561 1508 618 (cs.
1537 567 1582 604 fr.
1607 565 1626 604 1
1658 579 1689 604 c.

158 628 244 666 adn.
272 625 309 666 5.
337 624 440 681 6).¹)
486 627 539 665 De
568 627 649 665 solo
676 628 849 679 Appiano
878 625 973 682 (19)
1001 629 1191 667 iudicium
1219 629 1394 669 cohibeo.

247 692 323 731 Sed
361 698 481 730 restat
520 698 562 731 ut
601 705 895 744 expromamus,
940 693 1034 744 quid
1081 693 1126 732 de
1166 695 1291 732 (Iassii
1330 695 1441 733 libris
1483 697 1689 734 minimum

158 757 308 796 duobus
349 757 405 796 de
446 770 574 796 cens
591 758 783 796 oribus
823 760 999 809 scriptis,
1039 772 1136 810 quos
1168 758 1328 798 laudare
1354 760 1514 798 uidetur
1540 760 1690 799 Nonius

159 818 223 876 (fr.
245 819 334 876 ⁶23),
361 824 589 861 sentiamus.
627 823 744 862 talem
773 823 916 862 librum
945 836 1033 862 eum
1061 824 1255 863 conficere
1283 827 1458 875 potuisse
1470 822 1502 878 2)
1529 830 1692 876 propter

157 889 432 939 antiquitatum
465 887 639 926 studium
673 889 791 927 etiam
824 890 863 927 in
898 889 1105 928 annalibus
1139 891 1396 940 conspicuum
1430 903 1507 928 non
1536 896 1595 928 est
1620 902 1692 929 cur

156 954 373 1003 praefracte
400 965 601 1003 negemus.
642 959 680 992 at
707 959 745 992 et
769 953 892 992 uerba
918 955 1003 1005 ipsa
1029 954 1121 993 talia
1143 960 1246 1005 sunt,
1273 960 1315 993 ut
1335 957 1467 1006 potius
1489 968 1533 993 ex
1556 967 1689 993 narra-

156 1019 260 1056 tione
293 1019 485 1068 originem
520 1020 685 1057 traxisse
718 1019 945 1070 uideantur,
986 1025 1025 1058 et
1057 1019 1216 1058 annales
1248 1020 1313 1058 uel
1348 1020 1533 1059 historias
1567 1020 1689 1059 Cassii

155 1082 303 1121 Nonius
326 1082 531 1121 duodecim
553 1084 649 1122 locis
670 1086 818 1134 citauit,
846 1084 990 1123 librum
1013 1084 1059 1123 de
1081 1084 1313 1124 censoribus
1334 1098 1540 1136 nusquam.
1573 1098 1689 1136 quam

155 1147 202 1186 ob
235 1160 336 1199 rem,
375 1161 463 1187 cum
497 1151 546 1188 de
579 1151 816 1188 censorious
847 1162 924 1188 non
959 1149 1049 1188 libri
1077 1150 1253 1189 Cassiani
1287 1152 1586 1202 inscriptionem
1621 1149 1690 1189 sed

154 1215 278 1264 ipsius
305 1213 421 1252 Nonii
447 1213 568 1252 uerba
596 1227 682 1253 esse
710 1211 1040 1268 existimarem3)‚
1076 1215 1242 1254 Krausio
1270 1215 1488 1267 llothioque
1516 1216 1689 1267 adstipu-

155 1278 254 1317 latus
282 1291 325 1317 ea
353 1280 393 1317 in
420 1279 619 1318 annalium
646 1280 877 1331 fragmentis
909 1283 1035 1331 posui.
1080 1293 1208 1332 neque
1243 1282 1348 1320 enim
1382 1283 1527 1320 mirum
1561 1281 1690 1320 uideri

155 1345 298 1394 poterit
333 1344 406 1383 hoc
436 1344 519 1383 loco
556 1347 746 1384 omissum
783 1358 869 1384 esse
897 1358 916 1384 a
944 1345 1069 1385 Nonio
1109 1346 1307 1385 annalium
1343 1346 1407 1385 uel
1433 1347 1688 1385 historiarum

154 1409 388 1447 uocabulum
416 1410 566 1448 collatis
594 1423 651 1449 ex.
680 1423 735 1461 gr.
764 1412 809 1449 fr.
838 1409 905 1450 PT.
952 1411 1054 1450 Coel.
1082 1412 1128 1450 fr.
1154 1409 1222 1450 46.
1269 1412 1423 1450 Sisenn.
1452 1412 1497 1450 fr.
1527 1409 1563 1451 7.
1593 1409 1688 1450 114.

158 1472 251 1513 1⁴23.
282 1472 376 1525 130,
403 1477 566 1514 mutatio
593 1481 723 1514 autem
751 1476 972 1515 litterarum
999 1477 1209 1527 fragmenti
1237 1478 1464 1524 (demole'uit
1490 1478 1530 1515 in
1558 1479 1688 1516 demo-

153 1542 275 1587 liunt)
303 1552 426 1591 paene
454 1540 558 1579 nulla
586 1547 655 1579 est.

250 1670 281 1712 1)
308 1667 433 1702 Etiam
465 1667 496 1701 is
531 1667 595 1711 qui
629 1668 797 1701 auctores
834 1667 988 1712 originis
1024 1668 1146 1712 gentis
1182 1668 1371 1702 Romanae
1406 1667 1530 1711 finxit,
1570 1667 1688 1702 Cassii

152 1721 300 1755 nomine
327 1733 414 1755 usus
441 1722 498 1755 est
524 1723 632 1765 (6.7).
672 1720 748 1755 uid.
768 1721 942 1755 Muenzer
969 1721 1086 1756 Cacus
1111 1733 1146 1765 p.
1170 1725 1248 1756 107.

248 1777 282 1819 2)
309 1775 410 1809 Haec
431 1776 488 1808 est
507 1774 695 1808 sententia
708 1785 792 1808 cum
815 1774 1015 1809 multorum
1036 1776 1115 1808 tum
1130 1774 1335 1809 Weicherti
1354 1787 1390 1820 p.
1409 1778 1473 1809 181
1495 1777 1533 1809 et
1546 1773 1689 1808 Hertzii

151 1828 187 1862 in
209 1827 310 1862 Iahn.
331 1839 415 1862 ann.
431 1831 475 1862 85
497 1840 531 1872 p.
547 1830 591 1861 47
612 1839 647 1862 n.
663 1831 682 1861 8
711 1829 748 1862 et
767 1828 805 1861 in
826 1829 1103 1873 programmate
1131 1828 1176 1862 de
1196 1828 1280 1863 hist.
1305 1829 1405 1863 Rom.
1428 1828 1532 1872 reliq.
1553 1840 1587 1872 p.
1605 1831 1687 1872 2sq.

246 1884 280 1923 3)
308 1881 360 1916 Cf.
387 1881 550 1916 Macrob.
573 1885 605 1924 3,
632 1884 687 1922 20,
710 1885 729 1914 5
757 1882 969 1916 Postumius
994 1882 1154 1916 Albinus
1179 1883 1313 1916 annali
1334 1883 1455 1926 primo
1481 1883 1524 1916 de
1551 1883 1688 1916 Bruto:

151 1936 212 1969 Ea
233 1946 345 1970 eausa
364 1946 436 1969 sese
454 1935 605 1969 stultum
625 1935 840 1979 brutumque
864 1935 1039 1978 faciebat,
1067 1937 1104 1969 et
1129 1935 1244 1969 Prisc.
1270 1935 1313 1969 fr.
1335 1939 1397 1979 32,
1425 1935 1489 1979 qui
1516 1935 1690 1969 similiter

151 1987 363 2032 explicandi
389 1987 589 2032 fragmenti
617 1999 729 2022 causa
755 1988 902 2022 addidit
930 1988 1034 2023 ‘dicit
1057 1989 1152 2023 enim
1178 1989 1221 2022 (Ie
1249 1989 1480 2024 Vestalibus'.
1513 1990 1555 2022 ut
1574 1987 1688 2022 Nonii

150 2041 244 2083 fons,
269 2041 320 2075 sic
341 2040 482 2075 Gellius
506 2044 560 2083 17,
588 2045 643 2084 21,
665 2045 685 2075 3
713 2041 768 2083 (fr.
790 2043 825 2085 8)
852 2041 1019 2086 scripsit:
1055 2042 1250 2086 Vtramque
1277 2047 1397 2077 tamen
1423 2047 1507 2077 ante
1533 2043 1688 2077 Romam

150 2095 335 2129 conditam.
357 2096 494 2130 uixisse
520 2094 649 2129 Siluiis
675 2095 791 2130 Albae
815 2096 1056 2139 reynantibus
1085 2097 1198 2130 armis
1218 2100 1302 2139 post
1322 2097 1451 2131 bellum
1476 2097 1687 2137 Troianum,

150 2152 191 2182 at
219 2148 367 2183 Cassius
392 2149 433 2182 in
452 2148 575 2192 primo
602 2149 798 2182 amicalium
823 2149 865 2183 de
891 2149 1050 2184 Homero
1075 2154 1182 2193 atque
1209 2149 1371 2184 Hesiodo
1401 2150 1576 2193 scriptum
1605 2149 1688 2183 reli—

151 2202 239 2246 quit,
260 2202 349 2246 plus
373 2206 515 2236 centum
538 2206 644 2246 atque
663 2203 869 2247 scammata,
896 2207 980 2237 ante
1000 2203 1157 2237 Romam
1177 2207 1297 2237 autem
1316 2203 1514 2245 conditam,
1540 2207 1579 2236 ut
1603 2203 1687 2237 Cor-

149 2255 267 2289 nehus
292 2255 415 2299 Nepos
441 2256 482 2289 in
504 2256 625 2298 primo
653 2256 819 2290 chronico
846 2255 888 2289 de
914 2255 1074 2290 Homero
1100 2256 1208 2299 dicit,
1240 2257 1351 2291 minis
1379 2257 1522 2290 circiter
1547 2260 1688 2290 centum

149 2312 182 2342 et
204 2309 409 2353 seoeayinta.
460 2319 554 2352 quae
588 2308 702 2342 uerba
734 2308 793 2342 fac
825 2308 1014 2343 hominem
1041 2308 1163 2343 Nonio
1197 2309 1360 2343 stultitia
1392 2309 1553 2343 similem
1583 2308 1688 2343 festi-

149 2362 282 2396 nanter
308 2360 500 2395 annalium
526 2360 586 2395 uel
613 2361 778 2395 chronici
803 2361 1045 2406 inscriptione
1078 2362 1216 2396 omissa
1248 2362 1476 2397 contraxisse
1503 2364 1540 2396 et
1566 2361 1686 2396 Gellio

149 2414 255 2449 nobis
275 2417 410 2459 negato
431 2414 550 2449 solum
570 2414 648 2448 eius
669 2414 954 2459 epitomatorem
975 2415 1022 2449 ad
1044 2427 1109 2450 nos
1129 2416 1353 2460 peruenisse⁷
1375 2416 1554 2450 concedes
1575 2414 1686 2450 facile

150 2468 228 2502 fieri
254 2468 431 2513 potuisse,
457 2470 500 2502 ut
522 2468 641 2503 Cassii
666 2469 756 2503 liber
781 2469 823 2503 de
842 2469 1003 2503 Homero
1030 2474 1136 2513 atque
1158 2470 1318 2504 Hesiodo
1344 2469 1405 2503 uel
1425 2470 1579 2514 Nepotis
1599 2470 1688 2504 liber

150 2522 192 2556 de
216 2522 375 2556 Homero
400 2533 499 2556 nunc
525 2521 693 2555 homines
720 2521 930 2556 litterarum
957 2522 1142 2556 studiosos
1168 2524 1331 2558 uexaret.
