2002 3342
292 205 443 234 CCCLH
631 190 692 223 DE
721 189 1025 224 StQ‘RIPTORVM
1052 190 1175 224 VITIS
1201 190 1263 224 ΕΤ
1291 190 1497 225 SCRIPTIS

294 302 495 341 Saturnini
523 302 643 339 occisi
671 301 837 339 crimine
866 300 1084 350 postulatus
1112 306 1228 350 esset,
1254 306 1297 339 ut
1324 301 1507 338 meritum
1537 299 1582 338 de
1611 312 1654 339 eo
1679 301 1826 352 suppli-

293 368 396 405 cium
419 371 654 416 sumeretur,
675 366 746 403 boc
768 366 869 404 effici
894 367 1020 416 potuit
1043 360 1262 418 (Drumann
1277 365 1328 403 111
1348 378 1384 416 p.
1403 362 1481 403 161
1498 361 1615 419 sqq.)
1655 364 1824 416 denique

294 444 382 470 cum
406 433 443 469 in
471 430 605 469 multis
633 432 761 469 causis
790 435 825 468 et
855 430 1022 480 publicis
1050 431 1279 481 etpriuatis
1305 436 1486 468 uersatus
1515 436 1574 468 est
1593 426 1692 482 (Cic.
1715 429 1826 469 Brut.

294 492 493 549 67‚:238)‚
510 502 591 534 tum
606 496 870 534 —incertum
891 508 967 546 quo
989 508 1089 533 anno
1103 494 1393 533 ——Tuscorum
1414 496 1677 545 patrocinium
1693 507 1825 533 susce-

294 563 366 612 pit,
399 567 442 599 ut
473 561 578 599 hunc
612 561 799 611 populum
832 574 851 598 a
880 560 985 599 Sulla
1019 562 1122 610 agris
1156 559 1365 611 spoliatum
1398 572 1614 610 aspereque
1641 565 1825 598 uexatum

292 626 579 676 corroboraret,
606 625 901 664 corroboratum
930 638 1019 663 cum
1046 624 1158 675 plebe
1180 624 1453 663 reconciliaret
1476 624 1626 675 (Meyer
1645 636 1700 662 or.
1714 623 1823 662 Rom.

294 691 362 730 rel.
384 705 419 742 p.
435 688 552 744 387).
591 691 653 729 his
674 696 804 729 autem
826 690 956 741 rebus,
984 692 1057 728 etsi
1085 689 1296 740 pleraeque
1318 690 1449 727 minus
1476 701 1665 740 prospere
1687 690 1722 727 ei
1744 701 1826 727 ces-

294 763 444 805 serunt,
472 761 619 794 tantam
647 755 723 794 sibi
750 757 993 806 comparauit
1020 756 1305 804 auctoritatem,
1332 760 1375 792 ut
1402 755 1582 805 quamuis
1607 755 1752 792 acriter
1772 766 1832 792 re-

295 821 560 872 pugnantibus
588 820 844 872 optimatibus
872 826 1030 871 praetor
1057 825 1260 858 crearetur
1281 818 1379 871 (val.
1400 819 1497 857 Max.
1520 817 1557 869 9,
1576 817 1641 870 12,
1656 816 1712 873 7).
1748 824 1832 857 tum

294 900 365 938 pro
402 893 582 938 praetore
617 889 656 924 in
684 887 929 937 prouinciam
964 892 1022 924 est
1049 886 1206 923 missus.
1246 897 1373 935 neque
1401 889 1533 922 tamen
1559 883 1614 922 ibi
1641 885 1833 922 exercitui

295 953 482 1003 praefuit,
521 951 625 1003 quod
665 950 815 989 Krause
843 964 878 1001 p.
901 948 987 989 234
1020 951 1269 989 existimauit.
1316 962 1407 988 nam
1434 961 1532 1000 quae
1565 948 1687 988 uerba
1718 954 1762 987 ut
1794 948 1833 987 id

295 1022 490 1056 testentur
522 1016 638 1055 Nonii
672 1029 700 1055 s.
734 1029 770 1054 u.
805 1015 1042 1054 contendere
1071 1010 1133 1068 (p.
1155 1012 1260 1068 259)
1300 1015 1433 1053 afferri
1466 1014 1610 1052 solent:
1649 1014 1834 1053 Licinius

295 1083 442 1122 Macer
473 1085 512 1121 2'71
548 1084 720 1131 epistula
755 1083 811 1119 ad
839 1087 1042 1120 senatum:
1076 1078 1161 1119 ‘Ille‘
1191 1092 1305 1119 suam
1339 1084 1465 1119 uitam
1491 1091 1643 1118 meeum
1672 1084 1832 1118 conten-

294 1149 405 1193 dunt,
433 1159 603 1196 quorum
630 1149 671 1185 in
700 1158 872 1197 corpore
899 1149 958 1184 ita
988 1148 1137 1184 erebra
1162 1151 1256 1184 sunt
1277 1147 1447 1184 uolnera
1468 1148 1590 1193 uitae,
1617 1156 1750 1183 nouae
1778 1147 1833 1183 ci-

294 1216 445 1251 catrici
478 1218 518 1250 ut
550 1215 663 1251 loeus
696 1223 773 1250 7207?
808 1208 939 1263 sit’1),
974 1223 1051 1249 non
1086 1210 1132 1249 de
1165 1210 1397 1249 uulneribus
1425 1211 1465 1248 in
1492 1211 1635 1260 pugnis
1662 1211 1834 1260 acceptis

295 1290 425 1316 sermo
461 1283 536 1328 est,
565 1276 633 1315 sed
660 1276 928 1327 metaphorice
958 1275 1003 1314 de
1030 1276 1208 1325 maculis,
1240 1275 1382 1326 quibus
1409 1274 1628 1313 aduersarii
1656 1274 1760 1312 domi
1787 1287 1831 1312 ex

295 1343 375 1381 uita
411 1342 635 1380 foedissima
668 1347 706 1380 et
739 1343 845 1392 turpi
879 1340 996 1379 obsiti
1024 1342 1113 1379 sint.
1155 1346 1244 1391 post
1277 1339 1483 1378 decessum
1510 1345 1638 1378 autem
1660 1351 1713 1377 ex
1743 1351 1832 1390 pro·

295 1409 427 1446 uincia
454 1420 485 1445 a.
508 1405 577 1446 66.
599 1404 684 1445 688
707 1406 896 1445 Cicerone
925 1412 1105 1457 praetore
1132 1405 1383 1456 praesidente
1412 1407 1451 1442 in
1479 1406 1540 1443 ius
1566 1410 1728 1443 uocatus
1755 1409 1833 1442 tam

295 1472 482 1523 grauibus
510 1472 753 1522 argumentis
780 1483 996 1510 concussus
1024 1476 1095 1521 est,
1122 1476 1165 1509 ut
1192 1471 1268 1508 etsi
1295 1483 1314 1508 a
1342 1469 1494 1508 Licinio
1519 1469 1658 1508 Crasso
1686 1468 1834 1519 gentili,

296 1539 382 1576 uiro
416 1550 579 1588 magnae
614 1538 874 1585 auctoritatis,
909 1535 1188 1586 adiuuabatur,
1224 1548 1312 1574 cum
1347 1547 1436 1586 spes
1470 1534 1726 1573 absolutionis
1756 1546 1833 1572 non

295 1609 418 1652 esset,
452 1604 535 1653 ipse
569 1608 736 1640 mortem
770 1601 845 1640 sihi
878 1604 1155 1640 conscisceret.
1204 1601 1249 1639 de
1283 1601 1355 1639 hac
1390 1612 1431 1638 re
1466 1599 1607 1651 duplex
1636 1605 1696 1638 est
1722 1599 1834 1649 fama,

296 1668 417 1706 altera
430 1667 574 1706 Valerii
588 1667 746 1705 Maximi
761 1667 782 1705 l.
800 1680 848 1705 s.:
875 1667 1080 1706 Consimili
1095 1669 1242 1716 impetu
1258 1668 1399 1705 mortis
1419 1666 1457 1704 C.
1473 1665 1658 1704 Licinius
1678 1665 1833 1712 Macer,

296 1736 364 1772 uir
388 1736 646 1782 praetorius,
686 1733 803 1771 Calui
819 1738 962 1781 pater,
996 1733 1316 1781 repetundarum
1343 1743 1455 1778 reus,
1490 1732 1583 1769 dum
1608 1732 1834 1768 sententiae

297 1800 586 1845 dirtherentur,
613 1801 652 1836 in
675 1801 933 1836 maenianum
955 1798 1200 1835 conscendit.
1236 1799 1273 1835 se?
1299 1797 1459 1845 quidem
1481 1807 1570 1834 cum
1592 1795 1646 1833 M.
1674 1795 1832 1833 Cicero—

297 1875 396 1911 nem,
424 1866 494 1911 qui
520 1865 565 1901 id
582 1865 779 1901 iudicium
801 1863 981 1910 eoqebat,
999 1867 1264 1917 praetextam
1282 1866 1500 1910 ponentem
1521 1861 1700 1907 uidisset,
1727 1863 1834 1898 misit

298 1930 354 1967 ad
379 1940 467 1966 eum
494 1931 563 1976 qui
590 1929 745 1966 diceret
770 1940 813 1966 se
839 1939 917 1966 71072
947 1928 1198 1975 damnatum,
1227 1928 1300 1965 sed
1323 1937 1436 1964 reum
1455 1928 1632 1974 perisse,
1658 1936 1733 1963 nec
1757 1936 1833 1963 sua

296 1995 402 2032 bona
428 1995 570 2032 hastae
588 2005 709 2042 posse
733 1994 875 2040 subici,
904 2003 954 2030 ae
972 1995 1166 2040 protinus
1185 1993 1368 2038 sudario,
1395 1992 1504 2039 quod
1521 1991 1630 2040 forte
1650 1993 1689 2028 2'72
1712 2001 1833 2028 manu

396 2104 428 2144 1)
454 2101 594 2134 Jordan
621 2100 745 2134 Herm.
770 2104 800 2141 6,
818 2104 861 2134 78
889 2100 987 2134 hano
1014 2098 1216 2144 epistulam
1243 2110 1264 2133 a
1291 2099 1445 2141 Licinio,
1472 2100 1514 2132 ut
1541 2097 1832 2131 administratio-

297 2165 382 2188 nem
414 2154 628 2198 prouinciae
661 2153 896 2195 defenderet,
930 2153 977 2187 ad
1010 2154 1182 2187 senatum
1209 2152 1385 2196 scriptam
1416 2152 1548 2196 postea
1576 2151 1616 2185 in
1640 2151 1834 2195 publicum

298 2207 472 2242 emissam
498 2217 577 2241 esse
606 2207 751 2241 statuit.
789 2206 881 2240 milii
907 2208 1033 2240 tamen
1060 2206 1137 2248 illa,
1165 2217 1209 2240 ex
1235 2216 1309 2249 qua
1330 2206 1515 2249 quaedam
1535 2204 1678 2238 Nonius
1704 2204 1834 2238 lauda—

298 2261 365 2304 uit,
393 2272 414 2295 a
441 2260 618 2295 Sallustio
644 2271 724 2295 esse
750 2260 835 2294 ficta
861 2262 898 2293 et
925 2272 968 2293 ex
995 2260 1074 2294 eius
1101 2259 1265 2293 historiis
1286 2260 1434 2302 sumpta
1452 2258 1613 2299 uidetur,
1640 2257 1677 2291 in
1698 2257 1832 2302 quibus

298 2314 506 2358 complures
540 2313 724 2358 epistulae
756 2313 1016 2355 inueniuntur,
1049 2315 1090 2347 ut
1121 2312 1282 2357 epistula
1308 2310 1370 2346 Cn.
1398 2311 1551 2355 Pompei
1583 2311 1630 2344 ad
1663 2311 1834 2344 senatum

301 2371 331 2409 3,
349 2371 365 2400 1
382 2368 447 2401 Kr.
473 2371 504 2409 2,
521 2370 564 2401 98
579 2368 640 2410 M,
666 2367 765 2412 regis
786 2366 1016 2400 Mithridatis
1038 2366 1085 2400 ad
1106 2376 1232 2410 regem
1253 2366 1416 2399 Arsacen
1437 2368 1470 2406 4,
1488 2368 1528 2398 19
1544 2364 1604 2398 ΚΓ.
1627 2367 1671 2397 69
1685 2364 1734 2397 Μ.
1761 2366 1835 2407 (ac—

300 2421 399 2454 cedit
426 2421 524 2464 quod
552 2422 594 2456 fr.
622 2421 718 2454 illud
743 2420 841 2454 inter
866 2420 1079 2464 fragmenta
1106 2419 1335 2452 Sallustiana
1368 2418 1469 2462 apud
1495 2417 1656 2452 Nonium
1687 2418 1833 2462 exstat),

299 2485 395 2518 quae
417 2475 601 2508 sententia
622 2474 668 2508 ab
685 2473 835 2507 Hertzio
856 2472 894 2506 in
915 2484 1037 2517 progr.
1054 2472 1098 2506 de
1118 2472 1206 2506 hist.
1227 2484 1262 2515 p.
1276 2475 1308 2513 4,
1336 2469 1594 2504 Gutsehmidio
1615 2469 1638 2503 l.
1654 2481 1680 2503 e.
1702 2481 1736 2513 p.
1752 2472 1832 2513 534,

300 2527 338 2561 L.
361 2527 539 2561 Muellero
566 2527 613 2561 ad
633 2526 728 2561 Non.
749 2526 772 2560 1.
795 2537 821 2560 s,
849 2526 1008 2570 probata
1034 2527 1099 2559 est.
1140 2525 1236 2558 addo
1257 2535 1354 2557 nunc
1381 2534 1463 2557 eam
1489 2522 1699 2557 confirmari
1719 2521 1830 2556 etiam

300 2580 411 2614 Nonii
444 2580 729 2624 compositione;
770 2590 855 2612 nam
889 2579 961 2612 duo
999 2578 1077 2612 sola
1111 2577 1244 2612 Licinii
1276 2577 1489 2622 fragmenta
1521 2575 1763 2620 inscriptione
1796 2577 1833 2609 et

300 2644 451 2667 numero
484 2633 571 2667 libri
604 2633 650 2667 ab
685 2644 727 2667 eo
762 2632 941 2666 distincta
974 2634 1060 2666 sunt
1087 2642 1204 2674 eaque
1230 2631 1268 2664 111
1295 2630 1417 2674 capite
1444 2629 1562 2674 primo
1590 2630 1703 2672 atque
1729 2628 1832 2672 prius

300 2686 356 2731 (fr.
374 2690 392 2720 6
414 2698 447 2730 p.
465 2691 588 2731 63‚12)
609 2697 681 2720 uno
704 2685 873 2730 exemplo
888 2685 1062 2719 Plautino
1085 2683 1322 2727 explicatum,
1344 2683 1499 2717 alterum
1519 2682 1576 2727 (fr.
1593 2686 1635 2716 21
1656 2693 1692 2726 p.
1708 2683 1832 2725 52,51)

300 2739 414 2780 nullo,
436 2741 475 2773 at
494 2750 581 2773 uero
602 2740 672 2773 hoc
693 2739 730 2772 in
751 2740 883 2782 quarto
904 2738 942 2771 in
961 2737 1157 2772 uicinitate
1173 2736 1342 2771 Sallustii
1362 2736 1602 2770 historiarum
1622 2737 1830 2779 (p.257‚44;

299 2796 356 2826 46.
385 2796 464 2834 258,
481 2794 537 2835 33)
570 2792 842 2835 multorumque
876 2791 1034 2825 aliorum
1066 2790 1333 2835 exemplorum,
1366 2790 1404 2823 in
1431 2789 1565 2834 quibus
1591 2788 1689 2832 quod
1717 2787 1832 2822 etiam

302 2845 480 2879 ‘Licinius
508 2846 644 2879 Macer'
675 2845 844 2888 occurrit,
872 2844 963 2877 mihi
991 2843 1265 2878 dubitationem
1291 2842 1419 2877 mouit.
