2002 3342
286 174 370 216 136
919 173 1062 216 RELIQ
1071 174 1179 208 VIAE

188 260 253 350 ὲὲξ
374 281 476 326 34³².
511 287 613 324 le.
635 298 672 324 η.
687 287 724 324 lz.
740 285 809 334 34,
825 286 891 324 14.
925 285 1112 323 Triclinia
1134 290 1263 323 aerata
1284 284 1501 336 abacosque
1523 289 1561 323 et
1580 284 1813 336 monopodia

283 350 350 388 Cn.
372 350 559 389 Manlium
593 350 683 388 Asia
718 349 870 389 deuicta
904 351 1076 401 primum
1109 351 1309 388 inuexisse
1342 349 1540 401 triumpho
1574 362 1661 401 suo,
1695 362 1813 401 quem

284 414 394 454 duxit
420 427 520 454 anno
547 415 658 454 urbis
684 415 867 466 Dvall,
896 415 935 454 L.
958 415 1046 453 Piso
1073 420 1209 453 auctor
1235 419 1306 453 est.

373 477 475 519 35ἥί
505 482 607 519 Ρῖἱη.
623 493 659 519 n.
674 482 711 519 h.
728 481 767 529 3,
784 481 880 519 131.
907 472 1154 531 AbAquileia
1176 480 1223 518 ad
1238 479 1305 518 ΧΠ
1321 479 1489 530 lapidem
1512 479 1683 518 deletum
1703 481 1812 531 oppi-

284 545 375 583 dum
403 547 519 583 etiam
548 547 673 584 inuito
701 551 839 584 senatu
873 558 892 583 a
920 545 966 583 M.
996 544 1156 584 Claudio
1183 544 1366 583 Marcello
1394 545 1434 583 L.
1461 545 1550 583 Piso
1581 550 1717 583 auctor
1742 550 1812 583 est.
1839 560 1854 584 5

873 683 942 719 EX
969 680 1128 719 LIBRO
1156 682 1233 719 VII

187 744 256 834 ΞΞΞ-
373 767 448 811 36.
489 771 649 810 Censor.
679 773 714 810 (l.
743 773 779 810 d.
806 785 843 810 η.
873 772 940 819 17,
963 771 1030 810 13.
1072 770 1201 809 Testis
1235 775 1294 809 est
1324 770 1431 821 Piso,
1466 771 1506 808 in
1539 772 1651 808 cuius
1685 770 1816 809 annali

283 837 450 887 septimo
477 837 668 887 scriptum
697 841 756 874 est
782 837 857 875 sic:
884 835 1005 875 Roma
1032 835 1188 874 condita
1216 847 1316 873 anno
1343 834 1404 873 DC
1433 836 1644 886 septimum
1671 836 1816 886 occipit

283 901 483 940 saeculum
516 901 579 939 his
612 900 858 951 consulibus,
891 901 957 951 qui
989 901 1159 951 proximi
1191 905 1298 938 sunt:
1332 899 1521 938 Consules
1554 899 1600 938 Μ.
1627 899 1815 938 Aemilius

189 993 255 1024 158
282 965 329 1004 M.
359 966 462 1005 filius
489 965 678 1017 Lepidus,
707 965 746 1004 C.
773 965 948 1017 Popilius
974 965 1008 1003 ΙΙ
1035 964 1189 1004 absens.

187 1041 257 1083 ᾗ
374 1028 473 1071 37³².
508 1033 611 1071 Plin.
627 1033 714 1070 wll.
734 1032 803 1080 34,
818 1031 886 1070 30.
921 1030 1066 1069 Lucius
1093 1030 1182 1068 Piso
1208 1029 1392 1081 prodidit,
1419 1029 1466 1069 M.
1493 1029 1656 1068 Aemilio
1684 1029 1723 1067 C.
1744 1029 1815 1068 Po·
1843 1039 1876 1064 10

281 1097 376 1148 pilio
397 1098 540 1135 iterum
563 1109 639 1135 cos.
662 1110 681 1135 a
703 1096 934 1135 censoribus
955 1096 995 1134 P.
1017 1095 1196 1134 Cornelio
1219 1095 1402 1146 Scipione
1429 1095 1475 1133 M.
1497 1094 1647 1146 Popilio
1668 1099 1815 1133 statuas

283 1163 340 1200 cii
344 1174 386 1200 ca
404 1162 530 1200 seium
546 1174 694 1211 eorum,
710 1163 777 1212 qui
798 1163 1069 1212 magistratum
1090 1168 1306 1212 gesserant,
1323 1160 1493 1199 sublatas
1509 1172 1644 1198 omnes
1660 1166 1816 1211 praeter

378 1239 442 1305 34.
471 1270 552 1304 Vid.
574 1270 661 1304 Lm.
683 1272 742 1311 39,
755 1273 818 1311 6,ι
806 1272 844 1289 7·
870 1269 1054 1303 Luxuiiae
1081 1269 1179 1302 enim
1205 1269 1425 1313 peregrinae
1451 1268 1553 1313 origo
1582 1268 1627 1301 ab
1653 1268 1816 1302 exercitu

282 1317 446 1351 Asiatico
472 1317 623 1351 inuecta
648 1317 686 1350 in
714 1316 843 1350 urbem
871 1319 934 1350 est
981 1317 1007 1350 ii
1034 1318 1194 1361 primum
1222 1316 1337 1350 lectos
1364 1297 1528 1358 aeratos?
1552 1318 1693 1350 uestem
1723 1317 1816 1349 stra-

282 1365 410 1410 gulam
442 1365 660 1408 pretiosam,
700 1363 872 1409 plagulas
906 1366 943 1398 et
975 1364 1051 1398 alia
1084 1364 1229 1398 textilia
1262 1366 1311 1404 et,
1351 1374 1446 1407 quae
1484 1366 1565 1397 tum
1596 1363 1817 1407 magnificae

283 1412 527 1456 supellectilis
566 1411 819 1453 habebantur,
865 1412 1091 1456 monopodia
1129 1415 1166 1445 et
1204 1411 1338 1445 abacos
1377 1411 1534 1445 Romam
1578 1410 1816 1444 aduexerunt.

282 1462 368 1494 tunc
403 1459 583 1503 psaltriae
619 1459 975 1503 sambucistriaeque
1012 1461 1049 1493 et
1087 1459 1300 1493 conuiualia
1334 1459 1504 1492 ludorum
1541 1457 1817 1492 oblectamenta

283 1507 414 1541 addita
441 1507 578 1552 epulis,
607 1507 739 1551 epulae
766 1518 913 1552 quoque
940 1506 1042 1550 ipsae
1071 1509 1108 1540 et
1134 1517 1222 1540 cura
1249 1509 1286 1540 et
1312 1507 1463 1550 sumptu
1483 1505 1623 1539 maiore
1644 1505 1818 1549 adparari

284 1557 447 1599 coeptae.
492 1557 569 1588 tum
596 1566 754 1598 coquus,
787 1553 1012 1588 uilissimum
1039 1554 1204 1597 antiquis
1231 1553 1460 1597 mancipium
1496 1554 1532 1587 et
1557 1553 1817 1587 aestimatione

283 1605 320 1636 et
344 1614 430 1642 usu,
463 1602 502 1635 in
528 1602 648 1646 pretio
682 1613 761 1636 esse
788 1604 825 1635 et
851 1602 948 1646 quod
977 1601 1222 1635 ministerium
1250 1601 1390 1643 fuerat,
1424 1611 1483 1634 ars
1518 1599 1648 1634 haberi
1675 1602 1816 1643 coepta.

282 1650 345 1684 uix
371 1652 497 1683 tamen
518 1649 584 1683 illa
605 1660 700 1693 quae
720 1651 798 1682 tum
819 1649 1156 1693 conspiciebantur,
1178 1649 1319 1682 semina
1340 1650 1446 1682 erant
1469 1648 1616 1682 futurae
1637 1647 1816 1681 luxuriae.

379 1697 442 1732 35.
472 1698 624 1732 Videtur
643 1708 714 1731 esse
737 1697 994 1742 intelleyendus
1013 1697 1138 1731 consul
1158 1708 1190 1730 a.
1208 1698 1287 1730 183.
1304 1699 1386 1738 571,
1407 1697 1471 1739 qui
1493 1696 1612 1730 Gallis
1632 1707 1674 1729 ,ατ
1691 1695 1818 1730 Gallia

279 1746 478 1788 prouincia
510 1745 647 1779 exactis
678 1745 883 1778 Histricum
916 1744 1043 1778 bellum
1077 1744 1231 1788 suscepit
1263 1748 1295 1777 et
1326 1747 1366 1777 ut
1392 1743 1534 1777 colonia
1560 1743 1734 1786 Aquileia
1759 1743 1817 1777 de-

283 1793 472 1827 duceretur
496 1793 641 1826 senatm'
672 1792 798 1826 suasit.
839 1792 925 1826 Liu.
949 1794 1008 1833 39,
1023 1794 1079 1834 55,
1094 1795 1125 1825 4.
1166 1791 1211 1833 ef.
1235 1791 1413 1825 Muenzer
1438 1790 1480 1823 R.
1503 1790 1542 1823 E.
1566 1791 1641 1824 III
1659 1801 1685 1824 c.
1707 1792 1815 1824 2757.

379 1839 443 1874 36.
479 1840 557 1874 Vz'd.
581 1840 801 1874 Mommseni
826 1838 1003 1873 chronol.2
1022 1850 1061 1883 p.
1085 1842 1152 1873 191
1179 1838 1324 1873 Soltaui
1348 1838 1468 1872 chron.
1493 1848 1529 1881 p.
1551 1840 1623 1871 439
1635 1849 1683 1881 sq.

380 1886 445 1921 37.
473 1888 644 1922 Ero-orem
669 1887 788 1921 Plinii
806 1887 871 1921 hoc
891 1887 964 1921 loco
983 1886 1121 1921 subesse
1136 1890 1249 1930 put0;
1273 1897 1360 1919 ozam
1381 1889 1489 1919 antea
1511 1886 1588 1928 (15)
1610 1886 1798 1919 rettulerat
1808 1899 1819 1918 .-

283 1934 424 1968 Romae
457 1934 696 1968 simulacrum
729 1944 773 1968 ex
804 1945 887 1967 aere
920 1933 1060 1967 factum
1089 1932 1212 1967 Cereri
1238 1933 1404 1987 primum
1426 1932 1568 1976 reperio
1602 1942 1646 1966 ex
1671 1931 1817 1976 peculio

284 1981 345 2026 Sp.
374 1981 496 2025 Cassi,
524 1992 635 2025 quem
660 1992 817 2025 regnum
844 1980 1093 2015 adfectantem
1120 1982 1225 2024 pater
1250 1980 1368 2024 ipsius
1395 1978 1634 2013 interemerit
1675 1980 1762 2014 Liu.
1782 1982 1817 2022 2,

283 2032 424 2072 41,10.·
445 2040 528 2063 eum
548 2030 709 2075 [patrem
726 2028 867 2073 Cassii]
882 2049 925 2053 —
940 2028 1129 2073 peculium
1145 2028 1210 2062 filii
1225 2026 1345 2062 Cereri
1362 2027 1654 2068 consecrauisse3
1669 2026 1818 2071 signum

283 2057 370 2111 inde
397 2077 538 2111 factum
572 2087 650 2111 esse
677 2077 713 2110 et
739 2076 959 2120 inscriptum
995 2076 1054 2109 ex
1082 2075 1209 2110 Cassia
1235 2074 1380 2109 familia
1407 2075 1564 2108 datum'.
1606 2075 1669 2117 (cf.
1701 2074 1817 2109 Valer-

285 2125 392 2159 Mace.
410 2128 443 2167 5,
458 2127 494 2166 8,
508 2127 559 2168 2.)
601 2125 712 2159 D2on.
736 2127 770 2166 8,
787 2127 845 2166 79,
859 2127 899 2159 3.·
926 2123 962 2164 ἐξ
984 2120 1035 2158 ὧν
1062 2123 1147 2169 [τῶν
1169 2122 1335 2157 Κασσιου
1354 2121 1564 2167 χρημάτων]
1588 2120 1759 2166 ἀπαρχὰς
1778 2122 1818 2156 ἐν

284 2172 407 2212 ἄλλοις
438 2185 475 2206 τε
509 2171 621 2214 ἱεροῖς
654 2170 843 2215 ἀνέθηκεν
876 2171 912 2216 [ἡ
939 2169 1060 2216 πόλις]
1093 2171 1157 2204 καὶ
1190 2170 1236 2214 δὴ
1272 2170 1334 2204 καὶ
1360 2175 1404 2214 τῇ
1429 2169 1597 2214 Δήμητρι
1622 2169 1708 2208 τοὺς
1733 2171 1818 2214 χαλ

284 2220 392 2260 πέους
418 2219 646 2261 ἀνδριάντας
672 2220 899 2264 ἐπιγραφαῖς
925 2219 1130 2262 δηλοῦντας
1156 2215 1223 2262 ἀφ’
1250 2215 1299 2252 ὧν
1327 2197 1402 2251 εἰσὶ
1420 2216 1616 2262 χρημάτων
1640 2215 1816 2261 ἀπαρχαί.

284 2267 360 2301 uid.
390 2269 592 2302 Mommsen
618 2267 659 2301 R
681 2267 719 2300 F.
741 2267 794 2300 II
812 2269 892 2301 167.
933 2266 1072 2300 Muenz
1076 2277 1113 2300 er
1138 2265 1378 2299 R.E.111c
1400 2268 1493 2299 1751
1507 2275 1557 2308 sq.

376 2362 452 2417 3,4
470 2369 492 2404 2
515 2366 724 2404 Manilium
741 2366 846 2404 Voss.
862 2366 965 2404 Βία).
983 2366 1094 2403 Vinci.
1121 2364 1337 2402 inuexisset
1352 2364 1388 2401 V
1386 2359 1478 2401 0552
1502 2363 1701 2417 inuenisse
1712 2363 1815 2401 Βίου.

376 2427 399 2463 3
428 2425 593 2463 DLXVI
619 2426 759 2463 Bamb.

376 2481 452 2535 36,
483 2487 504 2522 7
540 2497 642 2522 anno
677 2485 733 2523 .‹5.
766 2485 936 2533 septimo
963 2485 1136 2522 Darmst.
1160 2483 1243 2521 Vat.
1274 2483 1436 2520 correxit
1459 2482 1693 2519 Lachmann
1755 2493 1816 2519 ac-

286 2545 382 2593 cipit
407 2545 581 2582 Darmsf.
606 2545 688 2582 Vat.
727 2544 872 2593 occipit
895 2543 1068 2591 Scaliyer
1093 2543 1138 2580 de
1165 2541 1306 2580 emend.
1329 2545 1437 2589 temp.
1458 2541 1494 2578 V
1509 2554 1550 2588 χ).
1572 2542 1658 2578 367
1695 2540 1818 2589 coipit

284 2605 504 2641 Mommsen
529 2598 676 2641 cleron?
693 2616 734 2650 p.
760 2602 842 2640 191
967 2603 991 2640 8
1026 2601 1180 2640 emilius
1206 2602 1379 2639 Darmst.
1504 2601 1526 2637 9
1555 2599 1667 2637 M-F-
1695 2599 1816 2648 laepi-

286 2663 357 2701 dus
386 2663 467 2699 Vat,
502 2662 565 2699 Μ.>
591 2664 634 2700 «ἐπ
659 2663 774 2710 fastis
803 2662 896 2709 Cap.

377 2716 453 2771 37,
485 2724 538 2760 10
571 2721 611 2759 C.
639 2717 812 2772 Popilio]
845 2720 1025 2768 Bazmb.)
1045 2721 1137 2758 Par.
1153 2721 1178 2757 d
1190 2721 1211 2756 Ιι
1235 2719 1347 2758 Vincl.
1386 2718 1457 2756 OG.
1485 2721 1547 2756 cet.
1569 2719 1673 2756 codd.

289 2785 340 2821 11
368 2782 514 2818 iterum
539 2781 578 2818 B
644 2781 685 2818 Π
718 2780 863 2828 V(oss.)
878 2779 1021 2828 Effice.)
1034 2779 1200 2818 Par.dh
1274 2773 1314 2829 a]
1343 2790 1386 2815 ac
1409 2778 1445 2815 V
1502 2780 1611 2815 stuas
1637 2777 1676 2814 B

291 2842 343 2879 12
372 2841 578 2889 gesserunt
598 2840 678 2877 VR
