2002 3342
323 188 496 219 CCXXIV
660 173 723 206 DE
752 172 1061 207 SCRIPTORVM.
1088 173 1209 207 VITIS
1237 173 1298 207 ET
1325 173 1532 207 SCRIPTIs

321 285 588 323 oblitteratum
605 296 689 322 esse
706 296 821 335 quam
844 283 913 321 filii
930 283 1179 323 celeberrimi
1200 296 1272 334 per
1293 296 1333 322 se
1355 284 1597 334 probabilius
1614 290 1684 323 est.
1722 285 1861 336 quodsi

322 356 459 400 gentes
475 349 627 388 nobiles
644 349 689 387 de
704 350 893 387 memoria
910 361 1043 387 rerum
1062 348 1340 387 conformanda
1364 361 1452 387 cum
1475 351 1533 387 ira
1554 354 1592 388 et
1607 349 1735 388 studio
1756 351 1860 389 inter

322 428 363 453 se
391 420 563 453 certasse
592 427 709 465 supra
732 412 786 466 (p.
807 423 922 452 XLIII
938 410 1042 467 sqq.)
1067 420 1172 451 recte
1196 413 1468 464 disseruimus,
1495 413 1703 453 Fabianam
1728 420 1858 453 autem

321 494 340 518 a
363 479 493 518 Coelio
522 479 829 530 redintegratam
857 491 943 517 esse
971 479 1056 517 aliis
1085 478 1318 529 quibusdam
1345 479 1503 517 indiciis
1525 485 1696 530 apparet,
1724 479 1858 519 laudes

322 545 523 583 Cornelias
546 546 578 583 si
605 557 683 582 non
709 545 853 583 iniuria
880 545 1105 594 inminutas,
1133 549 1264 581 tamen
1285 556 1363 582 non
1384 543 1485 582 ultra
1507 545 1714 583 ueritatem
1737 544 1858 584 elatas

321 622 407 649 esse
442 611 708 661 consequitur.
748 610 844 648 haec
877 615 1007 647 autem
1041 621 1136 658 gens
1169 608 1381 647 multarum
1415 608 1579 647 aliarum
1614 609 1783 648 honores
1811 623 1858 648 ex

320 677 589 714 monumentis
616 675 777 726 expulit,
805 681 843 713 et
865 687 953 713 cum
975 673 1132 712 Coelius
1154 673 1200 712 ad
1227 674 1432 712 historiam
1454 674 1704 713 scribendam
1724 687 1859 725 aggre-

324 739 497 790 deretur,
525 739 639 779 modo
667 739 851 791 Polybius
878 740 1087 790 praeconio
1114 738 1207 777 belli
1234 740 1479 790 improspere
1505 741 1664 790 incepti,
1689 740 1859 791 gloriose

320 806 490 843 consecti
523 818 607 844 eam
643 804 924 843 cumulauerat.
965 806 1015 842 ita
1050 804 1147 842 mihi
1172 805 1379 855 utriusque
1408 810 1446 843 et
1473 804 1676 843 dissensus
1705 811 1742 843 et
1768 818 1858 843 con-

320 883 460 909 sensus
494 870 684 921 explicari
710 870 881 909 uidetur.
921 882 1049 920 neque
1078 870 1183 907 enim
1212 868 1384 908 Graecus
1411 871 1574 908 materia
1600 869 1769 908 Fabiana
1798 883 1859 909 ca-

320 948 408 974 rere
436 937 574 987 potuit,
603 936 714 973 cuius
741 947 857 973 usum
884 934 1084 973 Romanus
1112 939 1245 985 aperte
1273 935 1475 985 professus
1504 931 1623 988 estl),
1650 940 1693 973 ut
1718 934 1859 973 nobili-

321 1002 413 1039 tatis
446 1007 614 1051 uterque
648 1001 745 1038 iram
781 1005 819 1038 et
859 999 1049 1038 inuidiam
1088 1000 1127 1037 in
1165 999 1203 1037 C.
1229 999 1462 1038 Flaminium
1502 1001 1733 1038 euomuerit.
1771 1012 1862 1038 nam

319 1079 406 1104 cum
442 1067 481 1104 in
516 1065 721 1104 consulatu
755 1078 825 1103 suo
860 1070 1014 1115 patrum
1046 1064 1289 1103 uoluntatem
1317 1070 1355 1103 et
1382 1067 1573 1116 auspicia,
1608 1077 1705 1116 quae
1737 1077 1859 1116 penes

318 1137 450 1182 patres
483 1136 632 1181 essent,
667 1132 798 1168 minus
832 1135 1005 1179 curaret,
1039 1129 1095 1167 illi
1128 1142 1215 1168 eum
1251 1142 1328 1168 non
1365 1143 1453 1169 cum
1485 1136 1621 1169 senatu
1649 1130 1763 1168 modo
1791 1130 1860 1169 sed

319 1198 436 1235 etiam
465 1209 553 1235 cum
583 1196 642 1234 dis
668 1195 958 1234 immortalibus
985 1194 1132 1233 bellum
1159 1207 1298 1245 gerere
1327 1196 1525 1233 criminati
1551 1201 1660 1246 sunt,
1695 1208 1858 1246 eamque

319 1262 366 1300 ob
395 1274 570 1311 causam,
604 1260 708 1312 quod
742 1260 973 1311 religionem
1001 1266 1039 1298 et
1066 1261 1176 1310 signa
1204 1272 1337 1298 rerum
1371 1261 1592 1299 futurarum
1619 1261 1861 1311 neglexisset

320 1324 385 1380 (fr.
404 1325 469 1365 19.
486 1322 575 1380 20),
603 1325 650 1364 ad
671 1326 989 1364 Trasumennum
1010 1325 1201 1364 cecidisse
1223 1338 1312 1364 cum
1332 1338 1473 1376 magno
1494 1327 1551 1364 rei
1573 1325 1753 1376 publicae
1773 1325 1858 1364 uul-

318 1405 413 1431 nere
441 1386 761 1444 narrauerunffl)
803 1390 943 1429 deinde
970 1396 1012 1429 ut
1037 1390 1200 1429 Fabium
1228 1396 1310 1429 arte
1340 1393 1506 1430 oratoris
1534 1396 1744 1430 exornaret
1770 1403 1858 1429 cum

319 1457 440 1496 Coelii
467 1457 676 1495 consilium
704 1462 742 1495 et
768 1457 867 1494 ratio
897 1461 1021 1506 esset,
1054 1455 1159 1494 idem
1186 1468 1310 1494 unum
1341 1469 1387 1495 ex
1415 1457 1471 1495 eis
1505 1457 1601 1507 ipsis
1628 1455 1859 1494 Hannibalis

318 1521 577 1573 scriptoribus
595 1521 785 1570 adhibuit,
807 1522 845 1559 in
869 1534 966 1571 quos
988 1520 1053 1559 ille
1070 1522 1154 1559 eius
1171 1522 1265 1559 artis
1282 1521 1448 1560 acerbus
1464 1521 1716 1559 aduersarius
1734 1527 1772 1559 et
1786 1522 1859 1559 ini—

318 1589 445 1626 micus
478 1588 726 1637 grauissimis
760 1586 994 1625 criminibus
1027 1587 1208 1624 inuectus
1244 1592 1338 1625 erat.
1379 1599 1615 1637 quamquam
1642 1587 1763 1636 igitur
1788 1598 1861 1637 per

318 1658 473 1703 tempus
501 1652 631 1690 Coelio
659 1652 771 1690 licuit
796 1652 1001 1691 historiam
1031 1652 1219 1691 Graecam
1247 1651 1339 1690 belli
1364 1652 1502 1690 Punici
1529 1651 1690 1690 alterius
1718 1664 1859 1702 cogno-

319 1730 442 1768 scere,
470 1723 614 1768 tamen,
641 1719 674 1755 si
696 1713 934 1771 cog·11011i13),
963 1730 1060 1768 opus
1084 1723 1164 1756 toto
1186 1717 1293 1755 caelo
1316 1717 1465 1755 distans
1486 1718 1637 1768 spreuit
1658 1718 1858 1767 tacuitque

318 1782 513 1833 rediitque
542 1782 589 1820 ad
620 1782 808 1820 Silenum.

408 1848 544 1898 Magna
577 1860 673 1886 uero
708 1847 811 1898 apud
848 1847 1030 1898 aequales
1065 1847 1186 1886 Coelii
1219 1848 1381 1886 historia
1415 1849 1646 1886 auctoritate
1684 1853 1722 1885 et
1758 1846 1859 1885 sama

314 1913 460 1951 floruit.
500 1914 612 1951 testis
640 1919 700 1951 est
726 1913 868 1950 incerti
895 1914 1066 1951 auctoris
1094 1912 1142 1951 ad
1168 1912 1411 1951 Herennium
1439 1912 1540 1950 liber
1561 1911 1608 1951 de
1629 1913 1780 1950 ratione
1803 1911 1859 1950 di-

318 1978 450 2029 cendi,
477 1979 589 2016 annis
611 1975 678 2016 86.
695 1974 912 2016 668—82.
930 1976 1015 2017 672
1044 1975 1276 2031 scriptus4),
1310 1980 1349 2015 in
1378 1990 1454 2029 quo
1481 1976 1545 2015 uel
1571 1979 1655 2028 ipse
1682 1977 1745 2015 uel
1773 1978 1858 2015 eius

318 2049 455 2082 auctor
491 2039 617 2097 (Marx
644 2042 796 2093 Proleg.
817 2040 975 2098 p.119)
1015 2043 1194 2095 exempla
1231 2056 1272 2081 se
1313 2044 1529 2094 sumpsisse
1566 2044 1773 2094 profitetur
1811 2043 1858 2082 ab

317 2108 540 2147 oratoribus
568 2108 724 2159 Catone,
747 2107 945 2160 Gracchis,
970 2108 1113 2159 Laelio,
1136 2108 1331 2160 Scipione,
1354 2108 1484 2159 Galba,
1505 2108 1682 2159 Porcina,
1705 2108 1858 2160 Crasso,

317 2175 496 2224 Antonio,
525 2175 681 2223 ceteris,
707 2174 802 2211 item
829 2186 848 2211 a
876 2175 1003 2224 poetis
1032 2180 1070 2212 et
1095 2174 1350 2213 historiarum
1380 2173 1641 2224 scriptoribus
1672 2169 1784 2227 (4,5,
1802 2172 1858 2227 7),

317 2240 357 2277 in
385 2240 470 2289 ipso
499 2244 628 2276 tamen
655 2250 774 2288 opere
802 2244 1001 2277 oratorum
1029 2245 1068 2278 et
1093 2245 1299 2290 poetarum
1318 2244 1454 2277 ternos
1475 2244 1656 2277 auctores
1682 2240 1859 2277 nomina-

318 2305 389 2342 tim
418 2305 554 2342 citauit
581 2315 726 2354 eosque
754 2315 855 2354 raro,
881 2304 1161 2343 historicorum
1188 2316 1310 2343 unuin
1333 2303 1520 2354 Coelium,
1546 2309 1590 2342 ut
1611 2305 1696 2342 eius
1715 2305 1857 2342 uitium

317 2368 530 2407 uerborum
567 2369 860 2406 transiectionis
893 2368 1167 2420 reprehendat·
1191 2365 1403 2422 (1¹1·.24B).
1449 2381 1566 2407 causa
1600 2375 1729 2407 autem
1762 2368 1857 2407 haec

416 2461 447 2503 1)
475 2459 572 2492 Nam
599 2459 721 2493 famae
748 2459 794 2492 de
822 2470 927 2493 seruo
956 2461 1144 2494 auctorem
1171 2460 1228 2503 (fr.
1247 2462 1303 2499 17)
1331 2459 1489 2493 Fabium
1517 2458 1662 2493 Coelius
1689 2459 1857 2493 nomina-

317 2513 415 2546 uisse
442 2512 600 2546 uidetur.
641 2512 686 2546 cf.
709 2524 734 2546 S.
757 2525 790 2556 p.
809 2525 908 2546 ccxv.

415 2568 448 2609 2)
476 2565 583 2606 Quod
621 2565 804 2599 iudicium
842 2565 928 2599 huie
962 2565 1083 2600 simile
1116 2566 1162 2600 de
1189 2565 1362 2600 Terentio
1389 2565 1554 2599 Varrone
1581 2565 1682 2609 apud
1709 2565 1857 2598 Liuium

320 2621 451 2661 exstat,
478 2618 636 2653 fortasse
663 2618 754 2652 item
775 2618 891 2653 Coelii
917 2619 1000 2653 fuit.

414 2675 448 2716 3)
476 2671 534 2705 Sic
563 2670 674 2706 Niese
705 2672 883 2717 Goettiny.
911 2673 974 2717 961.
1004 2675 1096 2707 Ana.
1123 2675 1220 2706 1890
1244 2683 1279 2716 2).
1301 2674 1383 2706 894.
1429 2671 1676 2705 Wachsmuth
1702 2671 1855 2706 Einlez't.

319 2738 354 2770 p.
373 2728 440 2759 655
463 2724 613 2768 aliique.
643 2724 800 2769 Sieglini
821 2725 1007 2760 contraria
1027 2725 1154 2770 opinio
1169 2728 1218 2770 (p.
1233 2728 1292 2769 69)
1313 2725 1359 2758 ab
1381 2724 1551 2758 omnibus
1572 2724 1770 2768 inprobata
1790 2726 1857 2759 est.

415 2780 449 2820 4)
477 2777 618 2812 Omitto
644 2778 680 2812 h.
708 2778 730 2811 1.
752 2777 943 2812 Valerium
970 2779 1180 2821 Antiatem,
1224 2779 1269 2812 de
1302 2789 1374 2822 quo
1408 2789 1494 2811 num
1528 2777 1651 2812 Coelio
1685 2789 1771 2811 usus
1808 2777 1858 2811 sit.

319 2832 416 2865 infra
444 2842 563 2876 agam,
