2002 3342
296 196 481 227 CCCXXH
630 182 692 215 DE
721 181 1027 216 SCRIPTORVM
1054 182 1177 217 VITIS
1204 181 1264 215 ET
1292 181 1498 216 SCRIPTIS

297 294 474 345 tandum,
502 294 596 344 quin
624 305 665 331 se
692 292 857 331 multum
885 293 925 330 in
958 292 1121 331 historia
1146 292 1318 331 Romana
1345 305 1597 343 progressum
1626 305 1711 332 esse
1737 294 1824 332 iure

295 359 462 411 quodam
491 358 565 396 sibi
593 359 775 396 conscius
805 370 890 396 esse
913 362 950 396 et
971 357 1168 396 confidere
1190 358 1363 408 potuerit
1383 354 1523 410 (praes.
1542 354 1685 411 1—3).
1726 370 1823 408 quae

294 430 425 463 tamen
452 423 553 474 apud
580 424 775 461 Antiatem
808 423 904 461 uitia
931 424 1155 472 inuenerat,
1191 427 1275 460 orta
1308 428 1419 461 erant
1445 435 1490 461 ex
1522 435 1566 461 ea
1593 427 1693 474 arte,
1726 435 1825 474 quae

294 489 551 528 Alexandriae
579 488 732 526 exculta
760 493 798 526 et
823 487 985 526 Romam
1013 487 1059 525 ab
1082 499 1126 525 eo
1146 486 1345 538 translata,
1372 500 1461 526 cum
1482 486 1636 526 ciuibus
1657 488 1825 525 maxime

294 554 517 605 placuisset,
540 565 675 591 eorum
697 554 846 590 animos
868 565 887 590 a
904 551 1106 591 nobilitate
1125 564 1168 590 ac
1189 552 1458 602 magnitudine
1475 551 1683 604 ‘principis
1702 557 1824 591 terra-

295 631 381 657 rum
409 616 557 670 populi'
588 623 767 656 auertere
790 629 934 668 eosque
962 618 1123 655 inficere
1146 622 1184 655 et
1204 628 1397 667 occupare
1418 616 1632 655 uideretur.
1672 616 1827 656 fauebat

295 685 399 722 enim
428 684 492 722 ille
518 683 672 733 uulgari
699 683 858 721 lectioni
886 684 1001 721 etiam
1031 694 1174 733 genere
1203 694 1272 720 suo
1300 681 1516 732 scribendi,
1547 683 1732 733 quoniam
1758 694 1825 720 ue-

294 755 422 788 terum
449 749 727 787 historicorum
755 749 905 786 ratione
933 753 1061 798 spreta
1090 749 1130 786 in
1157 747 1228 785 hac
1250 759 1404 798 quoque
1426 759 1467 785 re
1488 747 1647 786 Duridis
1667 746 1826 798 Phylar-

294 815 436 866 chique
469 814 679 852 imitationi
712 825 752 851 se
787 812 1006 863 addixerat,
1044 818 1084 851 ut
1112 814 1152 850 in
1187 812 1321 851 uerbis
1348 813 1445 863 ipsis
1472 812 1708 851 exornandis
1735 825 1825 863 ope-

294 893 376 919 ram
410 892 519 918 suam
552 890 787 918 consumere
813 877 953 929 nollet,
986 879 1105 916 immo
1133 877 1173 916 id
1200 877 1467 928 contenderat,
1492 885 1536 916 ut
1562 877 1826 916 multitudinis

293 947 423 997 potius
456 945 668 994 uoluntati,
702 956 816 994 quam
851 944 1062 994 paucitatis
1094 944 1240 981 ciuium
1275 942 1521 994 quorundam
1555 942 1757 982 doctorum
1788 949 1827 981 et

294 1011 530 1061 elegantium
558 1008 719 1048 auribus
744 1008 930 1059 placeret,
958 1007 1188 1047 deseruerat
1212 1009 1334 1058 igitur
1361 1008 1508 1047 forensi
1535 1015 1734 1046 oratorum
1762 1020 1826 1046 ex-

292 1077 485 1127 perientia
512 1075 685 1113 monitus
712 1079 836 1112 artem
864 1073 1020 1112 dicendi
1047 1075 1086 1111 in
1113 1073 1277 1111 historia
1297 1086 1316 1111 a
1339 1072 1469 1111 Coelio
1489 1075 1661 1124 primum
1681 1072 1826 1111 Romae

293 1146 508 1180 tractatam.
548 1152 637 1178 nam
666 1144 774 1178 recte
800 1139 937 1177 Cicero
964 1140 1003 1177 in
1025 1138 1146 1177 Bruto
1173 1151 1243 1177 suo
1272 1134 1359 1191 (21,
1376 1136 1431 1178 82
1448 1135 1551 1192 sqq.)
1580 1151 1658 1189 eos,
1685 1140 1752 1190 qui
1779 1151 1826 1176 ex

294 1208 377 1257 ipsa
405 1205 658 1244 meditatione
687 1206 772 1243 eius
801 1204 879 1243 diei
908 1204 1120 1243 domestica
1148 1205 1187 1241 in
1215 1204 1343 1242 forum
1366 1205 1494 1242 uocati
1517 1203 1827 1254 descendissent,

292 1271 389 1310 nihil
416 1276 460 1309 ut
487 1271 739 1309 commentati
767 1281 853 1308 esse
881 1269 1125 1320 uiderentur,
1152 1281 1241 1307 cum
1267 1281 1337 1307 suo
1363 1270 1513 1320 impetu
1534 1281 1601 1307 eos
1623 1271 1691 1320 qui
1717 1268 1826 1307 audi-

293 1343 392 1386 rent,
419 1337 685 1386 corriperent,
714 1346 853 1373 causae
881 1346 973 1372 suae
1000 1335 1161 1384 grauius
1189 1333 1345 1385 adesse,
1372 1347 1486 1385 quam
1515 1336 1582 1385 qui
1609 1334 1688 1372 stili
1714 1346 1826 1385 prae-

293 1403 459 1441 stantiae
481 1400 781 1439 admirationem
797 1411 1011 1451 paucorum
1027 1399 1273 1450 quorundam
1289 1404 1564 1450 exspectarent
1585 1404 1624 1438 et
1641 1398 1687 1437 de
1709 1411 1825 1438 causa

293 1469 443 1506 animos
471 1466 636 1504 aliorum
664 1470 903 1504 auerterent.
940 1466 1071 1516 itaque
1093 1464 1175 1502 Ser.
1192 1464 1409 1515 Sulpicium
1432 1464 1591 1503 Galbam
1614 1459 1711 1517 (cos.
1730 1462 1825 1502 144.

292 1529 417 1587 610),
457 1533 569 1570 cuius
609 1532 780 1582 scriptae
820 1531 1018 1569 orationes
1057 1529 1266 1568 admodum
1305 1529 1427 1568 exiles
1461 1535 1593 1568 essent
1629 1535 1666 1567 et
1701 1530 1826 1579 magis

292 1599 564 1648 antiquitatem
598 1595 820 1634 redolerent
854 1608 971 1646 quam
1008 1596 1133 1646 ipsius
1170 1594 1344 1646 Catonis,
1384 1594 1654 1633 misericordia
1691 1593 1825 1645 populi

293 1668 485 1702 commota
519 1675 560 1700 se
588 1674 633 1699 ex
664 1661 819 1699 flamma
853 1661 1019 1712 periculi
1054 1660 1315 1698 damnationis
1343 1661 1548 1711 eripuisse.
1588 1672 1677 1698 nam
1704 1666 1748 1698 ut
1773 1660 1827 1698 ait

292 1728 430 1767 Cicero
464 1724 506 1780 (l.
538 1723 608 1779 5.),
647 1730 682 1765 is
711 1729 910 1775 princeps
949 1739 1000 1764 ea*
1026 1726 1186 1764 Latinis
1224 1729 1293 1765 illa
1333 1732 1541 1764 oralorum
1570 1727 1749 1774 propria
1787 1731 1826 1763 et

291 1797 409 1843 quasi
446 1795 625 1841 legitima
665 1804 789 1841 opera
832 1794 1047 1839 tractauit,
1088 1797 1129 1829 ul
1162 1792 1428 1839 eqrederetur
1464 1803 1488 1828 a
1511 1793 1727 1839 proposita
1760 1801 1824 1828 or-

291 1861 421 1898 nandi
459 1870 602 1905 eausa,
644 1863 684 1895 ul
723 1858 945 1895 delectaret
981 1859 1152 1903 aninam,
1195 1862 1235 1894 ul
1264 1861 1541 1904 permoveret,
1577 1862 1619 1893 ut
1656 1860 1825 1903 auyeret

291 1936 393 1972 rem,
433 1929 476 1961 ut
513 1923 859 1969 miserationibus,
907 1928 947 1960 ut
992 1913 1267 1960 communibus
1304 1923 1403 1960 locis
1447 1927 1641 1959 meretur.
1691 1919 1825 1958 hercle

292 1988 426 2028 audire
466 1987 579 2026 nobis
611 1986 795 2025 uidemur
829 1986 874 2025 de
908 1986 1051 2024 Valerii
1083 1986 1249 2024 Antiatis
1282 1986 1446 2024 historia
1480 1984 1688 2023 dicentem.
1733 1997 1824 2022 nam

292 2053 451 2092 Graecis
488 2051 679 2103 exemplis
719 2051 859 2090 ductus
892 2053 932 2090 in
966 2064 1008 2090 ea
1043 2064 1062 2089 a
1090 2050 1305 2089 nobilitatis
1330 2050 1532 2104 ¹Romanae
1574 2050 1751 2088 doctrina
1787 2055 1825 2088 et

291 2120 495 2157 maiestate
524 2117 693 2156 desciuit
719 2122 757 2156 et
783 2116 956 2168 plurium
982 2117 1165 2155 inertiam
1193 2121 1409 2166 aucupatus
1436 2128 1500 2153 res
1521 2129 1540 2154 a
1562 2128 1602 2153 se
1630 2114 1825 2165 collectas,

292 2185 496 2234 formatas,
529 2184 639 2221 fictas
665 2182 821 2233 uulgari
855 2194 1036 2220 sermone
1064 2180 1192 2220 induit
1219 2182 1447 2231 animosque
1475 2192 1609 2218 earum
1638 2181 1824 2230 nouitate,

292 2251 446 2299 effectu,
473 2249 664 2287 uarietate
686 2247 830 2298 allexit,
850 2249 1059 2298 pern‘touit,
1082 2246 1302 2285 delectauit.
1340 2247 1396 2284 sic
1417 2258 1532 2296 spero
1553 2246 1822 2296 quaestionem

292 2328 326 2365 p.
355 2323 506 2353 CCCVII
551 2314 717 2364 positam
764 2312 954 2351 soluimus
995 2318 1031 2350 et
1078 2312 1212 2350 mirari
1259 2310 1499 2361 desinemus,
1545 2309 1647 2361 quod
1686 2309 1823 2348 Liuius

290 2380 396 2418 hunc
435 2379 683 2429 potissimum
723 2383 765 2415 ut
806 2377 988 2429 Polybius
1029 2376 1310 2427 phylarchum,
1348 2375 1511 2414 Fabium
1546 2375 1823 2425 Philinumque

292 2443 563 2495 reprehendit,
599 2443 684 2481 aliis
723 2444 918 2494 pepercit,
957 2443 1191 2493 praesertim
1228 2442 1303 2491 eis,
1339 2442 1406 2491 qui
1439 2446 1526 2479 ante
1560 2446 1683 2479 artem
1716 2439 1822 2478 illam

292 2509 555 2547 aduenticiam
589 2508 749 2546 annales
783 2521 874 2547 suos
902 2509 1163 2559 scripserant,
1191 2506 1323 2545 Cassio
1350 2506 1538 2544 Heminae
1565 2502 1734 2559 (fnffl),
1759 2505 1822 2543 Pi-

292 2576 378 2612 soni
400 2571 464 2627 (fr.
485 2572 553 2625 113
582 2574 628 2611 cl'.
652 2570 812 2625 adnot),
840 2575 907 2624 qui
934 2572 1072 2611 eodem
1099 2569 1334 2610 emendacio’
1363 2584 1438 2621 quo
1459 2571 1592 2609 Antias
1620 2570 1741 2608 libros
1762 2571 1822 2608 in-

291 2644 431 2678 uentos
458 2638 735 2689 Pythagoricos
769 2638 889 2676 fuisse
924 2637 1184 2687 tradiderant,
1218 2642 1333 2687 atque
1367 2637 1483 2674 etiam
1512 2635 1642 2674 Coelio
1673 2635 1823 2673 rhetori

292 2710 331 2743 et
357 2703 632 2754 Quadrigario,
667 2705 732 2754 qui
766 2715 952 2742 numeros
980 2704 1097 2741 etiam
1123 2702 1246 2751 magis
1274 2713 1388 2751 quam
1415 2700 1480 2739 ille
1508 2706 1695 2739 auxerant
1721 2696 1819 2753 (uid.

293 2783 321 2808 s.
342 2782 378 2820 p.
395 2764 593 2820 CCXCVI).
634 2780 706 2819 qua
737 2767 782 2806 de
810 2781 925 2807 causa
953 2780 1040 2806 cum
1068 2779 1116 2805 ne
1144 2766 1279 2804 Liuius
1307 2765 1464 2817 quidem
1492 2778 1511 2804 a
1537 2764 1820 2804 consuetudine

293 2847 337 2873 ex
360 2834 498 2873 alienis
525 2832 635 2871 libris
661 2834 865 2872 materiam
892 2832 1097 2872 mutuandi
1125 2830 1344 2870 discederet
1371 2836 1407 2869 et
1434 2843 1505 2881 per
1529 2830 1663 2882 plures
1689 2835 1822 2881 partes

1985 988 1993 1099 ⁸³2-ae-
1987 957 1991 964 .
