2002 3342
285 196 458 225 CLXXVI
623 182 685 216 DE
713 181 1019 217 SCRIPTORVM
1045 182 1170 217 VITIS
1196 181 1257 216 ET
1285 181 1493 216 SORIPTIS

375 294 564 344 Superest
589 298 632 331 ut
659 294 794 343 paucis
821 305 1081 344 exponamus,
1118 305 1194 344 quo
1221 294 1307 331 iure
1334 292 1486 343 singula
1515 293 1730 343 fragmenta
1757 294 1821 332 hic

284 358 622 407 collocauerimus,
649 370 693 396 ex
723 357 866 408 quibus
893 363 986 396 sunt
1012 371 1110 409 quae
1139 372 1158 396 a
1186 357 1421 409 quibusdam
1449 357 1496 396 ad
1517 357 1677 396 annales
1698 364 1820 397 tracta

284 424 379 461 sint:
420 423 464 462 sr.
493 421 518 462 Ξ)
552 436 571 460 3
604 422 817 474 Macrolno,
851 423 896 461 fr.
925 420 951 460 6
984 435 1004 461 3
1037 422 1162 462 Nonio
1198 424 1281 474 ipsa
1317 424 1525 473 inscriptio
1561 422 1711 462 adiecta
1748 429 1819 462 est.

283 490 401 526 etiam
437 487 558 526 altero
595 487 679 525 loco
713 484 777 540 (fr.
804 485 851 541 4)
886 488 1044 526 eosdem
1080 487 1190 526 Fabii
1223 488 1525 526 commentarios
1558 500 1578 526 a
1611 487 1819 539 Macrobio,

283 554 464 603 quamuis
491 553 577 591 aliis
604 553 700 591 locis
729 552 835 591 Fabii
863 553 1029 591 Pictoris
1056 554 1297 592 mentionem
1324 565 1402 591 non
1430 553 1556 603 saciat,
1584 552 1707 591 dictos
1732 566 1817 592 esse

283 623 322 656 ct
348 630 420 668 per
447 630 488 656 se
515 619 602 656 ueri
631 618 757 656 simile
786 624 846 657 est
872 623 909 657 et
937 631 982 656 ex
1010 619 1237 669 imperatiui
1264 617 1396 668 modo,
1432 630 1549 669 quem
1577 619 1617 656 in
1645 631 1689 657 eo
1716 619 1817 669 frag-

282 688 412 721 mento
440 682 630 721 babemus
658 679 725 736 (cs.
753 684 798 722 sr.
821 682 873 734 2),
901 689 1062 734 apparet
1089 689 1128 722 et
1153 683 1244 722 inde
1272 683 1373 734 quod
1400 682 1622 722 Macrobius
1647 683 1745 722 haec
1772 696 1816 722 ex

281 749 439 799 scriptis
467 748 645 787 eiusdem
672 750 911 799 argumenti,
950 761 994 787 ex
1022 749 1180 787 Veranii
1206 748 1502 799 quaestionibus
1528 748 1818 799 pontificalibus

281 810 449 865 (saturn.
471 811 509 864 3,
530 812 569 864 5,
591 811 635 866 63
663 813 700 864 6,
727 813 797 866 143
825 812 892 865 20,
914 811 972 867 9),
1001 816 1209 865 excerpsit.
1247 813 1353 852 idem
1380 815 1622 853 coniecimus
1651 813 1696 852 de
1724 815 1769 854 fr.
1792 812 1814 852 7

280 876 376 931 (quo
402 884 611 930 praecepta
638 879 894 918 sacerdotalia
915 875 1185 933 exponuntur)
1214 884 1252 918 et
1273 876 1310 930 9,
1338 891 1437 930 quae
1465 880 1641 917 seruauit
1666 878 1816 918 Nonius

280 945 331 982 ita
359 949 403 982 ut
422 945 462 982 in
484 944 557 982 hoc
580 943 725 983 diserte
754 944 801 983 ad
820 945 1006 983 Varronis
1028 945 1300 983 auctoritatem
1322 943 1526 995 relegaret.
1563 950 1645 982 tum
1668 943 1816 983 Gellius

279 1011 404 1060 ipsam
431 1010 730 1060 inscriptionem
758 1022 952 1061 nusquam
981 1009 1140 1056 addidit,
1171 1022 1249 1048 uno
1277 1015 1408 1048 tamen
1429 1009 1512 1047 loco
1534 1005 1599 1062 (fr.
1622 1005 1667 1062 2)
1695 1011 1815 1060 signi-

279 1075 424 1124 ficauit,
445 1087 534 1113 cum
557 1074 707 1113 diceret
726 1086 825 1123 quos
845 1078 886 1113 2'12v
907 1077 1036 1125 libris,
1057 1078 1127 1123 qui
1147 1076 1196 1114 de
1215 1076 1500 1114 sacerdotibus
1510 1076 1689 1124 publicis
1711 1086 1814 1113 com-

268 1143 399 1190 positi
417 1145 522 1188 sunt,
542 1143 633 1178 ilem
655 1143 693 1179 2'72
712 1141 832 1179 Fame·
847 1141 1024 1179 Pictoris
1037 1141 1234 1179 librorum
1246 1143 1384 1189 primo
1404 1142 1577 1189 scriptos
1596 1136 1814 1193 legimusff)

279 1206 394 1244 etiam
422 1204 542 1243 altero
570 1204 654 1243 loco
683 1202 747 1257 (fr.
772 1202 815 1258 l)
844 1206 976 1256 quiuis
996 1210 1158 1256 propter
1178 1204 1311 1255 uerba,
1339 1204 1483 1255 quibus
1510 1204 1725 1243 introducit
1746 1204 1814 1243 Fa-

276 1270 403 1308 bium:
437 1271 483 1308 In
512 1272 615 1309 libro
634 1273 772 1320 primo
794 1272 914 1309 Fabii
934 1271 1122 1320 Pictoris,
1149 1282 1254 1319 quae
1280 1272 1408 1309 uerba
1426 1272 1664 1319 pontificem
1683 1273 1814 1309 maxi-

276 1348 381 1374 mum
409 1337 547 1374 dicere
573 1342 774 1385 oporteat,
809 1348 897 1374 cnm
925 1339 1127 1384 ue'ryinem
1154 1338 1310 1384 cape‘at,
1335 1338 1530 1384 scriplum
1557 1341 1631 1383 est,
1660 1334 1706 1373 de
1727 1336 1813 1373 iure

276 1401 476 1451 pontificio
505 1403 635 1451 potius
656 1413 773 1451 quam
801 1400 848 1439 de
876 1400 1094 1451 annalibus,
1121 1413 1219 1452 quos
1246 1400 1368 1438 semel
1389 1399 1537 1438 Gellius
1558 1396 1624 1452 (fr.
1647 1398 1691 1452 6)
1720 1401 1814 1438 cita-

275 1467 344 1515 uit7
372 1465 567 1516 cogitabit.
605 1465 773 1517 denique
808 1466 992 1505 Seruium
1020 1462 1084 1518 (fr.
1106 1463 1151 1519 3)
1186 1478 1255 1504 sua
1288 1465 1467 1504 hausisse
1494 1477 1540 1503 ex
1567 1465 1676 1504 hisce
1709 1477 1813 1504 com-

275 1532 480 1569 mentariis
508 1543 553 1569 ex
582 1532 638 1569 eis
667 1544 765 1582 quae
792 1531 965 1582 prodidit
992 1537 1051 1570 est
1077 1530 1325 1570 uerisimile.
1366 1530 1411 1569 sr.
1434 1528 1472 1581 8,
1499 1530 1602 1582 quod
1625 1530 1812 1569 debemus

275 1596 403 1646 Festo,
429 1597 633 1635 uicinitate
655 1598 814 1635 Antistii
842 1596 1048 1647 Labeonis,
1077 1598 1189 1635 cuius
1216 1595 1307 1634 libri
1335 1595 1382 1634 de
1408 1597 1494 1634 iure
1520 1596 1721 1647 pontificio
1748 1595 1812 1634 uel

274 1661 490 1712 pontificali
517 1666 556 1700 et
582 1667 694 1700 antea
721 1658 776 1713 (p.
800 1659 904 1715 249>
933 1666 971 1700 et
997 1668 1132 1713 postea
1159 1658 1214 1713 (p.
1237 1656 1343 1714 5253)
1371 1660 1517 1699 laudati
1549 1666 1658 1712 sunt,
1691 1661 1738 1700 ad
1767 1660 1811 1699 li-

273 1726 366 1764 bros
399 1726 508 1765 Fabii
543 1726 589 1765 de
621 1728 707 1765 iure
740 1727 942 1778 pontificio
977 1726 1174 1777 ducimur,
1208 1738 1307 1778 quae
1341 1727 1513 1776 suspicio
1547 1725 1637 1764 inde
1671 1726 1811 1765 confir-

274 1796 420 1841 matur,
460 1791 563 1842 quod
602 1791 766 1830 eandem
809 1804 890 1830 rem
938 1805 1052 1843 quam
1093 1791 1243 1830 Nonius
1282 1792 1327 1830 sr.
1355 1790 1380 1830 9
1421 1791 1648 1843 eisdemque
1686 1804 1810 1842 paene

273 1856 408 1895 uerbis
442 1869 487 1895 ex
514 1857 699 1907 Veranio,
732 1859 800 1908 qui
830 1856 993 1895 Fabium
1027 1858 1144 1896 etiam
1181 1856 1267 1896 aliis
1300 1856 1397 1895 locis
1429 1856 1590 1895 uidetur
1620 1858 1661 1894 in
1693 1869 1810 1895 usum

272 1934 450 1973 notasse,
477 1922 629 1961 rettulit
654 1922 794 1961 Festus
819 1935 856 1973 p.
880 1919 975 1962 158.

370 2049 404 2092 1)
431 2047 571 2082 Gellius
598 2048 688 2082 haec
716 2050 782 2082 aut
807 2048 971 2082 Masurio
999 2048 1134 2082 debere
1159 2048 1311 2082 uidetur
1338 2049 1403 2082 aut
1428 2047 1597 2082 Varroni.

1976 3117 2002 3342 -ἱ-..μ--π
