2002 3342
451 738 501 784 L.
541 737 858 785 SCRIBONII
898 737 1146 785 LIBONIS
1185 739 1470 787 ANNALIS

284 842 323 885 1.
362 846 488 884 Cleer.
517 847 573 884 ad
596 848 676 885 Att.
706 848 772 895 13,
787 848 855 894 30,
872 848 909 885 3.
950 846 1120 884 Sicunde
1155 852 1282 896 potes,
1320 859 1455 895 erues,
1489 849 1557 898 qui
1590 847 1725 886 decem

191 911 307 962 legati
327 911 513 949 Mummio
542 912 699 951 suerint.
739 912 923 963 Polybius
944 924 1021 950 non
1043 912 1229 949 nominat.
1264 925 1335 962 ego
1357 914 1521 950 memini
1542 912 1724 951 Albinum

191 976 436 1015 consularem
466 983 501 1014 et
531 976 593 1027 Sp.
619 976 862 1016 Mummium.
902 977 1041 1016 uideor
1067 976 1223 1015 audisse
1252 990 1297 1015 ex
1320 977 1541 1027 Hortensio,
1568 977 1726 1016 Tudita-

187 1054 293 1080 num.
334 1040 401 1079 sed
429 1042 468 1079 iu
491 1041 653 1080 Libonis
681 1043 809 1081 annali
831 1052 932 1081 XIIII
960 1043 1072 1080 anuis
1094 1048 1180 1093 post
1201 1048 1360 1093 praetor
1381 1048 1440 1080 est
1463 1042 1587 1081 factus
1607 1042 1725 1081 Tudi-

151 1123 166 1147 5
188 1112 301 1145 tanus
329 1118 443 1158 quam
471 1107 607 1145 consul
634 1107 856 1146 Mummius.
896 1120 974 1146 non
1002 1120 1094 1146 sane
1123 1107 1301 1158 quadrat.
1755 1137 1819 1167 132

279 1168 321 1212 ⁸2.
360 1172 439 1210 Cic.
463 1173 517 1210 ad
530 1174 610 1211 Aa.
629 1174 695 1223 13,
711 1174 779 1223 32,
795 1174 833 1212 3.
862 1173 909 1211 Et
930 1172 1032 1224 quod
1054 1171 1100 1211 ad
1122 1179 1158 1211 te
1182 1172 1228 1211 de
1251 1172 1386 1211 decem
1410 1172 1548 1223 legatis
1569 1174 1724 1224 scripsi,
1752 1197 1819 1226 622

188 1249 326 1288 parum
348 1236 588 1287 intellexisti,
614 1238 744 1290 credo,
765 1240 855 1290 quia
877 1237 949 1277 διὰ
970 1238 1162 1290 σημείων
1183 1239 1433 1288 scripseram.
1471 1237 1523 1275 De
1546 1237 1585 1275 C.
1606 1237 1720 1275 Tudi-

188 1308 278 1341 tano
300 1303 403 1340 euim
427 1303 676 1354 quaerebam,
703 1317 819 1355 quem
841 1316 887 1342 ex
909 1303 1118 1342 Hortensio
1141 1302 1342 1342 audieram
1364 1303 1486 1341 fuisse
1508 1304 1545 1340 in
1570 1302 1725 1346 decem;

190 1380 278 1405 eum
305 1367 421 1406 uideo
449 1369 487 1405 in
516 1367 677 1407 Libonis
704 1375 928 1420 praetorem
955 1369 994 1408 P.
1022 1368 1185 1420 Popillio
1213 1368 1252 1406 P.
1280 1368 1448 1419 Rupilio.
1488 1370 1600 1406 annis
1624 1377 1723 1406 XIIII

133 1450 166 1473 10
187 1438 287 1483 ante,
314 1445 428 1484 quam
456 1440 615 1483 praetor
643 1435 767 1473 sactus
794 1440 864 1485 est,
892 1434 1042 1485 legatus
1070 1446 1155 1473 esse
1183 1435 1387 1484 potuisset,
1416 1435 1493 1471 nisi
1516 1432 1722 1472 admodum

187 1509 275 1536 sero
308 1505 493 1549 quaestor
526 1505 585 1538 est
619 1499 772 1538 sactus?
806 1499 910 1551 quod
943 1512 1020 1539 non
1055 1499 1236 1538 arbitror.
1282 1498 1398 1538 uideo
1433 1499 1539 1537 enim
1566 1498 1723 1536 curules

186 1564 436 1613 magistratus
464 1576 552 1602 eum
582 1564 766 1615 legitimis
795 1567 908 1604 annis
934 1565 1122 1616 perfacile
1151 1566 1317 1615 cepisse.

1758 817 1821 847 ιω

1753 866 1820 907 6ῗὲ

277 1690 319 1745 l,
345 1698 363 1732 1
403 1709 536 1734 eruere
562 1696 743 1744 Effedic.)
778 1710 868 1734 erue
894 1698 998 1744 moly.
1033 1709 1142 1734 erues
1170 1696 1308 1734 Baiter
1434 1698 1456 1733 2
1490 1696 1649 1733 fuerunt
1674 1697 1726 1732 M

274 1755 351 1791 3.4
386 1754 583 1794 Tuditano
610 1757 663 1794 M
782 1758 807 1793 4
842 1756 976 1793 annali
1001 1754 1097 1806 <11>
1130 1755 1224 1793 XIV
1256 1756 1335 1794 cod.
1365 1757 1403 1792 in
1438 1755 1527 1793 add.
1558 1755 1721 1792 Graem'z‘

178 1814 369 1861 probante
398 1813 538 1852 Orellio

277 1868 319 1924 ⁶2,
349 1874 371 1910 6
407 1886 429 1910 a
455 1876 493 1912 te
519 1876 626 1914 Med.
752 1877 773 1912 7
801 1875 981 1912 intellexi
1006 1876 1058 1911 M
1086 1874 1283 1912 intellexti
1309 1875 1406 1911 Pius
1530 1874 1552 1910 9
1587 1873 1629 1910 L.
1651 1873 1721 1910 Po-

183 1932 297 1982 pillio
324 1933 377 1969 M
434 1933 475 1971 P.
498 1934 686 1984 Rupilian
707 1934 835 1972 XIHI.
856 1935 909 1971 M
967 1934 1190 1971 consulibus
1218 1934 1321 1981 moly.
1349 1933 1509 1971 additur
1528 1935 1618 1980 post
1644 1932 1718 1969 Ru-

184 1991 281 2041 pilio
371 1993 424 2029 10
451 2006 528 2031 non
555 1995 687 2042 potuit
716 1994 944 2041 H'esenbery
976 2005 1052 2031 non
1080 1994 1285 2042 potuisset,
1312 1993 1389 2030 nisi
1416 1993 1719 2030 esset—factus

188 2051 228 2089 C.
248 2052 295 2088 F.
314 2052 371 2088 W.
394 2052 562 2090 Muellm·
687 2056 734 2090 11
767 2048 970 2102 quaestor]
998 2054 1157 2100 praetor
1183 2052 1343 2100 Piylzius
1370 2052 1440 2089 del.
1465 2051 1582 2089 Orelli
