2002 3342
190 567 256 597 ‘299

190 616 257 657 455

190 887 256 917 263

188 933 259 977 Ei

191 1301 257 1331 250

188 1348 259 1390 Eo]

288 200 370 240 134
921 200 1180 243 RELIQVIAE

286 311 410 350 rulem
444 313 558 349 iussit
592 311 666 349 sibi
701 312 848 362 afferri,
884 324 968 350 eam
1002 313 1041 350 in
1068 312 1203 350 limine
1231 313 1427 364 apposuit,
1462 325 1508 351 ne
1542 314 1628 363 quis
1656 312 1812 351 illorum

286 378 391 414 exire
426 383 574 427 posset,
608 378 742 427 utique
776 377 816 414 hi
849 389 984 415 omnes
1018 378 1133 415 inuiti
1165 376 1346 415 uiderent
1382 390 1467 415 sese
1498 379 1537 415 in
1565 377 1658 415 sella
1686 377 1814 416 curuli

287 441 500 479 sedentem.

802 515 871 551 EX
898 513 1072 551 LIBRIS
1098 514 1299 551 III—VII

330 614 331 617 ’
368 592 478 646 33:32,
512 602 601 640 [λη.
624 602 690 650 10,
712 602 750 650 9,
774 603 839 640 12.
885 602 926 640 Id
959 614 1008 639 ne
1040 614 1110 652 pro
1144 607 1249 639 certo
1282 613 1486 652 ponerem,
1520 602 1716 639 uetustior
1748 613 1813 639 an-

285 666 432 704 nalium
460 673 596 705 auctor
617 667 704 705 Piso
726 669 871 717 effecit,
900 668 965 717 qui
993 679 1037 705 eo
1066 679 1166 704 anno
1194 666 1339 705 aediles
1367 666 1523 705 curules
1552 667 1673 704 fuisse
1694 665 1814 704 tradit

286 730 352 769 Cn.
380 731 593 770 Domitium
620 732 687 771 Cn.
717 732 740 770 f.
769 732 975 771 Caluinum
1002 738 1039 770 et
1067 732 1130 782 Sp.
1159 732 1372 770 Caruilium
1401 731 1443 776 Q.
1472 732 1494 770 s.
1516 731 1738 769 Maximum.
1776 730 1815 769 id

285 796 402 835 credo
430 809 646 847 cognomen
679 810 854 836 errorem
891 799 929 835 in
964 796 1154 835 aedilibus
1189 797 1329 835 fecisse
1357 803 1609 847 secutamque
1647 794 1815 834 fabulam

286 863 445 900 mixtam
473 875 519 900 ex
547 862 737 901 aediliciis
764 868 803 901 et
829 862 1100 901 consularibus
1129 863 1315 911 comitiis,
1345 863 1645 900 conuenientem
1679 861 1815 899 errori.

376 924 478 967 29²³&
514 929 615 966 Plin.
643 942 679 965 lt.
701 930 737 966 It.
766 929 833 977 16,
856 928 951 966 192.
992 927 1132 965 Mirum
1167 927 1269 978 apud
1303 928 1482 977 antiquos
1514 928 1640 977 primo
1668 926 1815 964 Punico

286 992 386 1031 bello
409 993 573 1031 classem
594 993 710 1031 Duilli
731 994 979 1044 imperatoris
1002 992 1047 1030 ab
1069 992 1207 1030 arbore
1230 992 1295 1030 LX
1317 991 1378 1030 die
1400 993 1661 1041 nauigauisse‚
1680 996 1812 1029 contra

286 1070 379 1096 uero
394 1058 606 1096 Hieronem
628 1071 761 1109 regem
778 1057 909 1096 CCXX
930 1070 1052 1096 naues
1073 1058 1232 1096 effectas
1255 1057 1392 1096 diebus
1408 1057 1504 1095 XLV
1525 1055 1644 1095 tradit
1658 1055 1698 1093 L.
1714 1056 1814 1094 Piso.

376 1119 475 1162 30²³&
516 1125 618 1162 Plfn.
647 1137 683 1162 η.
710 1125 746 1162 It.
773 1123 812 1170 8,
835 1124 900 1161 16.
948 1123 1184 1174 Elephantos
1221 1122 1328 1161 ltalia
1362 1123 1533 1173 primum
1568 1121 1670 1160 uidit
1705 1120 1816 1171 Pyrri

286 1190 389 1239 regis
422 1188 523 1227 hello
558 1195 595 1227 et
626 1189 748 1227 boues
783 1188 907 1226 Lucas
935 1187 1145 1239 appellauit
1172 1189 1212 1225 in
1240 1187 1407 1226 Lucanis
1440 1189 1548 1225 uisos
1579 1199 1678 1225 anno
1705 1185 1815 1224 urbis

336 1253 508 1264 xxxxx

285 1332 438 1358 merum
467 1319 625 1369 additis,
660 1319 795 1358 eadem
822 1319 1014 1370 plurimos
1042 1331 1142 1357 anno
1170 1318 1235 1356 Dll
1262 1319 1426 1356 uictoria
1453 1317 1494 1356 L.
1516 1316 1661 1355 Metelli
1687 1317 1813 1367 ponti·
1859 1328 1874 1351 5

285 1385 369 1423 ficis
396 1386 435 1422 in
463 1385 594 1423 Sicilia
623 1384 668 1423 de
696 1385 836 1423 Poenis
864 1390 1009 1435 captos.
1055 1383 1186 1422 CXLII
1214 1384 1323 1422 suere
1351 1388 1427 1433 aut⁷
1454 1389 1497 1421 ut
1523 1381 1692 1433 quidam,
1715 1379 1815 1419 CXX

285 1451 451 1488 trauecti
479 1449 645 1499 ratibus,
682 1462 778 1501 quas
812 1449 1004 1488 doliorum
1041 1450 1234 1487 consertis
1261 1447 1466 1486 ordinibus
1493 1449 1732 1498 inposuerat.
1759 1468 1815 1472 -

287 1514 325 1553 L.
347 1515 435 1553 Piso
462 1515 643 1554 inductos
677 1515 876 1553 dumtaxat
907 1516 948 1552 in
982 1516 1130 1553 circum
1158 1520 1291 1564 atque,
1324 1519 1367 1551 ut
1400 1518 1647 1564 contemptus
1680 1523 1814 1550 eorum

285 1582 544 1629 ncirescelet,
578 1580 624 1618 ab
652 1582 842 1631 operariis
869 1581 1000 1619 hastas
1027 1579 1264 1631 praepilatas
1297 1578 1530 1617 habentibus
1562 1590 1633 1629 per
1666 1578 1816 1615 circum

285 1730 409 1774 plebei
435 1732 542 1772 esset,
570 1741 642 1773 quo
669 1730 768 1764 facto
795 1731 902 1763 tanta
927 1729 1138 1774 indignatio
1166 1728 1320 1771 exarsit⁷
1352 1730 1391 1761 ut
1419 1727 1579 1761 anulos
1608 1726 1814 1760 abiectos

285 1778 323 1811 in
362 1778 632 1821 antiquissimis
663 1778 871 1821 reperiatur
903 1776 1112 1811 annalibus.
1157 1775 1257 1810 fallit
1288 1775 1500 1819 plerosque,
1533 1774 1633 1818 quod
1667 1776 1746 1808 tum
1778 1776 1815 1808 et

286 1828 495 1869 equestrem
527 1826 693 1859 ordinem
726 1825 765 1858 id
798 1824 929 1858 fecisse
963 1824 1201 1858 arbitrantur.
1241 1823 1379 1857 etenim
1407 1822 1596 1856 adiectum
1629 1822 1698 1855 hoc
1725 1833 1814 1865 quo-

286 1883 373 1916 que:
402 1873 477 1907 sed
505 1875 547 1906 et
574 1872 788 1917 phaleras
814 1872 1006 1916 positas,
1033 1872 1259 1915 propterque
1283 1881 1415 1904 nomen
1438 1870 1606 1913 equitum
1628 1869 1815 1902 adiectum

286 1920 357 1962 est,
385 1919 515 1955 anulos
543 1931 688 1964 quoque
717 1919 904 1964 depositos
933 1930 953 1952 a
979 1918 1177 1952 nobilitate
1206 1918 1244 1951 in
1273 1917 1419 1951 annalis
1445 1916 1605 1951 relatum
1631 1918 1704 1956 est,
1730 1927 1814 1950 non

287 1979 307 2001 a
334 1970 495 2002 senatu
522 1968 747 2002 uniuerso.
786 1967 857 2001 hoc
883 1969 1008 2000 actum
1033 1966 1071 2000 P.
1094 1965 1311 2010 Sempronio
1338 1965 1375 1998 L.
1398 1964 1562 2008 Sulpicio
1589 1963 1815 1997 consulibus.

286 2014 438 2049 Flauius
470 2016 575 2049 uouit
608 2015 739 2049 aedem
772 2014 1014 2056 Concordiae,
1049 2013 1079 2047 si
1111 2013 1249 2058 populo
1283 2011 1557 2046 reconciliasset
1583 2011 1741 2046 ordines.
1781 2012 1818 2045 et

286 2073 367 2096 cum
396 2063 442 2096 ad
469 2063 508 2096 id
534 2062 693 2107 pecunia
718 2061 867 2106 publice
893 2073 965 2095 non
994 2062 1268 2100 decerneretur,
1305 2071 1347 2093 ex
1374 2059 1584 2093 multaticia
1610 2058 1818 2093 faenerato-

285 2110 386 2144 ribus
420 2110 672 2144 condemnatis
706 2109 914 2143 aediculam
947 2119 1093 2143 aeream
1127 2108 1216 2142 fecit
1247 2108 1285 2140 in
1312 2106 1567 2148 Graecostasi,
1600 2117 1695 2149 quae
1728 2108 1818 2140 tune

287 2169 397 2201 supra
431 2158 622 2192 comitium
655 2160 753 2199 erat,
785 2157 993 2200 inciditque
1024 2157 1063 2189 in
1095 2155 1236 2189 tabella
1269 2165 1376 2188 aerea
1408 2154 1545 2188 factam
1578 2165 1659 2188 eam
1686 2153 1816 2187 aedem

287 2204 405 2239 CCIIH
437 2205 544 2239 annis
577 2207 662 2249 post
688 2204 937 2248 Capitolinam
971 2203 1196 2238 dedicatam.
1240 2202 1279 2235 id
1306 2201 1581 2236 CCCCXLVIIII
1611 2212 1632 2234 a
1666 2200 1816 2235 condita

287 2253 378 2286 urbe
403 2255 551 2295 gestum
577 2253 633 2287 est
659 2254 696 2286 et
722 2253 881 2297 primum
909 2251 1104 2286 anulorum
1131 2249 1334 2294 uestigium
1362 2251 1490 2283 exstat.

382 2299 444 2335 28.
481 2301 558 2334 Vici.
585 2312 697 2344 surpra
720 2311 758 2344 p.
781 2310 850 2334 CXC
874 2304 906 2334 et
931 2300 1052 2334 Licin.
1080 2300 1127 2341 fr.
1148 2300 1204 2332 19.

384 2348 448 2382 29.
484 2348 562 2382 sid.
593 2349 771 2382 Muenzer
797 2346 1009 2388 Quellenkr.
1031 2348 1226 2389 1120289.

380 2495 399 2528 1
431 2492 618 2539 opposuit
650 2490 820 2527 Gronou.

379 2546 454 2600 28,
484 2551 506 2586 6
535 2550 580 2586 cl.
601 2549 703 2586 dom.
729 2549 836 2586 Med.
859 2561 888 2586 c.
909 2548 933 2585 l.
961 2548 1061 2585 dom.
1088 2548 1180 2585 Par.
1204 2547 1292 2592 ΥΡΞ.
1320 2544 1386 2582 Cn.
1409 2544 1630 2582 Domitium
1650 2537 1814 2590 Piylzius

288 2608 330 2645 L.
358 2610 418 2645 uel
446 2608 511 2646 Cn.
539 2609 651 2646 Dom.
679 2608 713 2645 Ι.
729 2609 777 2645 F.
801 2607 1023 2646 Gmnoutus

379 2664 455 2717 30,
486 2669 536 2706 16
568 2667 665 2705 CXL
692 2668 782 2704 libri
813 2669 968 2704 centum
995 2666 1145 2716 uiginti
1170 2666 1262 2702 [ΑΜ.
1284 2664 1367 2710 epit.
1392 2665 1446 2700 19
1470 2663 1614 2700 Seneca
1640 2662 1685 2699 de
1712 2662 1816 2698 brea.

292 2729 354 2765 etit.
379 2729 443 2774 13,
461 2728 486 2764 8
513 2727 653 2764 Zonar.
678 2728 714 2773 8,
732 2728 786 2763 14
811 2739 847 2773 p.
862 2727 948 2763 214
964 2726 1040 2762 Dd.
1067 2726 1224 2762 centum
1245 2725 1284 2761 et
1303 2724 1493 2771 quattuor
1521 2721 1626 2759 Oros.
1649 2722 1688 2763 4,
1707 2722 1743 2762 9,
1763 2719 1816 2757 15

288 2784 476 2835 ἑξήκοντα
502 2787 662 2823 Diodor.
683 2787 752 2829 23,
766 2786 821 2823 21
838 2786 915 2822 Dd.
956 2784 1095 2822 CXXX
1115 2784 1278 2830 Eutrop.
1299 2783 1339 2829 2,
1353 2783 1421 2819 24.
1450 2783 1563 2819 etiam
1584 2779 1690 2827 apud
1708 2779 1816 2816 Ptin.

290 2846 472 2893 Mayhoff
494 2857 595 2883 mmo
621 2857 706 2882 cum
731 2845 940 2882 Muenzero
969 2839 1268 2894 (Quellenkr.p.
1284 2842 1360 2878 371
1377 2836 1450 2893 sq.)
1478 2841 1565 2887 ῑθῃὶί
1590 2838 1694 2876 CXX

1842 1002 1874 1027 10
