2002 3342
285 197 363 226 LIV
849 182 1248 218 PROLEGOMENON

286 309 316 334 a.
339 292 555 345 503251,
589 307 664 345 quo
699 295 737 332 in
771 295 868 332 actis
901 294 988 344 Agr.
1016 293 1221 332 Menenius
1253 294 1485 346 triumphat,
1522 295 1560 334 P.
1587 295 1810 334 Postumius

285 374 407 400 ouans
434 363 473 399 in
500 359 639 399 urbem
663 355 902 412 ingreditur)
928 358 992 397 uel
1012 358 1112 397 male
1132 364 1308 409 pugnant
1328 355 1378 412 (a.
1393 357 1491 398 477.
1507 357 1590 398 277
1619 360 1660 399 Τ.
1682 360 1811 399 Mene—

285 430 374 466 nius
402 425 440 477 2,
461 424 529 476 51,
554 424 573 463 1
593 437 668 475 sq.,
701 425 767 475 qui
800 436 901 462 anno
935 425 1161 475 insequenti
1192 429 1398 463 accusatus
1432 430 1470 463 et
1503 424 1707 464 damnatus
1740 432 1811 476 est,

286 492 388 544 quod
415 490 545 529 Fabiis
572 489 620 528 ad
647 488 872 527 Cremeram
899 488 1111 539 opitulatus
1137 501 1215 527 non
1243 494 1348 527 esset
1374 501 1405 528 c.
1426 487 1554 538 52,3.
1589 490 1635 529 cf.
1655 490 1810 541 Dionys.

286 555 324 608 9,
343 555 466 608 NJ),
495 553 562 606 23,
581 551 681 609 l).¹)
720 553 761 592 T.
783 553 920 592 Larcio
955 553 1094 593 saltem
1129 553 1362 592 dictaturam
1394 555 1561 605 primam
1588 554 1725 594 Liuius
1755 552 1814 608 (set

284 617 513 673 Dionysius)
541 620 718 658 seruauit
743 617 994 658 ‘ueterrimos
1020 617 1214 658 auctores’
1244 625 1421 670 secutus,
1447 631 1536 658 cum
1563 620 1627 658 alii
1655 633 1740 659 eam
1767 621 1814 659 ad

286 694 442 738 gentem
469 685 662 724 Valeriam
693 684 896 723 traherent
922 681 980 737 (2,
998 681 1225 737 18,4-6).
1267 684 1435 735 denique
1463 684 1581 724 rebus
1612 685 1812 736 praeclare

286 753 399 790 factis
425 752 496 790 hae
524 756 661 801 gentes
688 751 848 788 omnino
869 762 946 788 non
968 749 1177 800 excellunt,
1203 750 1279 788 nisi
1300 751 1521 800 perpaucis,
1548 762 1646 801 quae
1667 762 1713 789 ex
1734 752 1813 801 pri·

286 819 360 855 mis
388 816 534 855 liberae
562 817 620 854 rei
646 815 825 867 publicae
853 816 965 853 annis
992 827 1174 853 sermone
1201 820 1239 853 et
1272 815 1373 852 sama
1399 820 1633 866 propagatae
1655 821 1693 854 et
1714 815 1813 854 cele-

284 882 418 921 bratae
446 887 547 920 sunt.

375 947 522 993 Quodsi
550 959 614 985 eas
641 946 826 996 Valerios,
852 945 1003 995 Fabios,
1032 944 1245 996 Cornelios,
1272 944 1465 995 Claudios,
1492 944 1642 996 Furios,
1669 944 1813 990 Quinc—

284 1015 360 1052 tios
392 1014 559 1063 uirtute,
592 1013 827 1061 constantia,
860 1010 1047 1048 felicitate
1080 1022 1157 1048 non
1191 1022 1380 1061 aequasse
1414 1009 1686 1061 concedimus,
1718 1010 1815 1049 illud

285 1084 416 1117 tamen
443 1082 667 1128 comparata
687 1077 923 1127 cognitionis
950 1081 1107 1114 nostrae
1126 1075 1268 1114 horum
1290 1087 1480 1126 generum
1502 1075 1730 1114 diuersitate
1755 1089 1814 1115 se·

286 1145 420 1195 quitur
439 1143 655 1193 Verginios,
682 1141 894 1191 Menenios,
914 1140 1106 1179 Minucios
1128 1146 1358 1191 ceterosque
1379 1142 1592 1179 memoriae
1613 1153 1705 1180 suae
1725 1154 1814 1192 pro-

285 1208 484 1260 pagandae
511 1208 640 1245 officio
668 1206 852 1245 defuisse.

374 1273 456 1312 Hoc
489 1279 618 1311 autem
652 1271 839 1322 explicari
872 1283 948 1309 non
980 1276 1111 1321 potest
1142 1272 1220 1309 nisi
1245 1272 1298 1309 ita
1324 1276 1368 1309 ut
1400 1273 1648 1310 occasionem
1680 1271 1815 1310 laudes

287 1339 454 1390 gentiles
472 1339 513 1376 in
528 1336 718 1388 explenda
738 1338 1038 1386 magistratuum
1063 1337 1165 1374 serie
1190 1336 1359 1387 augendi
1382 1343 1471 1387 post
1494 1338 1706 1375 exstinctas
1729 1336 1816 1376 illas

287 1409 424 1455 gentes
452 1403 578 1441 datam
606 1414 693 1440 esse
714 1413 958 1451 censeamus,
987 1413 1075 1439 cum
1102 1413 1181 1439 non
1207 1401 1409 1452 haberent,
1440 1403 1638 1452 quisnam
1660 1414 1816 1441 causam

287 1469 472 1508 tuendam
501 1463 792 1520 suscipe1·ent²')
819 1466 1099 1517 plagiariisque
1125 1466 1436 1518 intercederent,
1469 1466 1713 1518 eandemque
1743 1468 1816 1506 ini-

288 1536 479 1585 quitatem
513 1534 630 1572 etiam
658 1538 795 1582 gentes
821 1531 994 1583 plebeias
1021 1544 1156 1582 passas
1184 1544 1289 1583 esse,
1324 1544 1489 1583 quarum
1516 1534 1705 1571 memoria
1737 1545 1816 1572 non

286 1600 387 1639 ultra
410 1612 442 1638 c.
458 1596 554 1637 366.
571 1596 655 1637 388
684 1599 809 1648 repeti
831 1602 976 1649 potest3
1003 1610 1094 1636 nam
1115 1599 1299 1648 quoniam
1321 1610 1410 1636 cum
1432 1597 1637 1636 consulatu
1659 1597 1815 1637 demum

286 1667 509 1716 ceterisque
543 1663 836 1714 magistratibus
869 1662 1073 1701 curulibus
1105 1664 1166 1701 ius
1193 1664 1409 1713 imaginum
1443 1668 1675 1701 consecutae
1706 1675 1770 1702 res
1797 1676 1817 1702 a

287 1743 328 1769 se
362 1736 490 1781 gestas
523 1729 666 1768 litteris
699 1730 948 1780 posterisque
982 1727 1167 1766 mandare
1195 1734 1427 1779 coeperunt,
1461 1729 1648 1779 patriciae
1681 1734 1817 1778 gentes

287 1796 520 1846 superstites
540 1794 625 1832 illas
647 1793 782 1832 eadem
804 1793 961 1832 licentia
983 1798 1224 1844 occuparunt
1246 1805 1320 1844 qua
1341 1805 1500 1832 suarum
1516 1794 1818 1845 exstinctarum3

288 1866 331 1899 ut
356 1862 476 1911 igitur
496 1859 676 1898 tribunos
698 1859 867 1897 militum
889 1858 1086 1897 consulari
1106 1864 1299 1909 potestate
1321 1871 1368 1897 ex
1390 1860 1471 1897 suis
1499 1855 1676 1909 (praeter
1694 1870 1817 1897 unum

287 1921 546 1977 Trebonium)
580 1926 847 1975 maioremque
879 1930 1033 1975 partem
1066 1936 1112 1962 ex
1146 1923 1428 1981 superstitibus
1459 1936 1585 1975 usque
1618 1923 1666 1962 ad
1701 1936 1818 1962 senos

288 1991 574 2042 suppleuerunt
600 1990 837 2042 (Mommsen
864 1989 887 2028 l.
909 2002 937 2028 S.
964 1989 998 2027 II
1024 2002 1059 2040 p.
1082 1986 1167 2028 225
1183 1984 1286 2042 sqq.)
1295 2020 1306 2040 ,
1339 1990 1391 2028 ita
1424 2001 1502 2027 non
1539 1988 1819 2028 dubitauerunt

288 2056 537 2094 Coriolanum
566 2068 611 2094 ex
638 2055 793 2106 plebeia
819 2061 934 2106 gente
961 2054 1105 2093 Marcia
1138 2055 1242 2093 inter
1274 2055 1461 2105 patricios
1489 2053 1685 2105 adoptare.
1726 2054 1818 2093 hinc

287 2123 409 2173 igitur
428 2123 658 2160 memoriam
679 2122 923 2172 antiquitatis
943 2120 1141 2158 Romanae
1168 2125 1257 2170 post
1282 2132 1314 2158 a.
1336 2117 1434 2158 366.
1450 2117 1534 2158 388
1563 2121 1604 2158 in
1630 2131 1714 2158 eam
1742 2120 1818 2158 for-

288 2199 408 2236 mam,
441 2198 540 2237 quae
573 2185 686 2224 nobis
720 2198 739 2224 a
774 2185 885 2224 Liuio
919 2185 1181 2236 Dionysioque
1214 2184 1357 2224 tradita
1390 2190 1466 2236 est,
1499 2184 1697 2224 redactam
1732 2197 1818 2224 esse

288 2257 459 2303 apparet.

378 2318 494 2367 Atqui
515 2316 628 2367 longe
650 2316 723 2354 alia
744 2316 841 2355 fides
857 2316 975 2355 rebus
996 2321 1083 2367 post
1102 2315 1329 2354 incendium
1346 2314 1536 2354 Gallicum
1557 2315 1694 2354 haberi
1709 2315 1820 2366 solet,

288 2382 362 2420 alia
389 2383 446 2420 eis
467 2394 567 2432 quae
588 2387 688 2420 ante.
722 2382 818 2420 haec
840 2383 946 2420 enim
967 2383 1098 2432 opinio
1120 2383 1197 2419 iam
1218 2382 1322 2419 inter
1342 2380 1537 2419 Romanos
1558 2380 1820 2431 percrebruit,

289 2460 365 2498 qua
400 2446 445 2485 de
480 2459 596 2485 causa
624 2446 810 2485 Claudius
837 2446 1120 2497 Quadrigarius
1152 2447 1310 2485 initium
1343 2445 1544 2484 scribendi
1571 2445 1617 2484 ab
1645 2457 1689 2484 eo
1716 2446 1821 2496 cepit

290 2518 328 2550 et
347 2511 505 2550 Clodius
533 2511 690 2562 quidam
719 2510 893 2565 (Paulus,
920 2518 963 2550 ut
988 2511 1158 2562 uidetur,
1186 2511 1264 2550 uid.
1292 2507 1411 2564 infra)
1440 2510 1542 2562 apud
1566 2510 1819 2549 Plutarchum

387 2633 417 2675 1)
445 2631 516 2665 Res
544 2642 565 2665 a
585 2631 767 2666 Meneniis
793 2631 1029 2675 potissimum
1053 2633 1182 2676 gestae
1203 2630 1303 2675 apud
1323 2629 1470 2664 Liuium
1489 2628 1820 2665 retractationibus

290 2685 456 2720 eiusdem
481 2685 662 2719 materiae
688 2685 803 2719 etiam
830 2685 877 2718 ad
905 2684 998 2718 alias
1025 2686 1155 2730 gentes
1180 2684 1320 2718 relatae
1348 2684 1385 2718 et
1410 2683 1584 2717 turbatae
1612 2684 1708 2717 sunt.
1744 2682 1819 2717 uid.

289 2738 459 2773 Niebuhr
484 2738 516 2772 II
541 2750 577 2782 p.
593 2742 659 2771 231
676 2750 728 2782 sq.
769 2737 981 2782 Schwegler
1005 2737 1038 2771 Π
1066 2740 1131 2772 702
1147 2749 1199 2780 sq.
1229 2740 1295 2771 754
1311 2748 1363 2780 sq.

386 2793 418 2836 2)
446 2792 574 2835 Itaque
600 2791 761 2836 patricia
787 2801 876 2836 gens
898 2790 1146 2826 Genuciorum
1171 2791 1210 2825 et
1227 2789 1473 2824 Minuciorum
1492 2800 1609 2833 usque
1630 2789 1678 2823 ad
1703 2788 1821 2824 fastos

291 2844 519 2890 Capitolinos
546 2844 777 2890 cognominis
804 2844 940 2878 honore
968 2845 1174 2879 caruerunt.
1214 2843 1419 2877 Mommsen
1445 2843 1491 2878 R.
1512 2843 1557 2877 F.
1578 2842 1594 2876 I
1618 2854 1654 2886 p.
1671 2845 1821 2878 65—68.
