2002 3342
6 2083 7 2089 1
0 1896 7 2048 nem—roa·
0 1855 5 1886 -
0 1754 5 1843 2-7-122
0 1718 4 1741 u,
0 1681 2 1687 ν

727 171 961 205 YALERIVS
988 171 1163 206 ANTIAs
1474 184 1710 214 cccxxxm

180 291 310 323 tamen
331 284 402 322 hoc
425 283 692 322 adiumentum
715 283 836 333 deest,
859 281 927 320 sed
949 294 996 320 ne
1020 282 1268 321 desideratur
1289 282 1458 333 quidem.
1498 295 1586 320 113111
1609 281 1713 332 quod

182 350 241 388 hic
277 363 295 388 a
323 349 434 388 Liuio
462 355 618 400 praeter
645 354 796 387 ceteros
829 353 1008 386 auctores
1036 347 1202 386 multum
1232 348 1447 398 adhibitus,
1481 361 1499 385 a
1529 347 1711 398 Dionysio

181 414 369 465 laudatus,
397 414 560 452 Varroni
587 416 766 464 cognitus
794 414 950 464 generis
978 413 1039 450 sui
1062 412 1219 451 dicendi
1242 415 1414 464 speciem
1442 425 1519 450 non
1542 411 1712 463 reliquit,

180 492 295 518 causa
329 479 375 517 ab
410 481 494 517 eius
528 478 679 529 uulgari
715 490 895 517 sermone
932 477 1143 528 repetenda
1178 483 1253 528 est,
1288 491 1403 528 quem
1432 478 1575 515 Fronto
1602 479 1711 515 inne-

180 550 339 583 nustum
362 544 457 583 dixit.
479 541 575 597 (uid.
597 556 715 595 supra
737 540 1023 595 1›.CCLXXXVJ)
1053 544 1217 594 eiusque
1239 543 1422 594 aequales
1443 548 1485 581 ut
1512 542 1712 581 indoctum

180 615 520 661 contempserunt,
544 621 634 647 113111
656 610 695 646 111
718 614 800 647 arte
822 607 1022 646 scribendi
1044 607 1357 658 calamistrisque
1380 620 1477 658 quae
1501 610 1713 659 scripserat

179 673 365 713 inurendi
397 687 475 713 non
501 673 667 712 multum
696 673 959 722 laborauerat,
989 678 1031 710 ut
1058 674 1175 711 etiam
1202 674 1243 710 in
1270 672 1342 711 hac
1370 685 1411 711 re
1438 674 1559 711 uitam
1588 675 1713 724 ipsam

179 740 401 778 imitaretur
428 739 603 790 exempla
631 751 700 778 sua
725 744 885 777 secutus
907 744 945 776 et
969 744 1092 776 artem
1114 750 1224 776 suam
1247 739 1393 788 tragica
1415 739 1600 776 materiae
1622 751 1712 777 con-

180 805 411 843 formatione
440 810 666 855 ostentaret,
695 806 806 843 euius
827 804 1038 854 imaginem
1060 803 1171 841 Liuio
1194 801 1337 856 (paene
1363 802 1540 854 dixerim,
1569 802 1711 857 inuito)

180 868 380 908 debemus.

267 934 321 973 De
350 935 592 985 fragmentis,
619 947 718 986 quae
738 935 883 973 Antiati
910 933 1218 985 adsignauimus,
1245 935 1312 972 uix
1333 934 1380 972 lis
1402 935 1563 973 oriatur.
1591 947 1712 973 unum

180 999 413 1039 seclusimus
439 999 619 1051 Arnobii,
647 1001 715 1051 qui
744 999 789 1038 de
816 1001 954 1038 matris
981 1011 1144 1050 magnae
1172 1000 1296 1038 sacris
1323 1011 1441 1050 agens
1469 994 1528 1053 (ἴ),
1546 996 1590 1052 7)
1616 999 1713 1037 haec

180 1064 334 1104 scribit:
377 1066 498 1114 Viryo
530 1078 678 1115 sponsa
711 1078 815 1114 quae
843 1065 1002 1115 fuerat,
1042 1077 1162 1114 quam
1192 1065 1376 1104 Valerius
1399 1065 1592 1114 pontifex
1626 1066 1713 1104 Iam

179 1132 339 1169 nomine
361 1130 490 1179 fuisse
516 1132 748 1179 conscribit,
776 1133 1003 1170 exanimati
1018 1136 1167 1180 pectus
1192 1133 1298 1169 lanis
1323 1131 1574 1169 mollioribus
1593 1133 1713 1179 uelat,

180 1196 251 1233 dat
282 1197 478 1234 lacrimas
513 1208 601 1235 eum
635 1197 805 1245 Aqdestz·
840 1196 1127 1246 interfecitque
1161 1208 1204 1234 se
1240 1199 1378 1245 ipsam.
1423 1207 1513 1233 nam
1549 1196 1616 1246 qui
1650 1195 1714 1233 hic

181 1259 344 1298 affertur
358 1259 536 1300 Valerius
556 1262 744 1312 pontifex,
765 1274 842 1300 non
859 1262 932 1300 fuit
946 1261 1093 1311 Antias,
1113 1266 1157 1299 ut
1174 1266 1310 1299 censet
1324 1259 1564 1298 Hildebrand
1579 1273 1611 1300 a.
1626 1260 1661 1299 h.
1678 1260 1713 1311 l.,

182 1325 250 1364 sed
282 1325 329 1365 M.
356 1326 533 1365 Valerius
559 1326 737 1365 Messalla
770 1322 896 1379 (cons.
918 1324 986 1366 53.
1009 1322 1132 1381 701),
1166 1327 1233 1377 qui
1265 1338 1337 1377 per
1370 1338 1492 1364 annos
1522 1327 1713 1377 quinqua·

181 1391 287 1441 ginta
321 1397 359 1430 et
391 1393 563 1443 quinque
598 1404 722 1442 augur
754 1392 827 1430 suit
860 1387 1048 1445 (Macrob.
1071 1397 1141 1430 sat.
1161 1388 1340 1444 1,9,14>
1376 1397 1413 1430 et
1447 1390 1492 1430 de
1526 1392 1713 1442 auspiciis

181 1455 325 1494 librum
353 1458 589 1508 composuit,
623 1458 735 1496 cuius
769 1457 956 1508 reliquias
983 1456 1105 1496 habes
1131 1456 1233 1508 apud
1260 1456 1492 1495 Bremerum
1525 1457 1566 1494 in
1592 1456 1713 1495 luris-

180 1520 292 1572 prud.
320 1521 520 1561 antehadr.
542 1535 577 1574 q.
599 1535 628 1561 s.
650 1535 685 1573 p.
701 1519 948 1561 263—266.
