<?xml version="1.0" encoding="UTF-8"?>
<!DOCTYPE html PUBLIC "-//W3C//DTD XHTML 1.0 Transitional//EN"
    "http://www.w3.org/TR/xhtml1/DTD/xhtml1-transitional.dtd">
<html xmlns="http://www.w3.org/1999/xhtml" xml:lang="en" lang="en">
 <head>
  <title>
</title>
<meta http-equiv="Content-Type" content="text/html;charset=utf-8" />
  <meta name='ocr-system' content='tesseract 3.04.00' />
  <meta name='ocr-capabilities' content='ocr_page ocr_carea ocr_par ocr_line ocrx_word'/>
</head>
<body>
  <div class='ocr_page' id='page_1' title='image "./historicorumroma01peteuoft_0027.png"; bbox 0 0 2002 3342; ppageno 0'>
   <div class='ocr_carea' id='block_1_1' title="bbox 6 0 43 3342">
    <p class='ocr_par' dir='ltr' id='par_1_1' title="bbox 6 0 43 3342">
     <span class='ocr_line' id='line_1_1' title="bbox 6 0 43 3342; baseline 0 0"><span class='ocrx_word' id='word_1_1' title='bbox 6 0 43 3342; x_wconf 95' lang='lat' dir='ltr'> </span> 
     </span>
    </p>
   </div>
   <div class='ocr_carea' id='block_1_2' title="bbox 667 202 1759 250">
    <p class='ocr_par' dir='ltr' id='par_1_2' title="bbox 667 202 1759 250">
     <span class='ocr_line' id='line_1_2' title="bbox 667 202 1759 250; baseline 0.005 -14"><span class='ocrx_word' id='word_1_2' title='bbox 667 203 692 238; x_wconf 89' lang='lat'>1.</span> <span class='ocrx_word' id='word_1_3' title='bbox 722 202 784 237; x_wconf 83' lang='lat' dir='ltr'>DE</span> <span class='ocrx_word' id='word_1_4' title='bbox 811 202 1089 237; x_wconf 75' lang='lat' dir='ltr'>ANNALIBVS</span> <span class='ocrx_word' id='word_1_5' title='bbox 1115 204 1316 239; x_wconf 74' lang='lat' dir='ltr'>MAxnns</span> <span class='ocrx_word' id='word_1_6' title='bbox 1713 222 1759 250; x_wconf 64' lang='lat' dir='ltr'>XI</span> 
     </span>
    </p>
   </div>
   <div class='ocr_carea' id='block_1_3' title="bbox 221 312 1764 1997">
    <p class='ocr_par' dir='ltr' id='par_1_3' title="bbox 221 312 1764 1997">
     <span class='ocr_line' id='line_1_3' title="bbox 226 312 1759 368; baseline 0.002 -16"><span class='ocrx_word' id='word_1_7' title='bbox 226 314 401 365; x_wconf 79' lang='lat' dir='ltr'>pontifex</span> <span class='ocrx_word' id='word_1_8' title='bbox 429 315 469 352; x_wconf 92' lang='lat' dir='ltr'>in</span> <span class='ocrx_word' id='word_1_9' title='bbox 497 315 581 364; x_wconf 91' lang='lat' dir='ltr'>ipsa</span> <span class='ocrx_word' id='word_1_10' title='bbox 609 313 750 364; x_wconf 88' lang='lat' dir='ltr'>tabula,</span> <span class='ocrx_word' id='word_1_11' title='bbox 778 326 867 351; x_wconf 90' lang='lat' dir='ltr'>cum</span> <span class='ocrx_word' id='word_1_12' title='bbox 895 315 1032 352; x_wconf 82' lang='lat' dir='ltr'>iamin</span> <span class='ocrx_word' id='word_1_13' title='bbox 1054 315 1159 363; x_wconf 87' lang='lat' dir='ltr'>regia</span> <span class='ocrx_word' id='word_1_14' title='bbox 1181 314 1305 353; x_wconf 75' lang='lat' dir='ltr'>adfixa</span> <span class='ocrx_word' id='word_1_15' title='bbox 1327 312 1488 368; x_wconf 71' lang='lat' dir='ltr'>essetl‘),</span> <span class='ocrx_word' id='word_1_16' title='bbox 1516 316 1759 366; x_wconf 87' lang='lat' dir='ltr'>singulorum</span> 
     </span>
     <span class='ocr_line' id='line_1_4' title="bbox 228 377 1760 431; baseline 0.002 -14"><span class='ocrx_word' id='word_1_17' title='bbox 228 391 420 418; x_wconf 89' lang='lat' dir='ltr'>annorum</span> <span class='ocrx_word' id='word_1_18' title='bbox 444 379 701 430; x_wconf 79' lang='lat' dir='ltr'>praescriptis</span> <span class='ocrx_word' id='word_1_19' title='bbox 723 377 927 417; x_wconf 87' lang='lat' dir='ltr'>consulum</span> <span class='ocrx_word' id='word_1_20' title='bbox 950 378 1176 418; x_wconf 85' lang='lat' dir='ltr'>nominibus</span> <span class='ocrx_word' id='word_1_21' title='bbox 1204 386 1242 418; x_wconf 87' lang='lat' dir='ltr'>et</span> <span class='ocrx_word' id='word_1_22' title='bbox 1262 380 1426 419; x_wconf 87' lang='lat' dir='ltr'>aliorum</span> <span class='ocrx_word' id='word_1_23' title='bbox 1449 382 1760 431; x_wconf 75' lang='lat' dir='ltr'><strong>magistratuum,</strong></span> 
     </span>
     <span class='ocr_line' id='line_1_5' title="bbox 227 445 1760 496; baseline 0.001 -14"><span class='ocrx_word' id='word_1_24' title='bbox 227 456 324 495; x_wconf 88' lang='lat' dir='ltr'>quos</span> <span class='ocrx_word' id='word_1_25' title='bbox 350 456 423 494; x_wconf 92' lang='lat' dir='ltr'>per</span> <span class='ocrx_word' id='word_1_26' title='bbox 449 445 556 494; x_wconf 88' lang='lat' dir='ltr'>ipsos</span> <span class='ocrx_word' id='word_1_27' title='bbox 583 456 705 482; x_wconf 90' lang='lat' dir='ltr'>annos</span> <span class='ocrx_word' id='word_1_28' title='bbox 731 456 809 482; x_wconf 91' lang='lat' dir='ltr'>uno</span> <span class='ocrx_word' id='word_1_29' title='bbox 838 456 993 494; x_wconf 88' lang='lat' dir='ltr'>quoque</span> <span class='ocrx_word' id='word_1_30' title='bbox 1019 448 1215 494; x_wconf 85' lang='lat' dir='ltr'>tempore,</span> <span class='ocrx_word' id='word_1_31' title='bbox 1250 457 1338 483; x_wconf 89' lang='lat' dir='ltr'>cum</span> <span class='ocrx_word' id='word_1_32' title='bbox 1367 458 1464 496; x_wconf 87' lang='lat' dir='ltr'>opus</span> <span class='ocrx_word' id='word_1_33' title='bbox 1492 452 1613 496; x_wconf 86' lang='lat' dir='ltr'>esset,</span> <span class='ocrx_word' id='word_1_34' title='bbox 1653 454 1760 485; x_wconf 79' lang='lat' dir='ltr'>certo</span> 
     </span>
     <span class='ocr_line' id='line_1_6' title="bbox 227 508 1759 561; baseline 0.001 -14"><span class='ocrx_word' id='word_1_35' title='bbox 227 508 378 547; x_wconf 91' lang='lat' dir='ltr'>sciendi</span> <span class='ocrx_word' id='word_1_36' title='bbox 410 514 643 559; x_wconf 85' lang='lat' dir='ltr'>potestatem</span> <span class='ocrx_word' id='word_1_37' title='bbox 676 508 822 547; x_wconf 88' lang='lat' dir='ltr'>habere</span> <span class='ocrx_word' id='word_1_38' title='bbox 854 508 1069 559; x_wconf 87' lang='lat' dir='ltr'>plurimum</span> <span class='ocrx_word' id='word_1_39' title='bbox 1097 508 1231 559; x_wconf 88' lang='lat' dir='ltr'>populi</span> <span class='ocrx_word' id='word_1_40' title='bbox 1258 510 1487 561; x_wconf 76' lang='lat' dir='ltr'>interesset,</span> <span class='ocrx_word' id='word_1_41' title='bbox 1519 523 1617 561; x_wconf 90' lang='lat' dir='ltr'>quae</span> <span class='ocrx_word' id='word_1_42' title='bbox 1647 511 1759 561; x_wconf 88' lang='lat' dir='ltr'>digna</span> 
     </span>
     <span class='ocr_line' id='line_1_7' title="bbox 226 573 1760 625; baseline 0.002 -13"><span class='ocrx_word' id='word_1_43' title='bbox 226 575 449 624; x_wconf 84' lang='lat' dir='ltr'>cognitione</span> <span class='ocrx_word' id='word_1_44' title='bbox 471 579 616 624; x_wconf 79' lang='lat' dir='ltr'>essent,</span> <span class='ocrx_word' id='word_1_45' title='bbox 643 586 726 625; x_wconf 90' lang='lat' dir='ltr'>per</span> <span class='ocrx_word' id='word_1_46' title='bbox 752 573 969 624; x_wconf 86' lang='lat' dir='ltr'>singulos</span> <span class='ocrx_word' id='word_1_47' title='bbox 998 573 1097 612; x_wconf 91' lang='lat' dir='ltr'>dies</span> <span class='ocrx_word' id='word_1_48' title='bbox 1119 573 1288 624; x_wconf 88' lang='lat' dir='ltr'>notabat,</span> <span class='ocrx_word' id='word_1_49' title='bbox 1316 574 1355 613; x_wconf 93' lang='lat' dir='ltr'>id</span> <span class='ocrx_word' id='word_1_50' title='bbox 1377 580 1437 613; x_wconf 88' lang='lat' dir='ltr'>est</span> <span class='ocrx_word' id='word_1_51' title='bbox 1456 588 1534 613; x_wconf 90' lang='lat' dir='ltr'>non</span> <span class='ocrx_word' id='word_1_52' title='bbox 1555 577 1760 615; x_wconf 75' lang='lat' dir='ltr'>universas</span> 
     </span>
     <span class='ocr_line' id='line_1_8' title="bbox 225 638 1762 690; baseline 0.002 -13"><span class='ocrx_word' id='word_1_53' title='bbox 225 651 288 677; x_wconf 90' lang='lat' dir='ltr'>res</span> <span class='ocrx_word' id='word_1_54' title='bbox 321 640 442 677; x_wconf 89' lang='lat' dir='ltr'>totius</span> <span class='ocrx_word' id='word_1_55' title='bbox 475 640 567 677; x_wconf 88' lang='lat' dir='ltr'>anni</span> <span class='ocrx_word' id='word_1_56' title='bbox 601 638 670 677; x_wconf 90' lang='lat' dir='ltr'>sed</span> <span class='ocrx_word' id='word_1_57' title='bbox 705 638 879 689; x_wconf 88' lang='lat' dir='ltr'>singulas</span> <span class='ocrx_word' id='word_1_58' title='bbox 915 651 1091 689; x_wconf 88' lang='lat' dir='ltr'>quasque</span> <span class='ocrx_word' id='word_1_59' title='bbox 1125 638 1275 677; x_wconf 88' lang='lat' dir='ltr'>eisdem</span> <span class='ocrx_word' id='word_1_60' title='bbox 1308 639 1451 690; x_wconf 89' lang='lat' dir='ltr'>quibus</span> <span class='ocrx_word' id='word_1_61' title='bbox 1484 646 1615 690; x_wconf 84' lang='lat' dir='ltr'>gestae</span> <span class='ocrx_word' id='word_1_62' title='bbox 1649 648 1762 680; x_wconf 86' lang='lat' dir='ltr'>erant</span> 
     </span>
     <span class='ocr_line' id='line_1_9' title="bbox 227 703 1762 755; baseline 0.002 -13"><span class='ocrx_word' id='word_1_63' title='bbox 227 703 367 742; x_wconf 90' lang='lat' dir='ltr'>diebus</span> <span class='ocrx_word' id='word_1_64' title='bbox 393 703 457 742; x_wconf 94' lang='lat' dir='ltr'>uel</span> <span class='ocrx_word' id='word_1_65' title='bbox 484 703 628 755; x_wconf 90' lang='lat' dir='ltr'>quibus</span> <span class='ocrx_word' id='word_1_66' title='bbox 656 703 702 743; x_wconf 93' lang='lat' dir='ltr'>de</span> <span class='ocrx_word' id='word_1_67' title='bbox 730 705 787 742; x_wconf 90' lang='lat' dir='ltr'>eis</span> <span class='ocrx_word' id='word_1_68' title='bbox 815 705 963 742; x_wconf 82' lang='lat' dir='ltr'>certior</span> <span class='ocrx_word' id='word_1_69' title='bbox 990 703 1114 742; x_wconf 84' lang='lat' dir='ltr'>factus</span> <span class='ocrx_word' id='word_1_70' title='bbox 1141 710 1236 744; x_wconf 84' lang='lat' dir='ltr'>erat.</span> <span class='ocrx_word' id='word_1_71' title='bbox 1271 706 1486 755; x_wconf 85' lang='lat' dir='ltr'>quaeritur,</span> <span class='ocrx_word' id='word_1_72' title='bbox 1513 711 1602 744; x_wconf 92' lang='lat' dir='ltr'>uter</span> <span class='ocrx_word' id='word_1_73' title='bbox 1625 711 1762 745; x_wconf 79' lang='lat' dir='ltr'>auctor</span> 
     </span>
     <span class='ocr_line' id='line_1_10' title="bbox 225 768 1761 822; baseline 0.002 -15"><span class='ocrx_word' id='word_1_74' title='bbox 225 768 510 820; x_wconf 86' lang='lat' dir='ltr'>praeferendus</span> <span class='ocrx_word' id='word_1_75' title='bbox 537 771 605 820; x_wconf 86' lang='lat' dir='ltr'>sit,</span> <span class='ocrx_word' id='word_1_76' title='bbox 638 782 766 820; x_wconf 89' lang='lat' dir='ltr'>neque</span> <span class='ocrx_word' id='word_1_77' title='bbox 794 770 899 807; x_wconf 89' lang='lat' dir='ltr'>enim</span> <span class='ocrx_word' id='word_1_78' title='bbox 927 768 1031 820; x_wconf 88' lang='lat' dir='ltr'>quod</span> <span class='ocrx_word' id='word_1_79' title='bbox 1063 770 1169 808; x_wconf 89' lang='lat' dir='ltr'>inter</span> <span class='ocrx_word' id='word_1_80' title='bbox 1195 782 1261 808; x_wconf 82' lang='lat' dir='ltr'>eos</span> <span class='ocrx_word' id='word_1_81' title='bbox 1295 769 1509 809; x_wconf 84' lang='lat' dir='ltr'>discrimen</span> <span class='ocrx_word' id='word_1_82' title='bbox 1541 771 1761 822; x_wconf 83' lang='lat' dir='ltr'>intercedit,</span> 
     </span>
     <span class='ocr_line' id='line_1_11' title="bbox 225 831 1760 887; baseline 0.001 -14"><span class='ocrx_word' id='word_1_83' title='bbox 225 847 315 873; x_wconf 89' lang='lat' dir='ltr'>cum</span> <span class='ocrx_word' id='word_1_84' title='bbox 354 833 585 873; x_wconf 90' lang='lat' dir='ltr'>Hullemano</span> <span class='ocrx_word' id='word_1_85' title='bbox 625 831 680 885; x_wconf 71' lang='lat' dir='ltr'>(p.</span> <span class='ocrx_word' id='word_1_86' title='bbox 709 831 784 887; x_wconf 76' lang='lat'>35)</span> <span class='ocrx_word' id='word_1_87' title='bbox 825 834 990 885; x_wconf 89' lang='lat' dir='ltr'>aliisque</span> <span class='ocrx_word' id='word_1_88' title='bbox 1030 833 1151 873; x_wconf 90' lang='lat' dir='ltr'>oblini</span> <span class='ocrx_word' id='word_1_89' title='bbox 1190 836 1346 885; x_wconf 87' lang='lat' dir='ltr'>poterit.</span> <span class='ocrx_word' id='word_1_90' title='bbox 1398 835 1462 874; x_wconf 90' lang='lat' dir='ltr'>uel</span> <span class='ocrx_word' id='word_1_91' title='bbox 1501 835 1628 874; x_wconf 88' lang='lat' dir='ltr'>obiter</span> <span class='ocrx_word' id='word_1_92' title='bbox 1665 849 1760 875; x_wconf 88' lang='lat' dir='ltr'>uero</span> 
     </span>
     <span class='ocr_line' id='line_1_12' title="bbox 224 899 1761 951; baseline 0.001 -13"><span class='ocrx_word' id='word_1_93' title='bbox 224 901 432 950; x_wconf 91' lang='lat' dir='ltr'>utriusque</span> <span class='ocrx_word' id='word_1_94' title='bbox 465 899 587 938; x_wconf 90' lang='lat' dir='ltr'>uerba</span> <span class='ocrx_word' id='word_1_95' title='bbox 621 901 727 938; x_wconf 92' lang='lat' dir='ltr'>inter</span> <span class='ocrx_word' id='word_1_96' title='bbox 759 911 800 938; x_wconf 92' lang='lat' dir='ltr'>se</span> <span class='ocrx_word' id='word_1_97' title='bbox 837 901 1081 950; x_wconf 81' lang='lat' dir='ltr'>comparanti</span> <span class='ocrx_word' id='word_1_98' title='bbox 1113 900 1185 938; x_wconf 85' lang='lat' dir='ltr'>hoc</span> <span class='ocrx_word' id='word_1_99' title='bbox 1219 900 1424 951; x_wconf 81' lang='lat' dir='ltr'>apparebit</span> <span class='ocrx_word' id='word_1_100' title='bbox 1449 900 1680 940; x_wconf 86' lang='lat' dir='ltr'>Ciceronem</span> <span class='ocrx_word' id='word_1_101' title='bbox 1715 901 1761 940; x_wconf 91' lang='lat' dir='ltr'>de</span> 
     </span>
     <span class='ocr_line' id='line_1_13' title="bbox 225 964 1761 1018; baseline 0.002 -16"><span class='ocrx_word' id='word_1_102' title='bbox 225 964 411 1005; x_wconf 84' lang='lat' dir='ltr'>historiae</span> <span class='ocrx_word' id='word_1_103' title='bbox 444 965 642 1003; x_wconf 87' lang='lat' dir='ltr'>Romanae</span> <span class='ocrx_word' id='word_1_104' title='bbox 675 966 800 1003; x_wconf 89' lang='lat' dir='ltr'>initiis</span> <span class='ocrx_word' id='word_1_105' title='bbox 840 970 1020 1015; x_wconf 86' lang='lat' dir='ltr'>agentem</span> <span class='ocrx_word' id='word_1_106' title='bbox 1059 964 1211 1003; x_wconf 88' lang='lat' dir='ltr'>tabulas</span> <span class='ocrx_word' id='word_1_107' title='bbox 1250 966 1447 1016; x_wconf 84' lang='lat' dir='ltr'>pontificis</span> <span class='ocrx_word' id='word_1_108' title='bbox 1487 972 1602 1018; x_wconf 88' lang='lat' dir='ltr'>atque</span> <span class='ocrx_word' id='word_1_109' title='bbox 1636 966 1761 1005; x_wconf 87' lang='lat' dir='ltr'>editos</span> 
     </span>
     <span class='ocr_line' id='line_1_14' title="bbox 224 1030 1761 1082; baseline 0.001 -14"><span class='ocrx_word' id='word_1_110' title='bbox 224 1032 384 1070; x_wconf 89' lang='lat' dir='ltr'>annales</span> <span class='ocrx_word' id='word_1_111' title='bbox 410 1032 601 1069; x_wconf 82' lang='lat' dir='ltr'>maximos</span> <span class='ocrx_word' id='word_1_112' title='bbox 629 1030 874 1079; x_wconf 84' lang='lat' dir='ltr'>confudisse,</span> <span class='ocrx_word' id='word_1_113' title='bbox 911 1042 1000 1068; x_wconf 90' lang='lat' dir='ltr'>cum</span> <span class='ocrx_word' id='word_1_114' title='bbox 1034 1032 1151 1068; x_wconf 89' lang='lat' dir='ltr'>etiam</span> <span class='ocrx_word' id='word_1_115' title='bbox 1179 1030 1265 1068; x_wconf 91' lang='lat' dir='ltr'>illas</span> <span class='ocrx_word' id='word_1_116' title='bbox 1291 1043 1364 1081; x_wconf 85' lang='lat' dir='ltr'>per</span> <span class='ocrx_word' id='word_1_117' title='bbox 1390 1031 1566 1082; x_wconf 90' lang='lat' dir='ltr'>singulos</span> <span class='ocrx_word' id='word_1_118' title='bbox 1593 1044 1715 1070; x_wconf 91' lang='lat' dir='ltr'>annos</span> <span class='ocrx_word' id='word_1_119' title='bbox 1742 1045 1761 1070; x_wconf 89' lang='lat' dir='ltr'>a</span> 
     </span>
     <span class='ocr_line' id='line_1_15' title="bbox 223 1090 1761 1149; baseline 0.001 -14"><span class='ocrx_word' id='word_1_120' title='bbox 223 1097 408 1147; x_wconf 83' lang='lat' dir='ltr'>pontifice</span> <span class='ocrx_word' id='word_1_121' title='bbox 435 1108 535 1134; x_wconf 83' lang='lat' dir='ltr'>max.</span> <span class='ocrx_word' id='word_1_122' title='bbox 562 1097 603 1134; x_wconf 93' lang='lat' dir='ltr'>in</span> <span class='ocrx_word' id='word_1_123' title='bbox 631 1095 762 1134; x_wconf 89' lang='lat' dir='ltr'>album</span> <span class='ocrx_word' id='word_1_124' title='bbox 794 1095 892 1134; x_wconf 90' lang='lat' dir='ltr'>latas</span> <span class='ocrx_word' id='word_1_125' title='bbox 920 1090 1003 1148; x_wconf 80' lang='lat' dir='ltr'>(uel</span> <span class='ocrx_word' id='word_1_126' title='bbox 1034 1092 1195 1149; x_wconf 80' lang='lat' dir='ltr'>relatas)</span> <span class='ocrx_word' id='word_1_127' title='bbox 1224 1101 1262 1134; x_wconf 89' lang='lat' dir='ltr'>et</span> <span class='ocrx_word' id='word_1_128' title='bbox 1290 1095 1394 1134; x_wconf 91' lang='lat' dir='ltr'>domi</span> <span class='ocrx_word' id='word_1_129' title='bbox 1419 1098 1640 1147; x_wconf 89' lang='lat' dir='ltr'>propositas</span> <span class='ocrx_word' id='word_1_130' title='bbox 1675 1110 1761 1136; x_wconf 88' lang='lat' dir='ltr'>esse</span> 
     </span>
     <span class='ocr_line' id='line_1_16' title="bbox 223 1158 1762 1213; baseline 0.001 -13"><span class='ocrx_word' id='word_1_131' title='bbox 223 1161 435 1211; x_wconf 84' lang='lat' dir='ltr'>scriberet,</span> <span class='ocrx_word' id='word_1_132' title='bbox 462 1158 653 1212; x_wconf 72' lang='lat' dir='ltr'>‘potestas</span> <span class='ocrx_word' id='word_1_133' title='bbox 679 1166 722 1199; x_wconf 87' lang='lat' dir='ltr'>ut</span> <span class='ocrx_word' id='word_1_134' title='bbox 749 1167 854 1199; x_wconf 88' lang='lat' dir='ltr'>esset</span> <span class='ocrx_word' id='word_1_135' title='bbox 880 1160 1024 1211; x_wconf 90' lang='lat' dir='ltr'>populo</span> <span class='ocrx_word' id='word_1_136' title='bbox 1052 1160 1345 1212; x_wconf 87' lang='lat' dir='ltr'>cognoscendi&#39;,</span> <span class='ocrx_word' id='word_1_137' title='bbox 1379 1163 1419 1200; x_wconf 91' lang='lat' dir='ltr'>in</span> <span class='ocrx_word' id='word_1_138' title='bbox 1453 1174 1570 1213; x_wconf 89' lang='lat' dir='ltr'>quem</span> <span class='ocrx_word' id='word_1_139' title='bbox 1604 1162 1762 1213; x_wconf 88' lang='lat' dir='ltr'>quidem</span> 
     </span>
     <span class='ocr_line' id='line_1_17' title="bbox 223 1221 1761 1279; baseline 0.001 -15"><span class='ocrx_word' id='word_1_140' title='bbox 223 1238 399 1265; x_wconf 91' lang='lat' dir='ltr'>errorem</span> <span class='ocrx_word' id='word_1_141' title='bbox 433 1227 551 1264; x_wconf 89' lang='lat' dir='ltr'>etiam</span> <span class='ocrx_word' id='word_1_142' title='bbox 577 1225 773 1264; x_wconf 89' lang='lat' dir='ltr'>Diodorus</span> <span class='ocrx_word' id='word_1_143' title='bbox 801 1221 899 1278; x_wconf 88' lang='lat' dir='ltr'>(uid.</span> <span class='ocrx_word' id='word_1_144' title='bbox 926 1222 1046 1279; x_wconf 82' lang='lat' dir='ltr'>infra)</span> <span class='ocrx_word' id='word_1_145' title='bbox 1081 1225 1232 1264; x_wconf 80' lang='lat' dir='ltr'>incidit.</span> <span class='ocrx_word' id='word_1_146' title='bbox 1278 1239 1417 1277; x_wconf 90' lang='lat' dir='ltr'>parum</span> <span class='ocrx_word' id='word_1_147' title='bbox 1450 1228 1572 1278; x_wconf 89' lang='lat' dir='ltr'>igitur</span> <span class='ocrx_word' id='word_1_148' title='bbox 1599 1227 1761 1278; x_wconf 90' lang='lat' dir='ltr'>diligen-</span> 
     </span>
     <span class='ocr_line' id='line_1_18' title="bbox 222 1288 1761 1346; baseline 0.001 -16"><span class='ocrx_word' id='word_1_149' title='bbox 222 1297 284 1330; x_wconf 89' lang='lat' dir='ltr'>ter</span> <span class='ocrx_word' id='word_1_150' title='bbox 309 1303 410 1342; x_wconf 87' lang='lat' dir='ltr'>quae</span> <span class='ocrx_word' id='word_1_151' title='bbox 444 1291 491 1330; x_wconf 92' lang='lat' dir='ltr'>de</span> <span class='ocrx_word' id='word_1_152' title='bbox 518 1291 726 1330; x_wconf 87' lang='lat' dir='ltr'>annalibus</span> <span class='ocrx_word' id='word_1_153' title='bbox 763 1292 944 1329; x_wconf 84' lang='lat' dir='ltr'>maximis</span> <span class='ocrx_word' id='word_1_154' title='bbox 972 1296 1011 1329; x_wconf 87' lang='lat' dir='ltr'>et</span> <span class='ocrx_word' id='word_1_155' title='bbox 1043 1291 1186 1330; x_wconf 88' lang='lat' dir='ltr'>tabulis</span> <span class='ocrx_word' id='word_1_156' title='bbox 1214 1291 1260 1330; x_wconf 89' lang='lat' dir='ltr'>ab</span> <span class='ocrx_word' id='word_1_157' title='bbox 1289 1298 1447 1331; x_wconf 86' lang='lat' dir='ltr'>auctore</span> <span class='ocrx_word' id='word_1_158' title='bbox 1477 1305 1546 1331; x_wconf 91' lang='lat' dir='ltr'>suo</span> <span class='ocrx_word' id='word_1_159' title='bbox 1574 1288 1761 1346; x_wconf 72' lang='lat' dir='ltr'>(fortasse</span> 
     </span>
     <span class='ocr_line' id='line_1_19' title="bbox 221 1352 1762 1410; baseline 0.001 -15"><span class='ocrx_word' id='word_1_160' title='bbox 221 1352 369 1410; x_wconf 75' lang='lat' dir='ltr'>Attico)</span> <span class='ocrx_word' id='word_1_161' title='bbox 390 1362 610 1407; x_wconf 78' lang='lat' dir='ltr'>exceperat,</span> <span class='ocrx_word' id='word_1_162' title='bbox 637 1358 845 1395; x_wconf 87' lang='lat' dir='ltr'>coniuncta</span> <span class='ocrx_word' id='word_1_163' title='bbox 872 1356 919 1394; x_wconf 87' lang='lat' dir='ltr'>ad</span> <span class='ocrx_word' id='word_1_164' title='bbox 944 1356 1094 1395; x_wconf 88' lang='lat' dir='ltr'>tabulas</span> <span class='ocrx_word' id='word_1_165' title='bbox 1117 1358 1360 1408; x_wconf 87' lang='lat' dir='ltr'>antiquiores</span> <span class='ocrx_word' id='word_1_166' title='bbox 1381 1358 1632 1396; x_wconf 84' lang='lat' dir='ltr'>transtulisse</span> <span class='ocrx_word' id='word_1_167' title='bbox 1652 1358 1762 1397; x_wconf 90' lang='lat' dir='ltr'>uide-</span> 
     </span>
     <span class='ocr_line' id='line_1_20' title="bbox 222 1421 1762 1475; baseline 0.001 -14"><span class='ocrx_word' id='word_1_168' title='bbox 222 1428 288 1461; x_wconf 89' lang='lat' dir='ltr'>tur</span> <span class='ocrx_word' id='word_1_169' title='bbox 313 1421 517 1473; x_wconf 88' lang='lat' dir='ltr'>multoque</span> <span class='ocrx_word' id='word_1_170' title='bbox 545 1423 777 1460; x_wconf 87' lang='lat' dir='ltr'>auctoritate</span> <span class='ocrx_word' id='word_1_171' title='bbox 811 1421 950 1460; x_wconf 73' lang='lat' dir='ltr'>Sermo</span> <span class='ocrx_word' id='word_1_172' title='bbox 982 1421 1086 1460; x_wconf 81' lang='lat' dir='ltr'>cedit</span> <span class='ocrx_word' id='word_1_173' title='bbox 1118 1422 1341 1461; x_wconf 85' lang='lat' dir='ltr'>tabularum</span> <span class='ocrx_word' id='word_1_174' title='bbox 1374 1436 1490 1461; x_wconf 90' lang='lat' dir='ltr'>usum</span> <span class='ocrx_word' id='word_1_175' title='bbox 1523 1423 1762 1475; x_wconf 85' lang='lat' dir='ltr'>annalesque</span> 
     </span>
     <span class='ocr_line' id='line_1_21' title="bbox 224 1486 1764 1538; baseline 0.001 -12"><span class='ocrx_word' id='word_1_176' title='bbox 224 1486 351 1526; x_wconf 90' lang='lat' dir='ltr'>editos</span> <span class='ocrx_word' id='word_1_177' title='bbox 392 1489 546 1525; x_wconf 91' lang='lat' dir='ltr'>curiose</span> <span class='ocrx_word' id='word_1_178' title='bbox 588 1486 857 1538; x_wconf 81' lang='lat' dir='ltr'>distinguenti.</span> <span class='ocrx_word' id='word_1_179' title='bbox 902 1488 1090 1525; x_wconf 90' lang='lat' dir='ltr'>nimirum</span> <span class='ocrx_word' id='word_1_180' title='bbox 1125 1500 1213 1526; x_wconf 90' lang='lat' dir='ltr'>cum</span> <span class='ocrx_word' id='word_1_181' title='bbox 1247 1488 1381 1527; x_wconf 91' lang='lat' dir='ltr'>multis</span> <span class='ocrx_word' id='word_1_182' title='bbox 1419 1488 1515 1526; x_wconf 86' lang='lat' dir='ltr'>locis</span> <span class='ocrx_word' id='word_1_183' title='bbox 1553 1494 1636 1528; x_wconf 91' lang='lat' dir='ltr'>tum</span> <span class='ocrx_word' id='word_1_184' title='bbox 1671 1489 1764 1528; x_wconf 90' lang='lat' dir='ltr'>huic</span> 
     </span>
     <span class='ocr_line' id='line_1_22' title="bbox 223 1549 1763 1606; baseline 0.001 -15"><span class='ocrx_word' id='word_1_185' title='bbox 223 1554 370 1603; x_wconf 87' lang='lat' dir='ltr'>optima</span> <span class='ocrx_word' id='word_1_186' title='bbox 398 1553 483 1591; x_wconf 93' lang='lat' dir='ltr'>siue</span> <span class='ocrx_word' id='word_1_187' title='bbox 505 1552 690 1591; x_wconf 88' lang='lat' dir='ltr'>Varronis</span> <span class='ocrx_word' id='word_1_188' title='bbox 718 1554 803 1591; x_wconf 92' lang='lat' dir='ltr'>siue</span> <span class='ocrx_word' id='word_1_189' title='bbox 823 1551 951 1590; x_wconf 91' lang='lat' dir='ltr'>Verrii</span> <span class='ocrx_word' id='word_1_190' title='bbox 975 1552 1105 1591; x_wconf 86' lang='lat' dir='ltr'>Flacci</span> <span class='ocrx_word' id='word_1_191' title='bbox 1132 1549 1210 1604; x_wconf 75' lang='lat' dir='ltr'>(sic</span> <span class='ocrx_word' id='word_1_192' title='bbox 1232 1553 1356 1592; x_wconf 85' lang='lat' dir='ltr'>Seeck</span> <span class='ocrx_word' id='word_1_193' title='bbox 1378 1567 1413 1604; x_wconf 87' lang='lat' dir='ltr'>p.</span> <span class='ocrx_word' id='word_1_194' title='bbox 1430 1551 1484 1593; x_wconf 82' lang='lat'>88</span> <span class='ocrx_word' id='word_1_195' title='bbox 1501 1552 1604 1606; x_wconf 88' lang='lat' dir='ltr'>sqq.)</span> <span class='ocrx_word' id='word_1_196' title='bbox 1632 1560 1763 1593; x_wconf 89' lang='lat' dir='ltr'>aucto-</span> 
     </span>
     <span class='ocr_line' id='line_1_23' title="bbox 224 1617 1763 1670; baseline 0.002 -15"><span class='ocrx_word' id='word_1_197' title='bbox 224 1618 320 1656; x_wconf 89' lang='lat' dir='ltr'>ritas</span> <span class='ocrx_word' id='word_1_198' title='bbox 348 1617 483 1656; x_wconf 85' lang='lat' dir='ltr'>subest</span> <span class='ocrx_word' id='word_1_199' title='bbox 516 1619 796 1668; x_wconf 89' lang='lat' dir='ltr'>aptissimeque</span> <span class='ocrx_word' id='word_1_200' title='bbox 830 1619 948 1656; x_wconf 84' lang='lat' dir='ltr'>etiam</span> <span class='ocrx_word' id='word_1_201' title='bbox 982 1630 1071 1656; x_wconf 89' lang='lat' dir='ltr'>cum</span> <span class='ocrx_word' id='word_1_202' title='bbox 1105 1617 1295 1657; x_wconf 86' lang='lat' dir='ltr'>Cicerone</span> <span class='ocrx_word' id='word_1_203' title='bbox 1324 1618 1371 1657; x_wconf 92' lang='lat' dir='ltr'>de</span> <span class='ocrx_word' id='word_1_204' title='bbox 1401 1618 1545 1658; x_wconf 88' lang='lat' dir='ltr'>tabulis</span> <span class='ocrx_word' id='word_1_205' title='bbox 1578 1621 1763 1670; x_wconf 83' lang='lat' dir='ltr'>concinit,</span> 
     </span>
     <span class='ocr_line' id='line_1_24' title="bbox 224 1682 1763 1735; baseline 0.001 -14"><span class='ocrx_word' id='word_1_206' title='bbox 224 1683 256 1721; x_wconf 91' lang='lat' dir='ltr'>si</span> <span class='ocrx_word' id='word_1_207' title='bbox 284 1695 382 1734; x_wconf 90' lang='lat' dir='ltr'>quae</span> <span class='ocrx_word' id='word_1_208' title='bbox 410 1682 473 1721; x_wconf 89' lang='lat' dir='ltr'>hic</span> <span class='ocrx_word' id='word_1_209' title='bbox 501 1695 546 1721; x_wconf 85' lang='lat' dir='ltr'>ex</span> <span class='ocrx_word' id='word_1_210' title='bbox 575 1682 805 1721; x_wconf 85' lang='lat' dir='ltr'>confusione</span> <span class='ocrx_word' id='word_1_211' title='bbox 833 1695 902 1721; x_wconf 90' lang='lat' dir='ltr'>sua</span> <span class='ocrx_word' id='word_1_212' title='bbox 930 1682 976 1721; x_wconf 95' lang='lat' dir='ltr'>de</span> <span class='ocrx_word' id='word_1_213' title='bbox 998 1682 1204 1722; x_wconf 88' lang='lat' dir='ltr'>annalibus</span> <span class='ocrx_word' id='word_1_214' title='bbox 1230 1684 1457 1735; x_wconf 86' lang='lat' dir='ltr'>immiscuit,</span> <span class='ocrx_word' id='word_1_215' title='bbox 1486 1684 1763 1724; x_wconf 87' lang='lat' dir='ltr'>deleuerimus.</span> 
     </span>
     <span class='ocr_line' id='line_1_25' title="bbox 223 1747 1761 1802; baseline 0.003 -17"><span class='ocrx_word' id='word_1_216' title='bbox 223 1747 369 1786; x_wconf 91' lang='lat' dir='ltr'>Tabula</span> <span class='ocrx_word' id='word_1_217' title='bbox 394 1748 534 1798; x_wconf 87' lang='lat' dir='ltr'>igitur,</span> <span class='ocrx_word' id='word_1_218' title='bbox 560 1749 602 1786; x_wconf 93' lang='lat' dir='ltr'>in</span> <span class='ocrx_word' id='word_1_219' title='bbox 629 1760 705 1799; x_wconf 90' lang='lat' dir='ltr'>qua</span> <span class='ocrx_word' id='word_1_220' title='bbox 733 1747 998 1799; x_wconf 89' lang='lat' dir='ltr'>scribebatur,</span> <span class='ocrx_word' id='word_1_221' title='bbox 1026 1754 1110 1787; x_wconf 87' lang='lat' dir='ltr'>erat</span> <span class='ocrx_word' id='word_1_222' title='bbox 1136 1748 1265 1799; x_wconf 87' lang='lat' dir='ltr'>lignea</span> <span class='ocrx_word' id='word_1_223' title='bbox 1293 1761 1493 1800; x_wconf 83' lang='lat' dir='ltr'>gypsoque</span> <span class='ocrx_word' id='word_1_224' title='bbox 1522 1749 1657 1801; x_wconf 88' lang='lat' dir='ltr'>oblita,</span> <span class='ocrx_word' id='word_1_225' title='bbox 1685 1763 1761 1802; x_wconf 93' lang='lat' dir='ltr'>quo</span> 
     </span>
     <span class='ocr_line' id='line_1_26' title="bbox 224 1812 1762 1866; baseline 0.002 -15"><span class='ocrx_word' id='word_1_226' title='bbox 224 1824 368 1863; x_wconf 86' lang='lat' dir='ltr'>genere</span> <span class='ocrx_word' id='word_1_227' title='bbox 395 1812 617 1851; x_wconf 89' lang='lat' dir='ltr'>tabularum</span> <span class='ocrx_word' id='word_1_228' title='bbox 645 1818 684 1852; x_wconf 82' lang='lat' dir='ltr'>et</span> <span class='ocrx_word' id='word_1_229' title='bbox 710 1812 851 1852; x_wconf 89' lang='lat' dir='ltr'>Graeci</span> <span class='ocrx_word' id='word_1_230' title='bbox 877 1819 916 1852; x_wconf 90' lang='lat' dir='ltr'>et</span> <span class='ocrx_word' id='word_1_231' title='bbox 941 1813 1106 1852; x_wconf 88' lang='lat' dir='ltr'>Romani</span> <span class='ocrx_word' id='word_1_232' title='bbox 1132 1813 1300 1852; x_wconf 91' lang='lat' dir='ltr'>multum</span> <span class='ocrx_word' id='word_1_233' title='bbox 1328 1816 1546 1866; x_wconf 88' lang='lat' dir='ltr'>antiquitus</span> <span class='ocrx_word' id='word_1_234' title='bbox 1579 1816 1637 1854; x_wconf 89' lang='lat' dir='ltr'>uti</span> <span class='ocrx_word' id='word_1_235' title='bbox 1664 1815 1762 1854; x_wconf 91' lang='lat' dir='ltr'>sole-</span> 
     </span>
     <span class='ocr_line' id='line_1_27' title="bbox 222 1873 1763 1932; baseline 0.003 -16"><span class='ocrx_word' id='word_1_236' title='bbox 222 1873 379 1930; x_wconf 78' lang='lat' dir='ltr'>bant2),</span> <span class='ocrx_word' id='word_1_237' title='bbox 416 1878 811 1929; x_wconf 86' lang='lat' dir='ltr'>suspendebaturque</span> <span class='ocrx_word' id='word_1_238' title='bbox 845 1880 1055 1929; x_wconf 88' lang='lat' dir='ltr'>quotannis</span> <span class='ocrx_word' id='word_1_239' title='bbox 1087 1891 1158 1930; x_wconf 87' lang='lat' dir='ltr'>pro</span> <span class='ocrx_word' id='word_1_240' title='bbox 1193 1881 1397 1930; x_wconf 87' lang='lat' dir='ltr'>superiore</span> <span class='ocrx_word' id='word_1_241' title='bbox 1430 1882 1534 1919; x_wconf 89' lang='lat' dir='ltr'>notis</span> <span class='ocrx_word' id='word_1_242' title='bbox 1570 1881 1763 1932; x_wconf 89' lang='lat' dir='ltr'>completa</span> 
     </span>
     <span class='ocr_line' id='line_1_28' title="bbox 224 1938 1762 1997; baseline 0.003 -17"><span class='ocrx_word' id='word_1_243' title='bbox 224 1944 386 1981; x_wconf 90' lang='lat' dir='ltr'>ineunte</span> <span class='ocrx_word' id='word_1_244' title='bbox 415 1938 560 1996; x_wconf 79' lang='lat' dir='ltr'>anno3)</span> <span class='ocrx_word' id='word_1_245' title='bbox 587 1955 710 1981; x_wconf 87' lang='lat' dir='ltr'>uacua</span> <span class='ocrx_word' id='word_1_246' title='bbox 738 1955 758 1981; x_wconf 89' lang='lat' dir='ltr'>a</span> <span class='ocrx_word' id='word_1_247' title='bbox 784 1943 969 1993; x_wconf 86' lang='lat' dir='ltr'>pontifice</span> <span class='ocrx_word' id='word_1_248' title='bbox 993 1956 1094 1982; x_wconf 83' lang='lat' dir='ltr'>max.</span> <span class='ocrx_word' id='word_1_249' title='bbox 1117 1946 1157 1982; x_wconf 89' lang='lat' dir='ltr'>in</span> <span class='ocrx_word' id='word_1_250' title='bbox 1179 1946 1278 1983; x_wconf 88' lang='lat' dir='ltr'>atrio</span> <span class='ocrx_word' id='word_1_251' title='bbox 1302 1944 1406 1984; x_wconf 92' lang='lat' dir='ltr'>domi</span> <span class='ocrx_word' id='word_1_252' title='bbox 1433 1958 1526 1984; x_wconf 90' lang='lat' dir='ltr'>suae</span> <span class='ocrx_word' id='word_1_253' title='bbox 1549 1952 1667 1997; x_wconf 89' lang='lat' dir='ltr'>atque</span> <span class='ocrx_word' id='word_1_254' title='bbox 1690 1946 1762 1985; x_wconf 87' lang='lat' dir='ltr'>sub</span> 
     </span>
    </p>
   </div>
   <div class='ocr_carea' id='block_1_4' title="bbox 226 2026 367 2029">
    <p class='ocr_par' dir='ltr' id='par_1_4' title="bbox 226 2026 367 2029">
     <span class='ocr_line' id='line_1_29' title="bbox 226 2026 367 2029; baseline 0 0"><span class='ocrx_word' id='word_1_255' title='bbox 226 2026 367 2029; x_wconf 95' lang='lat' dir='ltr'> </span> 
     </span>
    </p>
   </div>
   <div class='ocr_carea' id='block_1_5' title="bbox 222 2062 1764 2909">
    <p class='ocr_par' dir='ltr' id='par_1_5' title="bbox 222 2062 1764 2431">
     <span class='ocr_line' id='line_1_30' title="bbox 222 2062 1763 2111; baseline 0.003 -14"><span class='ocrx_word' id='word_1_256' title='bbox 222 2062 417 2108; x_wconf 79' lang='lat' dir='ltr'>pontifices</span> <span class='ocrx_word' id='word_1_257' title='bbox 443 2062 623 2097; x_wconf 79' lang='lat' dir='ltr'>maximos</span> <span class='ocrx_word' id='word_1_258' title='bbox 650 2073 772 2096; x_wconf 87' lang='lat' dir='ltr'>rerum</span> <span class='ocrx_word' id='word_1_259' title='bbox 798 2064 987 2107; x_wconf 81' lang='lat' dir='ltr'>gestarum</span> <span class='ocrx_word' id='word_1_260' title='bbox 1013 2064 1155 2099; x_wconf 84' lang='lat' dir='ltr'>indices</span> <span class='ocrx_word' id='word_1_261' title='bbox 1181 2064 1317 2099; x_wconf 80' lang='lat' dir='ltr'>litteris</span> <span class='ocrx_word' id='word_1_262' title='bbox 1351 2066 1549 2100; x_wconf 80' lang='lat' dir='ltr'>mandasse</span> <span class='ocrx_word' id='word_1_263' title='bbox 1582 2067 1763 2111; x_wconf 80' lang='lat' dir='ltr'>suspicati</span> 
     </span>
     <span class='ocr_line' id='line_1_31' title="bbox 223 2116 1762 2163; baseline 0.003 -13"><span class='ocrx_word' id='word_1_264' title='bbox 223 2118 321 2159; x_wconf 86' lang='lat' dir='ltr'>sunt,</span> <span class='ocrx_word' id='word_1_265' title='bbox 348 2116 413 2150; x_wconf 88' lang='lat' dir='ltr'>sed</span> <span class='ocrx_word' id='word_1_266' title='bbox 438 2116 493 2150; x_wconf 88' lang='lat' dir='ltr'>ita</span> <span class='ocrx_word' id='word_1_267' title='bbox 518 2117 561 2150; x_wconf 88' lang='lat' dir='ltr'>ut</span> <span class='ocrx_word' id='word_1_268' title='bbox 581 2126 642 2150; x_wconf 88' lang='lat' dir='ltr'>eos</span> <span class='ocrx_word' id='word_1_269' title='bbox 663 2116 701 2150; x_wconf 91' lang='lat' dir='ltr'>in</span> <span class='ocrx_word' id='word_1_270' title='bbox 722 2116 939 2160; x_wconf 86' lang='lat' dir='ltr'>pontificum</span> <span class='ocrx_word' id='word_1_271' title='bbox 958 2117 1214 2162; x_wconf 81' lang='lat' dir='ltr'>penetralibus</span> <span class='ocrx_word' id='word_1_272' title='bbox 1235 2121 1470 2163; x_wconf 77' lang='lat' dir='ltr'>reponerent.</span> <span class='ocrx_word' id='word_1_273' title='bbox 1503 2121 1631 2154; x_wconf 85' lang='lat' dir='ltr'>contra</span> <span class='ocrx_word' id='word_1_274' title='bbox 1651 2131 1762 2163; x_wconf 88' lang='lat' dir='ltr'>quam</span> 
     </span>
     <span class='ocr_line' id='line_1_32' title="bbox 223 2169 1763 2217; baseline 0.002 -13"><span class='ocrx_word' id='word_1_275' title='bbox 223 2170 447 2205; x_wconf 87' lang='lat' dir='ltr'>sententiam</span> <span class='ocrx_word' id='word_1_276' title='bbox 473 2170 715 2213; x_wconf 80' lang='lat' dir='ltr'>Niemeyerus</span> <span class='ocrx_word' id='word_1_277' title='bbox 743 2169 779 2213; x_wconf 85' lang='lat'>(1.</span> <span class='ocrx_word' id='word_1_278' title='bbox 802 2181 830 2203; x_wconf 88' lang='lat' dir='ltr'>c.</span> <span class='ocrx_word' id='word_1_279' title='bbox 852 2172 934 2214; x_wconf 83' lang='lat'>425)</span> <span class='ocrx_word' id='word_1_280' title='bbox 963 2173 1000 2205; x_wconf 85' lang='lat' dir='ltr'>et</span> <span class='ocrx_word' id='word_1_281' title='bbox 1026 2171 1247 2206; x_wconf 88' lang='lat' dir='ltr'>Huebnerus</span> <span class='ocrx_word' id='word_1_282' title='bbox 1273 2185 1308 2217; x_wconf 89' lang='lat' dir='ltr'>p.</span> <span class='ocrx_word' id='word_1_283' title='bbox 1330 2176 1397 2207; x_wconf 75' lang='lat'>421</span> <span class='ocrx_word' id='word_1_284' title='bbox 1426 2173 1632 2208; x_wconf 85' lang='lat' dir='ltr'>aduersarii</span> <span class='ocrx_word' id='word_1_285' title='bbox 1652 2174 1763 2208; x_wconf 82' lang='lat' dir='ltr'>exsti-</span> 
     </span>
     <span class='ocr_line' id='line_1_33' title="bbox 222 2222 1764 2272; baseline 0.003 -15"><span class='ocrx_word' id='word_1_286' title='bbox 222 2225 358 2258; x_wconf 84' lang='lat' dir='ltr'>terunt.</span> <span class='ocrx_word' id='word_1_287' title='bbox 399 2223 452 2259; x_wconf 90' lang='lat' dir='ltr'>Cf.</span> <span class='ocrx_word' id='word_1_288' title='bbox 474 2222 686 2268; x_wconf 87' lang='lat' dir='ltr'>Schwegler</span> <span class='ocrx_word' id='word_1_289' title='bbox 711 2222 755 2257; x_wconf 83' lang='lat' dir='ltr'>H.</span> <span class='ocrx_word' id='word_1_290' title='bbox 778 2223 820 2257; x_wconf 79' lang='lat' dir='ltr'>R.</span> <span class='ocrx_word' id='word_1_291' title='bbox 842 2223 857 2257; x_wconf 90' lang='grc' dir='ltr'>Ι</span> <span class='ocrx_word' id='word_1_292' title='bbox 880 2236 914 2268; x_wconf 89' lang='lat' dir='ltr'>p.</span> <span class='ocrx_word' id='word_1_293' title='bbox 936 2227 998 2258; x_wconf 85' lang='lat'>45:</span> <span class='ocrx_word' id='word_1_294' title='bbox 1032 2225 1217 2261; x_wconf 72' lang='lat' dir='ltr'>Vielleicht</span> <span class='ocrx_word' id='word_1_295' title='bbox 1241 2227 1288 2261; x_wconf 78' lang='lat' dir='ltr'>ist</span> <span class='ocrx_word' id='word_1_296' title='bbox 1314 2238 1349 2261; x_wconf 86' lang='lat' dir='ltr'>es</span> <span class='ocrx_word' id='word_1_297' title='bbox 1374 2228 1434 2261; x_wconf 76' lang='lat' dir='ltr'>ein</span> <span class='ocrx_word' id='word_1_298' title='bbox 1455 2227 1764 2272; x_wconf 75' lang='lat' dir='ltr'>psycholoyisehes</span> 
     </span>
     <span class='ocr_line' id='line_1_34' title="bbox 222 2277 1764 2325; baseline 0.003 -14"><span class='ocrx_word' id='word_1_299' title='bbox 222 2278 481 2322; x_wconf 68' lang='lat' dir='ltr'>Natwryesetz,</span> <span class='ocrx_word' id='word_1_300' title='bbox 507 2277 592 2311; x_wconf 77' lang='lat' dir='ltr'>dass</span> <span class='ocrx_word' id='word_1_301' title='bbox 617 2277 773 2311; x_wconf 74' lang='lat' dir='ltr'>eminent</span> <span class='ocrx_word' id='word_1_302' title='bbox 801 2278 1007 2320; x_wconf 75' lang='lat' dir='ltr'>praktische</span> <span class='ocrx_word' id='word_1_303' title='bbox 1041 2279 1203 2322; x_wconf 67' lang='lat' dir='ltr'>Vodker,</span> <span class='ocrx_word' id='word_1_304' title='bbox 1229 2280 1337 2314; x_wconf 82' lang='lat' dir='ltr'>deren</span> <span class='ocrx_word' id='word_1_305' title='bbox 1361 2291 1494 2325; x_wconf 67' lang='lat' dir='ltr'>qam-es</span> <span class='ocrx_word' id='word_1_306' title='bbox 1519 2280 1659 2315; x_wconf 52' lang='lat' dir='ltr'>Samen</span> <span class='ocrx_word' id='word_1_307' title='bbox 1684 2282 1764 2315; x_wconf 78' lang='lat' dir='ltr'>und</span> 
     </span>
     <span class='ocr_line' id='line_1_35' title="bbox 225 2330 1763 2377; baseline 0.001 -12"><span class='ocrx_word' id='word_1_308' title='bbox 225 2331 404 2366; x_wconf 77' lang='lat' dir='ltr'>Trachten</span> <span class='ocrx_word' id='word_1_309' title='bbox 438 2331 479 2364; x_wconf 76' lang='lat' dir='ltr'>in</span> <span class='ocrx_word' id='word_1_310' title='bbox 513 2330 576 2364; x_wconf 85' lang='lat' dir='ltr'>der</span> <span class='ocrx_word' id='word_1_311' title='bbox 604 2330 819 2375; x_wconf 70' lang='lat' dir='ltr'>Geyemcart</span> <span class='ocrx_word' id='word_1_312' title='bbox 853 2331 1020 2377; x_wconf 74' lang='lat' dir='ltr'>aufyeht,</span> <span class='ocrx_word' id='word_1_313' title='bbox 1059 2333 1149 2367; x_wconf 77' lang='lat' dir='ltr'>ohne</span> <span class='ocrx_word' id='word_1_314' title='bbox 1181 2333 1418 2368; x_wconf 79' lang='lat' dir='ltr'>historischen</span> <span class='ocrx_word' id='word_1_315' title='bbox 1444 2333 1539 2368; x_wconf 68' lang='lat' dir='ltr'>Sinn</span> <span class='ocrx_word' id='word_1_316' title='bbox 1570 2334 1650 2368; x_wconf 73' lang='lat' dir='ltr'>und</span> <span class='ocrx_word' id='word_1_317' title='bbox 1675 2334 1763 2368; x_wconf 78' lang='lat' dir='ltr'>ohne</span> 
     </span>
     <span class='ocr_line' id='line_1_36' title="bbox 224 2383 1324 2431; baseline 0.002 -13"><span class='ocrx_word' id='word_1_318' title='bbox 224 2385 398 2419; x_wconf 81' lang='lat' dir='ltr'>Interesse</span> <span class='ocrx_word' id='word_1_319' title='bbox 423 2383 506 2426; x_wconf 73' lang='lat' dir='ltr'>fuer</span> <span class='ocrx_word' id='word_1_320' title='bbox 531 2383 682 2427; x_wconf 75' lang='lat' dir='ltr'>objektz&#39;v</span> <span class='ocrx_word' id='word_1_321' title='bbox 707 2384 916 2419; x_wconf 75' lang='lat' dir='ltr'>historische</span> <span class='ocrx_word' id='word_1_322' title='bbox 942 2385 1204 2431; x_wconf 73' lang='lat' dir='ltr'>Forschunyen</span> <span class='ocrx_word' id='word_1_323' title='bbox 1229 2386 1324 2421; x_wconf 75' lang='lat' dir='ltr'>sind.</span> 
     </span>
    </p>

    <p class='ocr_par' dir='ltr' id='par_1_6' title="bbox 224 2436 1762 2642">
     <span class='ocr_line' id='line_1_37' title="bbox 322 2436 1762 2481; baseline 0.003 -11"><span class='ocrx_word' id='word_1_324' title='bbox 322 2438 355 2481; x_wconf 88' lang='lat'>1)</span> <span class='ocrx_word' id='word_1_325' title='bbox 383 2436 556 2471; x_wconf 86' lang='lat' dir='ltr'>Dubitari</span> <span class='ocrx_word' id='word_1_326' title='bbox 588 2447 661 2470; x_wconf 91' lang='lat' dir='ltr'>non</span> <span class='ocrx_word' id='word_1_327' title='bbox 693 2438 832 2481; x_wconf 84' lang='lat' dir='ltr'>potest,</span> <span class='ocrx_word' id='word_1_328' title='bbox 873 2438 963 2481; x_wconf 89' lang='lat' dir='ltr'>quin</span> <span class='ocrx_word' id='word_1_329' title='bbox 996 2438 1145 2472; x_wconf 85' lang='lat' dir='ltr'>Seruius</span> <span class='ocrx_word' id='word_1_330' title='bbox 1172 2439 1196 2476; x_wconf 91' lang='lat' dir='ltr'>l.</span> <span class='ocrx_word' id='word_1_331' title='bbox 1218 2451 1244 2473; x_wconf 93' lang='lat' dir='ltr'>s.</span> <span class='ocrx_word' id='word_1_332' title='bbox 1267 2451 1293 2473; x_wconf 86' lang='lat' dir='ltr'>s.</span> <span class='ocrx_word' id='word_1_333' title='bbox 1322 2451 1405 2473; x_wconf 88' lang='lat' dir='ltr'>cum</span> <span class='ocrx_word' id='word_1_334' title='bbox 1433 2439 1588 2474; x_wconf 76' lang='lat' dir='ltr'>adderet</span> <span class='ocrx_word' id='word_1_335' title='bbox 1614 2444 1636 2474; x_wconf 84' lang='lat' dir='ltr'>t.</span> <span class='ocrx_word' id='word_1_336' title='bbox 1665 2441 1762 2475; x_wconf 80' lang='lat' dir='ltr'>deal-</span> 
     </span>
     <span class='ocr_line' id='line_1_38' title="bbox 225 2489 1761 2537; baseline 0.001 -12"><span class='ocrx_word' id='word_1_337' title='bbox 225 2491 359 2532; x_wconf 78' lang='lat' dir='ltr'>batam,</span> <span class='ocrx_word' id='word_1_338' title='bbox 380 2501 460 2524; x_wconf 81' lang='lat' dir='ltr'>eam</span> <span class='ocrx_word' id='word_1_339' title='bbox 479 2489 647 2525; x_wconf 86' lang='lat' dir='ltr'>tabulam</span> <span class='ocrx_word' id='word_1_340' title='bbox 669 2501 781 2534; x_wconf 85' lang='lat' dir='ltr'>quam</span> <span class='ocrx_word' id='word_1_341' title='bbox 794 2494 898 2535; x_wconf 92' lang='lat' dir='ltr'>pont.</span> <span class='ocrx_word' id='word_1_342' title='bbox 913 2503 960 2525; x_wconf 90' lang='lat' dir='ltr'>m.</span> <span class='ocrx_word' id='word_1_343' title='bbox 974 2491 1125 2535; x_wconf 88' lang='lat' dir='ltr'>publice</span> <span class='ocrx_word' id='word_1_344' title='bbox 1146 2492 1366 2537; x_wconf 74' lang='lat' dir='ltr'>exponebat,</span> <span class='ocrx_word' id='word_1_345' title='bbox 1387 2493 1426 2527; x_wconf 89' lang='lat' dir='ltr'>in</span> <span class='ocrx_word' id='word_1_346' title='bbox 1441 2493 1563 2527; x_wconf 86' lang='lat' dir='ltr'>animo</span> <span class='ocrx_word' id='word_1_347' title='bbox 1578 2493 1761 2535; x_wconf 76' lang='lat' dir='ltr'>habuerit,</span> 
     </span>
     <span class='ocr_line' id='line_1_39' title="bbox 224 2543 1761 2591; baseline 0.001 -13"><span class='ocrx_word' id='word_1_348' title='bbox 224 2555 297 2578; x_wconf 91' lang='lat' dir='ltr'>non</span> <span class='ocrx_word' id='word_1_349' title='bbox 324 2543 549 2589; x_wconf 84' lang='lat' dir='ltr'>pugillarem</span> <span class='ocrx_word' id='word_1_350' title='bbox 575 2543 692 2586; x_wconf 83' lang='lat' dir='ltr'>illam,</span> <span class='ocrx_word' id='word_1_351' title='bbox 718 2544 757 2577; x_wconf 90' lang='lat' dir='ltr'>in</span> <span class='ocrx_word' id='word_1_352' title='bbox 784 2555 858 2587; x_wconf 87' lang='lat' dir='ltr'>qua</span> <span class='ocrx_word' id='word_1_353' title='bbox 884 2556 927 2578; x_wconf 75' lang='lat' dir='ltr'>ex</span> <span class='ocrx_word' id='word_1_354' title='bbox 950 2544 1134 2579; x_wconf 83' lang='lat' dir='ltr'>Ciceronis</span> <span class='ocrx_word' id='word_1_355' title='bbox 1162 2545 1336 2590; x_wconf 86' lang='lat' dir='ltr'>opinione</span> <span class='ocrx_word' id='word_1_356' title='bbox 1356 2546 1524 2591; x_wconf 78' lang='lat' dir='ltr'>pontifex</span> <span class='ocrx_word' id='word_1_357' title='bbox 1544 2546 1761 2590; x_wconf 82' lang='lat' dir='ltr'>priusquam</span> 
     </span>
     <span class='ocr_line' id='line_1_40' title="bbox 224 2596 1077 2642; baseline 0.001 -11"><span class='ocrx_word' id='word_1_358' title='bbox 224 2596 361 2639; x_wconf 78' lang='lat' dir='ltr'>ederet,</span> <span class='ocrx_word' id='word_1_359' title='bbox 387 2607 445 2631; x_wconf 86' lang='lat' dir='ltr'>res</span> <span class='ocrx_word' id='word_1_360' title='bbox 472 2599 679 2632; x_wconf 84' lang='lat' dir='ltr'>memoratu</span> <span class='ocrx_word' id='word_1_361' title='bbox 705 2597 839 2642; x_wconf 85' lang='lat' dir='ltr'>dignas</span> <span class='ocrx_word' id='word_1_362' title='bbox 867 2597 1077 2642; x_wconf 79' lang='lat' dir='ltr'>colligebat.</span> 
     </span>
    </p>

    <p class='ocr_par' dir='ltr' id='par_1_7' title="bbox 321 2649 1760 2697">
     <span class='ocr_line' id='line_1_41' title="bbox 321 2649 1760 2697; baseline 0.002 -13"><span class='ocrx_word' id='word_1_363' title='bbox 321 2652 355 2695; x_wconf 82' lang='lat'>2)</span> <span class='ocrx_word' id='word_1_364' title='bbox 381 2649 466 2686; x_wconf 88' lang='lat' dir='ltr'>Vid.</span> <span class='ocrx_word' id='word_1_365' title='bbox 482 2650 694 2695; x_wconf 85' lang='lat' dir='ltr'>Schwegler</span> <span class='ocrx_word' id='word_1_366' title='bbox 712 2651 727 2684; x_wconf 95' lang='lat' dir='ltr'>I</span> <span class='ocrx_word' id='word_1_367' title='bbox 746 2663 782 2695; x_wconf 87' lang='lat' dir='ltr'>p.</span> <span class='ocrx_word' id='word_1_368' title='bbox 797 2654 854 2686; x_wconf 84' lang='lat'>37.</span> <span class='ocrx_word' id='word_1_369' title='bbox 886 2651 1123 2686; x_wconf 82' lang='lat' dir='ltr'>Kornemann</span> <span class='ocrx_word' id='word_1_370' title='bbox 1144 2652 1166 2687; x_wconf 91' lang='lat'>1.</span> <span class='ocrx_word' id='word_1_371' title='bbox 1184 2664 1210 2686; x_wconf 89' lang='lat' dir='ltr'>s.</span> <span class='ocrx_word' id='word_1_372' title='bbox 1230 2664 1265 2697; x_wconf 89' lang='lat' dir='ltr'>p.</span> <span class='ocrx_word' id='word_1_373' title='bbox 1284 2656 1325 2687; x_wconf 83' lang='lat'>18</span> <span class='ocrx_word' id='word_1_374' title='bbox 1346 2652 1521 2697; x_wconf 86' lang='lat' dir='ltr'>locosque</span> <span class='ocrx_word' id='word_1_375' title='bbox 1542 2652 1595 2686; x_wconf 91' lang='lat' dir='ltr'>ibi</span> <span class='ocrx_word' id='word_1_376' title='bbox 1615 2652 1760 2687; x_wconf 78' lang='lat' dir='ltr'>citatos.</span> 
     </span>
    </p>

    <p class='ocr_par' dir='ltr' id='par_1_8' title="bbox 225 2703 1762 2909">
     <span class='ocr_line' id='line_1_42' title="bbox 322 2703 1762 2749; baseline 0.002 -12"><span class='ocrx_word' id='word_1_377' title='bbox 322 2704 356 2748; x_wconf 87' lang='lat'>3)</span> <span class='ocrx_word' id='word_1_378' title='bbox 384 2703 444 2738; x_wconf 86' lang='lat' dir='ltr'>Sic</span> <span class='ocrx_word' id='word_1_379' title='bbox 479 2704 591 2738; x_wconf 85' lang='lat' dir='ltr'>etiam</span> <span class='ocrx_word' id='word_1_380' title='bbox 618 2703 794 2738; x_wconf 88' lang='lat' dir='ltr'>Huebner</span> <span class='ocrx_word' id='word_1_381' title='bbox 818 2716 854 2749; x_wconf 91' lang='lat' dir='ltr'>p.</span> <span class='ocrx_word' id='word_1_382' title='bbox 875 2708 956 2747; x_wconf 80' lang='lat'>420,</span> <span class='ocrx_word' id='word_1_383' title='bbox 996 2705 1059 2748; x_wconf 90' lang='lat' dir='ltr'>qui</span> <span class='ocrx_word' id='word_1_384' title='bbox 1090 2705 1128 2739; x_wconf 91' lang='lat' dir='ltr'>in</span> <span class='ocrx_word' id='word_1_385' title='bbox 1161 2706 1245 2740; x_wconf 84' lang='lat' dir='ltr'>aliis</span> <span class='ocrx_word' id='word_1_386' title='bbox 1271 2706 1382 2740; x_wconf 90' lang='lat' dir='ltr'>rebus</span> <span class='ocrx_word' id='word_1_387' title='bbox 1408 2706 1680 2741; x_wconf 89' lang='lat' dir='ltr'>Mommsenum</span> <span class='ocrx_word' id='word_1_388' title='bbox 1706 2717 1762 2740; x_wconf 84' lang='lat' dir='ltr'>se-</span> 
     </span>
     <span class='ocr_line' id='line_1_43' title="bbox 227 2756 1761 2803; baseline 0.001 -13"><span class='ocrx_word' id='word_1_389' title='bbox 227 2756 363 2800; x_wconf 87' lang='lat' dir='ltr'>quitur.</span> <span class='ocrx_word' id='word_1_390' title='bbox 394 2757 493 2800; x_wconf 88' lang='lat' dir='ltr'>quod</span> <span class='ocrx_word' id='word_1_391' title='bbox 513 2757 714 2792; x_wconf 87' lang='lat' dir='ltr'>Hulleman</span> <span class='ocrx_word' id='word_1_392' title='bbox 733 2769 767 2802; x_wconf 93' lang='lat' dir='ltr'>p.</span> <span class='ocrx_word' id='word_1_393' title='bbox 791 2761 834 2792; x_wconf 81' lang='lat'>35</span> <span class='ocrx_word' id='word_1_394' title='bbox 856 2760 985 2792; x_wconf 82' lang='lat' dir='ltr'>exacto</span> <span class='ocrx_word' id='word_1_395' title='bbox 1007 2769 1103 2792; x_wconf 87' lang='lat' dir='ltr'>anno</span> <span class='ocrx_word' id='word_1_396' title='bbox 1123 2759 1293 2792; x_wconf 86' lang='lat' dir='ltr'>tabulam</span> <span class='ocrx_word' id='word_1_397' title='bbox 1320 2769 1538 2803; x_wconf 86' lang='lat' dir='ltr'>suspensam</span> <span class='ocrx_word' id='word_1_398' title='bbox 1565 2770 1642 2793; x_wconf 85' lang='lat' dir='ltr'>esse</span> <span class='ocrx_word' id='word_1_399' title='bbox 1664 2758 1761 2792; x_wconf 85' lang='lat' dir='ltr'>arbi-</span> 
     </span>
     <span class='ocr_line' id='line_1_44' title="bbox 225 2809 1760 2852; baseline 0.001 -9"><span class='ocrx_word' id='word_1_400' title='bbox 225 2810 354 2852; x_wconf 77' lang='lat' dir='ltr'>tratur,</span> <span class='ocrx_word' id='word_1_401' title='bbox 380 2809 474 2844; x_wconf 87' lang='lat' dir='ltr'>haec</span> <span class='ocrx_word' id='word_1_402' title='bbox 501 2810 688 2845; x_wconf 85' lang='lat' dir='ltr'>sententia</span> <span class='ocrx_word' id='word_1_403' title='bbox 714 2822 797 2844; x_wconf 89' lang='lat' dir='ltr'>eum</span> <span class='ocrx_word' id='word_1_404' title='bbox 824 2811 1031 2846; x_wconf 87' lang='lat' dir='ltr'>testimonii</span> <span class='ocrx_word' id='word_1_405' title='bbox 1058 2811 1289 2846; x_wconf 83' lang='lat' dir='ltr'>Cieeroniani</span> <span class='ocrx_word' id='word_1_406' title='bbox 1308 2812 1381 2846; x_wconf 87' lang='lat' dir='ltr'>fide</span> <span class='ocrx_word' id='word_1_407' title='bbox 1403 2811 1634 2846; x_wconf 55' lang='lat' dir='ltr'>conciditf—</span> <span class='ocrx_word' id='word_1_408' title='bbox 1656 2811 1760 2846; x_wconf 75' lang='lat' dir='ltr'>Alius</span> 
     </span>
     <span class='ocr_line' id='line_1_45' title="bbox 226 2864 1760 2909; baseline 0.001 -13"><span class='ocrx_word' id='word_1_409' title='bbox 226 2873 304 2897; x_wconf 89' lang='lat' dir='ltr'>mos</span> <span class='ocrx_word' id='word_1_410' title='bbox 331 2866 409 2897; x_wconf 82' lang='lat' dir='ltr'>orat</span> <span class='ocrx_word' id='word_1_411' title='bbox 436 2874 492 2897; x_wconf 85' lang='lat' dir='ltr'>res</span> <span class='ocrx_word' id='word_1_412' title='bbox 518 2865 724 2898; x_wconf 78' lang='lat' dir='ltr'>memoratu</span> <span class='ocrx_word' id='word_1_413' title='bbox 751 2864 884 2909; x_wconf 84' lang='lat' dir='ltr'>dignas</span> <span class='ocrx_word' id='word_1_414' title='bbox 917 2865 956 2898; x_wconf 88' lang='lat' dir='ltr'>in</span> <span class='ocrx_word' id='word_1_415' title='bbox 983 2865 1149 2900; x_wconf 64' lang='lat' dir='ltr'>*externis</span> <span class='ocrx_word' id='word_1_416' title='bbox 1181 2865 1406 2909; x_wconf 79' lang='lat' dir='ltr'>templorum</span> <span class='ocrx_word' id='word_1_417' title='bbox 1437 2864 1643 2909; x_wconf 78' lang='lat' dir='ltr'>parietibus</span> <span class='ocrx_word' id='word_1_418' title='bbox 1670 2864 1760 2898; x_wconf 88' lang='lat' dir='ltr'>inci—</span> 
     </span>
    </p>
   </div>
  </div>
 </body>
</html>
