2002 3342
303 200 381 229 xvi
872 184 1270 219 PROLEGOMENON

293 309 375 346 per
400 300 440 335 in
469 309 539 336 ore
567 302 641 343 est,
674 296 861 334 Calonem
889 301 958 333 aut
985 297 1041 333 ad
1066 296 1248 334 Pisonem
1277 302 1348 333 aut
1374 297 1430 334 ad
1454 297 1654 334 Fannium
1681 302 1752 334 aut
1778 298 1834 334 acl

312 362 557 400 Γεηηοηῖηηι
578 364 732 408 uenias,
759 372 999 408 quamquam
1022 373 1074 399 ex
1098 362 1162 398 his
1182 363 1287 398 alius
1307 363 1387 399 alio
1405 363 1502 410 plus
1527 362 1647 399 habet
1669 364 1832 409 ue're'um,

304 433 433 465 lamen
463 428 562 475 quid
587 432 666 465 tam
694 427 799 464 ea‘e'le
825 437 941 473 quam
970 428 1037 464 isce‘
1063 427 1223 464 omnes?
1257 437 1427 476 quocum
1459 427 1655 464 consentit
1680 426 1832 471 Quinti-

305 491 431 529 lianus
452 493 541 529 inst.
558 496 652 528 orat.
672 488 735 540 10,
752 488 789 540 2,
808 488 849 528 T:
884 490 989 535 Ouid
1007 496 1096 528 erat
1112 490 1309 539 futurum,
1336 493 1372 529 se·
1392 502 1504 529 nemo
1517 493 1613 540 plns
1634 492 1834 539 effecisset

303 568 347 595 eo
381 568 493 604 quem
527 557 798 604 sequebatur?
836 557 938 594 nihil
969 558 1009 593 in
1034 558 1170 604 poetis
1200 567 1327 604 supra
1354 555 1515 594 Liuium
1541 557 1832 603 Andronicum,

303 623 406 659 nihil
431 624 470 659 in
499 622 678 659 historiis
703 632 830 668 supra
848 622 1088 668 pontificum
1113 622 1282 658 annales
1307 621 1556 669 haberemus,
1583 622 1740 659 ratibus
1761 623 1833 659 ad-

302 688 381 725 huc
396 689 679 733 mauman-etur.
704 684 934 723 Ciceronem
951 690 1079 723 autem
1093 686 1133 722 in
1149 685 1378 735 pontificum
1394 686 1609 723 sacrarium
1623 698 1701 724 non
1716 697 1833 737 pene-

303 752 470 789 trauisse
492 749 560 788 sed
582 751 621 788 ln
643 749 758 787 editis
779 749 984 787 annalibus
1006 751 1252 800 acquieuisse
1275 755 1581 788 consentaneum
1604 755 1674 800 est,
1695 752 1728 789 si
1749 751 1833 802 qui-

304 815 392 854 dem
413 816 496 865 ipse
517 814 784 865 perlustrauit,
812 826 889 852 non
911 816 1027 852 amici
1048 815 1292 865 antiquitatis
1313 815 1499 852 scientiae
1521 827 1589 853 sua
1612 814 1736 854 debet.
1765 815 1834 854 sed

305 882 474 919 maxime
494 880 594 918 hanc
616 879 810 917 editorum
833 879 1030 917 annalium
1055 880 1404 917 conformationem
1428 879 1530 917 Liuii
1551 880 1722 918 narratio
1744 892 1834 918 con-

303 946 449 995 firmat,
478 946 518 983 in
551 957 624 995 qua
653 944 898 995 quorundam
932 956 1123 983 annorum
1158 957 1220 982 res
1251 943 1387 982 eadem
1420 944 1593 983 exilitate
1621 951 1660 983 et
1692 946 1833 983 ieiuni-

303 1015 380 1049 tate
402 1011 685 1060 transiguntur.
723 1009 898 1060 exempla
919 1010 1021 1047 infra
1041 1022 1076 1060 p.
1092 1019 1204 1047 XXVI
1220 1022 1303 1060 sqq.
1324 1021 1551 1060 proponam.
1588 1022 1692 1048 nunc
1709 1022 1772 1049 eas
1794 1011 1833 1048 in

304 1080 440 1126 quarta
466 1076 716 1125 potissimum
738 1076 953 1126 quintaque
977 1073 1120 1113 decade
1148 1075 1200 1112 ita
1221 1080 1464 1125 comparatas
1485 1075 1658 1113 inueniri
1684 1087 1835 1125 moneo,

303 1146 345 1179 ut
379 1139 426 1178 ad
459 1152 522 1178 res
557 1139 790 1177 domesticas
825 1145 862 1177 et
896 1152 995 1190 quae
1028 1145 1247 1178 memoratu
1278 1140 1510 1190 pontificum
1545 1139 1682 1190 dignae
1714 1139 1835 1178 fuisse

303 1205 514 1244 uideantur
547 1202 673 1257 (uelut
702 1204 938 1254 collegarum
965 1200 1132 1258 mortes)
1161 1206 1401 1255 pertineant,
1434 1204 1504 1242 has
1537 1210 1666 1243 autem
1700 1207 1834 1256 copiae

304 1283 436 1309 rerum
457 1271 625 1308 maxime
646 1269 878 1307 bellicarum
898 1270 1098 1320 inspersas
1120 1282 1218 1320 esse,
1242 1271 1471 1308 memoriam
1498 1270 1619 1320 igitur
1638 1275 1835 1308 uetustam

303 1336 533 1387 pontificum
550 1340 587 1373 et
603 1334 865 1373 additamenta
885 1340 1191 1385 ornamentaque
1213 1335 1446 1373 inferiorum
1462 1335 1699 1385 scriptorum
1714 1337 1835 1374 mixta

304 1396 440 1454 esse.¹>
481 1399 649 1438 redeunt
674 1399 769 1437 baec
797 1400 881 1437 siue
909 1399 956 1437 ad
984 1399 1188 1437 Claudium
1215 1399 1515 1449 Quadrigarium
1543 1401 1627 1438 siue
1655 1399 1702 1438 ad
1727 1399 1835 1439 Vale-

304 1466 406 1503 rium
432 1465 628 1503 Antiatem
661 1465 745 1503 siue
779 1464 874 1502 alios
907 1465 991 1502 eius
1025 1465 1182 1514 generis
1216 1465 1447 1515 scriptores,
1481 1465 1546 1515 qui
1579 1466 1706 1515 gentis
1743 1477 1835 1504 suae

303 1529 511 1568 bellicosae
544 1529 673 1568 studio
706 1528 745 1567 id
781 1528 1025 1579 tribuerunt,
1061 1530 1191 1580 operis
1229 1530 1289 1567 sui
1325 1528 1641 1580 aequabilitatem
1677 1529 1836 1568 turbare

303 1607 381 1633 non
409 1595 540 1633 ueriti.
579 1595 764 1633 ieiunitas
785 1599 915 1632 autem
942 1594 1006 1632 illa
1027 1595 1239 1632 memoriae
1262 1593 1364 1645 apud
1385 1594 1540 1632 Liuium
1562 1607 1607 1633 ex
1630 1594 1835 1634 annalibus

304 1660 485 1698 maximis
512 1660 711 1709 remansit,
739 1672 814 1710 qua
841 1661 909 1710 qui
935 1659 1011 1697 loci
1039 1660 1155 1698 etiam
1182 1661 1222 1698 in
1251 1659 1521 1710 superioribus
1550 1659 1761 1699 decadibus
1789 1660 1835 1699 ab

305 1725 390 1763 eius
422 1724 602 1762 ubertate
636 1723 865 1774 abhorrent,
900 1726 985 1763 iure
1018 1729 1153 1762 nostro
1188 1724 1234 1763 ab
1269 1724 1416 1762 eisdem
1450 1724 1700 1763 deducemus.
1746 1738 1835 1764 nam

305 1802 441 1828 eorum
467 1790 697 1827 memoriam
725 1789 771 1827 ab
800 1791 1086 1840 antiquissimis
1113 1789 1356 1841 temporibus
1378 1794 1493 1840 atque
1521 1791 1638 1828 etiam
1664 1789 1710 1828 ab
1738 1789 1836 1829 urbe

305 1854 461 1894 condita
494 1856 701 1905 repetitam
734 1867 820 1893 esse
855 1856 1089 1906 accepimus.
1136 1857 1176 1893 in
1203 1854 1314 1893 libris
1342 1854 1498 1906 quidem
1529 1854 1575 1893 de
1603 1867 1644 1893 re
1670 1854 1775 1906 publ.
1797 1853 1836 1906 2,

308 1917 444 1971 15,28
474 1920 609 1958 Cicero
637 1919 684 1958 M.
705 1919 906 1958 Manilium
935 1921 1032 1959 iuris
1061 1920 1284 1959 consultum
1311 1919 1520 1958 adeuntem
1546 1920 1641 1958 fecit
1661 1918 1836 1959 ‘annales

303 1983 512 2037 publicos’,
538 1990 582 2023 ut
604 1997 698 2023 num
720 1997 787 2024 rex
809 1984 935 2024 Numa
954 1985 1195 2036 Pythagorae
1221 1979 1347 2036 ipsius
1369 1984 1584 2036 discipulus
1612 1985 1751 2024 fuisset
1772 1991 1837 2024 aut

306 2056 411 2089 certe
439 2050 724 2101 Pythagoreus,
752 2046 971 2104 εει-11611112),
1004 2050 1109 2089 unde
1136 2050 1241 2089 aliud
1268 2051 1351 2089 eius
1379 2051 1644 2088 testimonium
1672 2049 1763 2088 libri
1790 2050 1835 2089 de

305 2121 418 2166 orat,
446 2115 549 2166 quod
582 2116 694 2154 initio
728 2115 845 2154 huius
879 2117 1019 2166 capitis
1053 2117 1352 2167 exscripsimus,
1385 2114 1521 2153 eodem
1552 2116 1633 2153 sere
1660 2120 1836 2166 tempore

306 2182 496 2232 scriptum
523 2182 563 2219 in
591 2193 675 2219 eam
703 2181 937 2219 sententiam
963 2180 1299 2232 interpretandam
1327 2193 1414 2219 esse
1441 2182 1650 2219 euincitur.

396 2245 555 2284 Certum
584 2250 714 2284 autem
747 2258 913 2284 nomen
948 2245 1188 2285 annalium
1221 2246 1529 2284 maximorum
1561 2250 1645 2284 tum
1679 2245 1836 2284 demum

304 2310 383 2349 illis
410 2311 639 2361 pontificum
666 2310 810 2349 tabulis
843 2310 1012 2349 inditum
1039 2316 1115 2362 est,
1150 2323 1238 2349 cum
1266 2312 1305 2349 in
1331 2323 1454 2349 unum
1482 2323 1625 2361 corpus
1657 2309 1836 2350 redactae

307 2381 346 2414 et
378 2375 504 2414 editae
538 2381 638 2414 sunt.
684 2388 774 2414 nam
807 2377 873 2426 qui
907 2375 979 2414 soli
1019 2378 1232 2427 scriptores
1271 2381 1359 2414 ante
1396 2376 1470 2414 hoc
1507 2380 1661 2426 tempus
1700 2387 1833 2414 earum

305 2441 546 2479 mentionem
579 2441 819 2491 iniecerunt,
853 2440 945 2479 Cato
978 2442 1019 2479 in
1052 2443 1146 2492 orig.
1172 2442 1217 2480 fr.
1240 2439 1292 2479 77
1322 2446 1361 2479 et
1391 2440 1574 2492 Polybius
1608 2436 1714 2494 (ann.
1735 2453 1835 2480 max.

404 2572 435 2615 1)
462 2571 545 2606 Vid.
568 2571 701 2606 Nissen
735 2573 942 2607 Untersuch.
969 2585 1004 2617 p.
1021 2577 1064 2607 56
1080 2585 1158 2617 sqq.
1181 2577 1247 2607 292
1263 2584 1341 2617 sqq.
1382 2572 1509 2606 Soltau
1535 2571 1667 2607 Philol.
1684 2576 1740 2616 52,
1756 2576 1834 2613 644,

308 2629 363 2667 55,
380 2628 446 2658 262
462 2635 540 2668 sqq.
568 2628 634 2659 272
652 2636 730 2668 sqq.

404 2678 436 2721 2)
465 2677 676 2712 Sermonem
702 2677 809 2712 illum
835 2690 866 2712 a.
891 2682 967 2713 129.
997 2682 1064 2713 625
1090 2678 1262 2713 habitum
1288 2690 1367 2713 esse
1394 2678 1520 2713 Cicero
1552 2690 1633 2713 cum
1662 2678 1835 2722 uoluerit,

307 2732 387 2764 tum
407 2730 571 2764 Mucium
593 2730 811 2765 Scaeuolam
836 2731 910 2765 iam
938 2742 1088 2765 munere
1115 2742 1180 2765 suo
1206 2731 1392 2776 pontificis
1418 2731 1652 2776 perfunctum
1675 2743 1754 2766 esse
1779 2732 1835 2766 fa-

308 2784 379 2818 cile
414 2784 498 2827 quis
534 2783 736 2818 arbitratus
773 2784 839 2827 sit,
875 2784 939 2827 qui
970 2784 1075 2818 illum
1106 2784 1146 2818 in
1177 2783 1317 2818 talibus
1349 2784 1458 2818 rebus
1484 2795 1616 2829 parum
1651 2785 1834 2820 curiosum

306 2837 421 2871 fuisse
446 2837 598 2871 nesciat.
