2002 3342
0 223 3 238 ,
534 200 725 234 VALERII
752 199 975 233 ANTIATIS
1003 198 1237 233 ANNALES.
1277 198 1319 232 fr.
1343 202 1387 232 45
1644 198 1729 238 267

0 243 3 343 l
188 314 420 363 prominens
441 323 559 361 mare,
582 316 672 362 quot
690 323 766 348 non
787 310 906 349 urbes
928 309 1041 348 modo
1058 309 1125 348 sed
1141 315 1277 360 gentes
1293 309 1564 360 amplectatur,
1585 322 1723 347 omnes

0 380 1 386 ’
192 379 306 416 scire.
352 377 450 415 hanc
483 377 683 426 regionem
711 375 864 414 dierum
896 375 982 426 plus
1010 376 1169 425 triginta
1195 374 1330 426 <iler>
1357 376 1397 412 in
1425 374 1726 424 longitudinem,

194 442 328 481 decem
365 443 468 480 inter
503 440 578 480 duo
615 442 736 479 maria
773 442 812 478 in
849 440 1095 479 latitudinem
1132 446 1329 490 patentem
1366 452 1490 490 usque
1524 439 1571 478 ad
1605 439 1725 478 Tauri

193 508 337 547 montis
364 508 452 557 iuga
472 506 662 544 Antiocho
689 505 922 556 ademptam,
949 505 1111 556 expulso
1140 507 1179 543 in
1206 505 1388 544 ultimum
1415 505 1599 555 angulum
1621 505 1729 543 orbis

193 579 398 612 terrarum.
438 570 543 622 quid,
571 572 603 609 si
630 572 797 621 gratuita
825 583 899 621 pax
926 576 1042 621 esset,
1071 569 1157 621 plus
1184 570 1302 608 adimi
1331 572 1366 609 ei
1394 569 1599 621 potuisse?
1635 570 1723 608 Phi-

193 638 296 689 lippo
315 638 419 675 uicto
434 636 712 687 Macedoniam,
739 635 879 674 Nabidi
901 635 1234 674 Lacedaemonem
1260 635 1434 674 relictam
1458 648 1529 674 nec
1546 635 1730 681 Quinctio

193 704 342 742 crimen
363 703 600 753 quaesitum:
629 714 704 740 non
726 702 830 740 enim
853 700 1035 740 habuisse
1058 713 1146 739 eum
1162 701 1389 739 Africanum
1412 701 1585 752 fratrem,
1613 703 1727 740 cuius

193 781 281 807 cum
308 767 429 819 gloria
457 766 644 818 prodesse
673 766 712 804 L.
734 767 909 817 Scipioni
938 765 1156 817 debuisset,
1188 765 1377 804 inuidiam
1406 767 1600 805 nocuisse.
1644 772 1727 805 tan·

193 840 274 873 tum
302 834 387 871 auri
414 834 644 883 argentique
671 831 886 870 iudicatum
915 844 1002 870 esse
1029 832 1069 870 in
1092 831 1248 870 domum
1278 831 1317 869 L.
1341 832 1538 882 Scipionis
1566 831 1729 881 illatum,

138 912 172 937 ιο
193 904 381 950 quantum
413 897 585 936 uenditis
618 897 802 936 omnibus
836 897 949 935 bonis
983 896 1109 947 redigi
1136 909 1213 935 non
1240 902 1384 948 posset.
1424 896 1492 935 ubi
1520 909 1611 947 ergo
1640 909 1727 935 esse

194 964 343 1014 regium
372 975 522 1013 aurum,
549 962 617 1001 ubi
645 968 700 1000 tot
725 961 965 1001 hereditates
993 960 1201 1013 acceptas?
1240 963 1280 1000 in
1303 961 1428 1012 domo,
1456 974 1573 1013 quam
1595 975 1731 1013 sump-

193 1035 255 1067 tus
281 1041 359 1067 non
386 1028 651 1078 exhauserint,
685 1034 839 1066 exstare
868 1027 1052 1066 debuisse
1079 1040 1203 1066 nouae
1230 1028 1410 1066 fortunae
1439 1027 1652 1066 cumulum.
1694 1033 1731 1066 at

193 1095 298 1133 enim
326 1093 429 1145 quod
451 1106 494 1131 ex
520 1093 634 1131 bonis
656 1093 781 1143 redigi
809 1105 887 1131 non
909 1094 1044 1144 possit,
1072 1105 1116 1132 ex
1141 1105 1305 1144 corpore
1327 1099 1365 1131 et
1385 1098 1495 1143 tergo
1523 1105 1595 1144 per
1614 1106 1728 1132 uexa—

193 1160 338 1198 tionem
366 1164 403 1197 et
430 1158 687 1197 contumelias
715 1158 755 1196 L.
778 1158 974 1209 Scipionis
1000 1159 1194 1210 petituros
1219 1159 1417 1209 inimicos,
1444 1164 1487 1197 ut
1508 1159 1547 1196 in
1569 1170 1730 1197 carcere

141 1238 175 1264 15
197 1225 300 1263 inter
333 1225 440 1263 fures
474 1230 687 1263 nocturnos
721 1230 758 1263 et
791 1223 962 1263 latrones
994 1225 1059 1263 uir
1091 1223 1335 1263 clarissimus
1368 1223 1594 1262 includatur
1626 1226 1731 1263 etin

196 1289 336 1328 robore
364 1296 403 1328 et
428 1289 604 1328 tenebris
631 1291 816 1341 exspiret,
846 1289 986 1328 deinde
1014 1289 1142 1328 nudus
1166 1294 1255 1328 ante
1277 1301 1476 1328 carcerem
1503 1290 1731 1340 proiciatur.

193 1368 271 1394 non
291 1355 332 1394 id
347 1355 550 1394 Corneliae
573 1357 696 1405 magis
726 1355 893 1394 familiae
919 1367 1035 1406 quam
1056 1354 1146 1393 urbi
1166 1354 1364 1393 Romanae
1387 1354 1470 1392 fore
1492 1354 1731 1393 erubescen-

194 1419 297 1459 dum.
345 1416 397 1473 (c.
420 1417 505 1472 60.)
534 1420 734 1459 Aduersus
762 1433 806 1458 ea
833 1419 1043 1459 Terentius
1075 1426 1234 1471 praetor
1264 1420 1506 1470 rogationem
1534 1419 1729 1458 Petilliam
1769 1437 1778 1446 v

194 1491 232 1524 et
264 1491 423 1524 senatus
456 1486 678 1524 consultum
712 1491 750 1524 et
784 1485 975 1524 iudicium
1003 1485 1049 1524 de
1077 1485 1117 1524 L.
1147 1486 1330 1536 Scipione
1359 1485 1503 1524 sactum
1531 1487 1732 1524 recitauit:

136 1564 173 1590 20
193 1563 247 1600 se,
273 1551 314 1589 ni
338 1551 535 1590 reseratur
560 1552 727 1602 pecunia
754 1551 793 1589 in
822 1550 1024 1602 publicum
1049 1563 1148 1602 quae
1175 1550 1345 1590 iudicata
1373 1552 1435 1601 sit,
1462 1550 1556 1589 nihil
1585 1550 1730 1590 habere

193 1615 298 1667 quod
324 1616 451 1667 faciat,
478 1617 554 1654 nisi
580 1622 622 1655 ut
650 1615 790 1667 prendi
813 1616 1037 1655 damnatum
1064 1622 1102 1655 et
1122 1617 1162 1655 in
1182 1616 1341 1655 uincula
1364 1615 1455 1654 duci
1474 1615 1620 1655 iubeat.
1660 1618 1730 1655 tri-

193 1680 288 1719 buni
321 1694 410 1720 cum
443 1683 483 1719 in
510 1681 719 1720 consilium
748 1683 1024 1732 secessissent,
1058 1681 1173 1733 paulo
1207 1687 1296 1733 post
1323 1681 1362 1719 C.
1384 1681 1557 1720 Fannius
1584 1694 1632 1720 ex
1660 1694 1729 1720 sua

193 1745 511 1797 collegarumque
557 1746 723 1785 aliorum
767 1752 925 1798 praeter
964 1747 1185 1786 Gracchum
1225 1748 1421 1785 sententia
1458 1748 1732 1798 pronuntiauit

192 1813 362 1862 praetori
396 1824 475 1850 non
501 1811 749 1851 intercedere
777 1812 974 1863 tribunos,
1005 1825 1082 1864 quo
1109 1814 1241 1851 minus
1269 1825 1336 1851 sua
1364 1817 1559 1864 potestate
1585 1818 1731 1852 utatur.

136 1891 173 1917 25
193 1876 250 1915 Ti.
267 1876 466 1916 Gracchus
487 1878 539 1915 ita
562 1876 750 1928 decreuit,
772 1890 847 1928 quo
869 1879 1001 1917 minus
1023 1890 1069 1917 ex
1090 1877 1203 1917 honis
1225 1877 1265 1916 L.
1288 1877 1484 1929 Scipionis
1506 1877 1609 1928 quod
1629 1877 1731 1916 iudi·

193 1947 324 1981 catum
351 1943 403 1981 sit
428 1941 641 1993 redigatur,
669 1955 710 1981 se
737 1955 815 1982 non
842 1943 1090 1982 intercedere
1116 1944 1309 1994 praetori:
1336 1942 1377 1981 L.
1399 1942 1636 1994 Scipionem,
1664 1944 1732 1994 qui

194 2019 327 2057 regem
360 2007 704 2058 opulentissimum
737 2008 844 2046 orbis
876 2014 1073 2047 terrarum
1108 2008 1318 2059 deuicerit,
1352 2009 1564 2059 imperium
1597 2007 1732 2060 populi

152 588 170 612 &t

288 2186 321 2209 Χ.
351 2175 414 2209 Ea:
438 2176 553 2210 Liuio
584 2187 653 2210 sua
684 2176 789 2210 habet
816 2176 982 2211 Valerius
1004 2176 1110 2211 Maae.
1133 2178 1166 2217 4,
1181 2179 1213 2217 1,
1234 2178 1269 2210 8.
1302 2176 1347 2218 cf.
1373 2176 1462 2211 Gell.
1486 2179 1520 2218 6,
1536 2179 1592 2218 19,
1608 2179 1640 2218 7,
1667 2178 1734 2220 qui

190 2223 279 2257 haec
307 2222 465 2257 Gracchi
496 2223 625 2258 decreti
656 2224 768 2258 uerba
796 2224 910 2266 fuisse
936 2224 1043 2258 dicit:
1076 2223 1166 2258 Cum
1192 2223 1232 2257 L.
1254 2223 1444 2258 Cornelius
1472 2223 1597 2268 Scipio
1625 2225 1730 2258 Asia-

193 2269 290 2304 ticus
318 2269 553 2314 triumphans
581 2270 745 2305 hostium
772 2270 883 2305 duces
910 2271 948 2304 in
975 2282 1161 2305 carcerem
1182 2270 1411 2313 coniectent,
1440 2270 1605 2305 alienum
1625 2271 1731 2306 uide-

194 2318 255 2351 tur
287 2327 365 2351 esse
399 2317 583 2362 dignitate
609 2318 662 2352 rei
688 2317 862 2362 publicae
888 2318 926 2352 in
953 2329 1037 2353 eum
1063 2318 1186 2352 locum
1212 2318 1477 2363 imperatorem
1502 2318 1633 2362 populi
1660 2319 1731 2353 Ro-

194 2364 296 2398 mani
323 2364 426 2408 duci,
458 2365 496 2398 in
530 2376 637 2409 quem
665 2365 788 2399 locum
815 2366 861 2400 ab
889 2377 932 2400 eo
960 2366 1118 2400 coniecti
1144 2367 1231 2400 sunt
1257 2366 1369 2400 duces
1395 2365 1575 2400 hostium:
1603 2366 1732 2410 ita-que

195 2412 232 2446 L.
255 2411 465 2446 Cornelium
487 2412 698 2457 Scipionem
719 2413 927 2447 Asiaticum
949 2424 970 2447 a
991 2413 1156 2457 collegae
1176 2413 1215 2447 ui
1235 2413 1426 2458 prohibeo.
1462 2413 1619 2449 breuiter
1637 2414 1733 2448 hanc

193 2471 266 2494 rem
294 2461 409 2505 letiyit
434 2461 622 2496 Plutarch.
647 2462 722 2495 Cat.
746 2461 829 2495 mai.
852 2464 908 2494 15.

287 2620 309 2655 2
343 2619 384 2655 in
417 2619 704 2670 longitudinem
731 2622 836 2669 11on.
876 2620 1165 2671 longitudinem
1199 2632 1223 2664 ς
1260 2622 1336 2658 iter
1367 2622 1408 2658 in
1439 2621 1729 2671 longitudinem

204 2677 474 2716 Weissenborn
603 2681 626 2717 3
661 2681 788 2717 maria.
819 2680 859 2716 in
891 2680 1144 2718 latitudinem
1171 2681 1276 2728 Moy.
1316 2681 1443 2718 maria
1475 2681 1730 2718 latitudinem

195 2736 261 2773 uel
287 2737 328 2773 in
354 2739 480 2775 maria
506 2750 530 2782 ς
555 2739 767 2776 latitudine
799 2740 1067 2779 Weissenborn
1172 2742 1195 2777 8
1224 2753 1312 2777 cum
1339 2740 1427 2778 adcl.
1458 2739 1640 2778 Gelenius
1667 2739 1731 2787 (ew

195 2796 347 2843 Illoy.?)
449 2800 502 2835 10
529 2798 595 2835 ubi
625 2797 808 2836 Gelenius
835 2798 895 2845 (cz
920 2799 1071 2847 filoy.?)
1104 2799 1143 2836 id
1172 2799 1238 2836 ubi
1266 2810 1289 2842 ς
1391 2800 1442 2836 14
1471 2799 1510 2836 in
1537 2811 1730 2836 carcerem

194 2854 341 2902 aliquot
367 2867 391 2899 ς
516 2858 566 2894 19
595 2859 634 2894 et
660 2870 690 2895 s.
717 2853 764 2908 e.]
796 2857 980 2896 Gelenius
1007 2859 1070 2903 (ez
1095 2859 1248 2907 Moqss)
1282 2871 1326 2895 ex
1353 2871 1382 2896 s.
1409 2871 1438 2896 c.
1468 2869 1491 2902 ς
