2002 3342
697 182 732 217 C.
755 181 957 216 LICINIVS
984 181 1148 216 MACER
1538 195 1686 226 CCCLV

157 294 345 345 detrahit,
377 294 612 345 quibuscum
651 295 810 332 omnino
845 293 1069 344 discrepare
1107 293 1390 344 impudentiam
1424 295 1463 332 in
1497 294 1688 346 audendo,

155 372 271 410 quam
294 361 387 398 noui
413 358 469 397 illi
489 361 667 410 magistri
689 358 1001 409 corroborarent,
1028 358 1291 397 obtunderent
1311 360 1479 409 ingenia,
1501 359 1686 399 Crassum

157 424 203 463 de
225 431 320 463 orat.
337 421 374 475 3,
390 422 458 475 24,
473 421 528 463 93
548 424 811 475 disputantem
833 423 1052 462 induxerat.
1087 422 1247 474 reliquit
1267 426 1303 462 ei
1323 424 1424 462 solas
1446 426 1618 475 argutias
1640 425 1685 464 de

156 489 371 528 subtilitate
393 485 491 543 (Cic.
508 489 529 528 l.
547 486 608 543 s..)
638 491 769 540 itaque
786 488 959 527 Licinius
982 501 1070 526 cum
1091 490 1155 527 uir
1174 489 1375 539 popularis
1398 496 1512 540 esset,
1527 490 1687 541 languo-

158 567 242 593 rem
270 561 308 593 et
333 556 541 606 inscitiam,
568 567 666 605 quae
694 554 851 592 homine
881 553 993 592 docto
1020 553 1181 604 indigna
1209 566 1295 592 esse
1323 554 1460 593 Cicero
1488 556 1686 594 existima-

155 619 231 670 bat,
260 622 374 659 etiam
403 621 606 658 affectasse
627 618 797 670 uidetur,
825 619 946 658 Coelii
968 624 1098 658 autem
1119 618 1307 657 Graecam
1328 619 1531 658 historiam
1553 633 1686 671 asper·

157 691 271 724 natus
299 698 395 723 esse.
434 685 498 723 hic
526 687 643 724 etiam
676 690 857 723 ueterum
888 680 1085 723 annalium
1114 685 1305 723 rationem
1332 686 1384 722 ita
1411 687 1586 724 imitatus
1615 693 1686 738 est,

154 756 198 789 ut
232 763 294 789 res
321 756 449 801 gestas
477 763 547 801 per
573 762 696 788 annos
724 749 937 801 digereret,
972 762 1070 800 quae
1098 749 1257 800 quidem
1285 762 1378 788 cura
1407 750 1685 802 diligentiaque

154 828 279 867 usque
313 815 359 855 ad
388 828 500 867 reges
526 815 721 854 Romanos
748 816 956 867 pertinuit3
995 814 1096 853 bella
1123 814 1282 865 quidem
1308 816 1404 853 Anci
1426 815 1561 854 Marcii
1582 815 1686 855 Lati-

154 893 373 932 norumque
401 882 517 920 etiam
544 881 770 932 Dionysius,
803 882 869 931 qui
903 882 943 918 in
971 880 1040 918 bac
1067 886 1176 931 parte
1204 879 1400 919 Licinium
1429 887 1588 919 secutus
1616 888 1687 933 est,

153 947 206 985 ita
228 943 474 1001 ordinauiffl)
512 953 636 985 artem
658 952 787 984 tamen
808 947 1018 984 oratoriam
1039 958 1117 984 non
1135 947 1293 984 omnino
1310 948 1478 997 spreuit,
1500 948 1685 997 quoniam

154 1012 374 1050 orationum
395 1018 622 1050 ornamenta
642 1012 819 1049 historiis
840 1012 987 1049 inserta
1009 1011 1131 1049 fuisse
1152 1008 1421 1063 eijiceronis
1440 1011 1506 1049 illo
1528 1011 1686 1062 iudicio,

153 1075 258 1127 quod
292 1076 339 1115 ad
371 1078 568 1115 orationes
601 1076 756 1128 publice
789 1076 941 1114 liabitas
972 1076 1129 1126 quidam
1162 1076 1258 1114 falso
1287 1076 1492 1128 rettulere,
1525 1083 1688 1127 apparet

153 1142 486 1193 confirmaturque
521 1142 672 1181 duobus
705 1142 934 1192 fragmentis
961 1137 1049 1194 (20.
1072 1137 1158 1194 22).
1199 1141 1272 1180 alia
1306 1143 1391 1180 eius
1419 1143 1514 1180 artis
1541 1142 1685 1180 indicia

154 1206 308 1257 desunt,
332 1219 403 1245 nec
426 1207 604 1259 fortuit03
632 1206 870 1245 Graecorum
896 1208 1000 1245 enim
1022 1206 1174 1245 erudita
1195 1208 1307 1258 copia
1328 1219 1418 1246 eum
1439 1207 1576 1246 Cicero
1599 1220 1687 1258 spo-

153 1271 282 1322 liauit,
316 1285 414 1323 quae
448 1281 577 1311 autem
605 1272 794 1323 reliquiae
822 1272 869 1310 ad
895 1272 1060 1311 uerbum
1090 1278 1297 1323 excerptae
1325 1279 1433 1323 sunt,
1467 1274 1531 1311 uix
1566 1274 1684 1311 unius

154 1349 297 1376 uersus
324 1337 482 1376 modum
510 1343 727 1377 transeunt.

244 1402 321 1441 Sed
346 1408 561 1454 utcumque
590 1403 636 1442 de
663 1415 806 1454 genere
834 1404 918 1441 eius
945 1401 1144 1441 scribendi
1172 1403 1454 1453 existimamus,
1482 1402 1552 1441 hac
1576 1409 1683 1441 certe

154 1481 196 1507 re
218 1468 458 1519 singularem
485 1470 590 1507 inter
609 1469 746 1506 aetatis
767 1481 860 1507 suae
881 1469 1095 1519 scriptores
1116 1467 1267 1506 obtinet
1291 1467 1434 1518 locum,
1460 1467 1563 1518 quod
1585 1470 1683 1506 anti-

154 1535 316 1584 quitatis
343 1533 484 1572 studiis
512 1539 593 1572 tum
615 1533 956 1572 el'ssorescentibus
978 1535 1169 1572 excitatus
1190 1535 1307 1571 etiam
1329 1534 1507 1571 instituta
1528 1532 1683 1583 publica

154 1598 201 1637 ab
229 1600 380 1649 origine
403 1598 564 1637 deduxit
585 1594 649 1652 (fr.
671 1596 709 1636 9.
734 1596 806 1651 10)
833 1610 960 1649 neque
983 1600 1078 1636 satis
1104 1598 1242 1637 habuit
1261 1604 1418 1637 ueteres
1440 1598 1598 1636 annales
1621 1610 1686 1636 ex-

153 1665 362 1715 scripsisse
391 1663 460 1703 sed
487 1666 615 1714 etiam,
642 1670 685 1702 ut
705 1669 787 1702 erat
813 1664 928 1702 1101110
952 1665 1069 1702 etiam
1091 1663 1281 1702 Cicerone
1308 1669 1408 1702 teste
1431 1663 1685 1713 diligentissi-

153 1741 241 1767 mus
268 1735 306 1767 etv
331 1731 371 1767 in
399 1729 518 1767 rebus
543 1729 794 1768 inueniendis
816 1728 1177 1780 componendisque
1197 1730 1297 1767 mire
1319 1734 1538 1779 accuratus,
1566 1728 1685 1779 idque

152 1796 219 1845 ita,
244 1800 288 1833 ut
314 1807 378 1833 res
404 1796 509 1845 ipsas
536 1800 747 1846 spectaret,
780 1807 859 1833 non
886 1800 1080 1845 quatenus
1106 1794 1276 1832 oratorie
1304 1795 1486 1832 exornari
1512 1800 1686 1844 possent,

153 1859 226 1898 alia
260 1861 418 1911 antiqua
450 1866 703 1899 monumenta
734 1859 915 1911 indagata
948 1865 986 1898 et
1015 1859 1215 1910 explorata
1240 1861 1281 1897 in
1308 1872 1423 1898 usum
1452 1871 1566 1897 suum
1594 1871 1684 1898 con-

151 1927 283 1964 uertit.
322 1930 366 1964 ut
397 1924 534 1964 foedus
559 1925 815 1964 Ardeatinum
843 1938 874 1964 a.
889 1923 987 1964 444.
1009 1922 1096 1963 310
1124 1926 1247 1963 ictum
1274 1926 1314 1963 in
1342 1924 1522 1963 manibus
1548 1924 1687 1963 habuit

153 1988 218 2044 (fr.
238 1988 291 2029 13
314 2003 345 2029 c.
367 1987 473 2043 adn.)
499 1992 746 2041 maximeque
772 1990 895 2028 libros
922 1990 1110 2041 quosdam
1143 1990 1285 2028 linteos
1313 1990 1480 2028 multum
1508 1989 1687 2028 adhibuit

153 2061 192 2094 et
218 2055 391 2094 laudauit
417 2052 483 2108 (fr.
501 2054 566 2094 13.
592 2054 655 2094 14.
685 2052 765 2108 15).
810 2057 850 2094 in
876 2056 938 2094 his
965 2068 1060 2094 uero
1087 2055 1211 2106 libris,
1239 2056 1305 2106 qui
1332 2057 1371 2093 in
1400 2054 1494 2093 aede
1522 2055 1685 2093 Iunonis

153 2120 330 2159 Monetae
357 2121 397 2158 in
425 2132 514 2159 arce
542 2122 705 2172 repositi
732 2127 854 2171 erant,
881 2122 1180 2171 magistratuum
1208 2122 1366 2159 nomina
1392 2132 1463 2171 per
1483 2132 1605 2158 annos
1629 2119 1684 2157 di-

152 2192 260 2237 gesta
301 2187 421 2225 l'uisse
460 2186 565 2224 claro
604 2185 707 2224 Liuii
743 2187 966 2224 testimonio
1006 2187 1100 2224 satis
1138 2191 1300 2224 constat.
1346 2185 1441 2224 haec
1478 2186 1583 2224 enim
1620 2184 1684 2223 ille

152 2249 192 2302 4,
208 2248 276 2302 20,
292 2249 316 2289 8
339 2247 514 2305 (sr.15):
542 2255 612 2300 quc·
635 2255 672 2290 si
698 2264 747 2290 ea
773 2254 813 2290 in
842 2264 888 2290 re
912 2254 965 2290 sit
991 2262 1121 2300 error,
1149 2252 1257 2299 quod
1276 2257 1355 2289 tam
1376 2255 1534 2290 ueteres
1555 2262 1684 2288 cenna-

154 2319 210 2356 les
243 2318 463 2365 quodque
488 2320 866 2366 maylscratuum
898 2318 1034 2364 libri,
1068 2328 1183 2364 quos
1215 2318 1393 2355 linteos
1424 2319 1465 2354 in
1493 2316 1594 2354 aede
1620 2328 1683 2354 re-

144 2385 302 2432 positos
329 2383 520 2421 Monetae
540 2383 686 2421 Macer
706 2382 889 2421 Licinius
921 2384 1019 2420 citat
1046 2383 1264 2420 identidem
1291 2386 1495 2429 auctores,
1530 2382 1684 2419 decimo

145 2453 240 2497 post
273 2449 428 2485 demum
461 2459 568 2486 anno
601 2459 690 2486 eum
728 2447 765 2485 T.
800 2447 986 2493 Quinctio
1018 2447 1151 2485 Poeno
1178 2448 1224 2484 A.
1258 2447 1485 2484 Cornelium
1523 2447 1684 2484 Cossum

154 2588 251 2622 quae
272 2579 499 2613 antecedunt
520 2579 640 2614 ‘cuius
659 2579 861 2622 loquacitas
879 2579 983 2613 habet
1002 2578 1146 2622 aliquid
1159 2578 1404 2623 argutiarum,
1422 2588 1486 2612 nec
1506 2577 1546 2611 iel
1565 2581 1683 2612 tamen

154 2642 200 2666 ecc
218 2632 282 2666 illa
303 2632 529 2667 eruditorum
550 2631 773 2667 Graecorum
791 2632 912 2676 eopia'
936 2631 1125 2674 discimus,
1151 2630 1251 2664 unde
1271 2630 1317 2664 de
1339 2630 1552 2665 auctoribus
1574 2630 1619 2664 ab
1642 2641 1684 2664 eo

154 2683 336 2718 adhibitis
363 2696 445 2719 cum
472 2684 705 2730 Schweglero
725 2684 740 2718 I
762 2696 798 2729 p.
814 2688 858 2719 93
884 2684 962 2729 (qui
989 2684 1104 2718 uertit
1123 2684 1492 2728 Bueoherschraenke)
1519 2683 1683 2728 cogitare

155 2739 337 2772 uetamur.
363 2737 440 2773 uid.
456 2737 528 2772 Cic.
545 2737 593 2772 ad
607 2738 684 2773 Att.
699 2741 732 2781 4,
746 2742 777 2771 4.
805 2749 870 2782 pro
886 2737 1001 2772 Balbo
1018 2741 1049 2780 6,
1061 2741 1114 2771 14.
1135 2736 1286 2772 Norden
1303 2737 1537 2781 Kunstprosa
1551 2748 1586 2780 p.
1604 2740 1681 2770 176.

252 2793 284 2835 1)
311 2790 363 2825 Eo
383 2791 503 2835 magis
523 2790 724 2835 Dionysius
750 2791 923 2834 exsultat,
950 2791 1014 2826 ubi
1041 2802 1180 2825 errores
1207 2791 1286 2825 eius
1313 2790 1593 2835 chronologicos
1622 2789 1681 2824 de-

153 2844 353 2888 prehendit
378 2844 505 2888 (fr.11.
529 2846 596 2890 12).

1256 2903 1396 2938 XXIII*
