2002 3342
112 931 143 956 m

411 202 458 235 M.
479 200 637 235 PORCII
663 198 866 234 CATONIS
895 197 1131 233 ORIGINES.
1170 198 1213 233 fr.
1238 201 1422 232 113—125
1631 197 1687 239 93

249 309 408 352 ll9ssss.
443 313 557 352 Seru.
580 314 636 350 ad
655 313 753 350 Aen.
771 311 808 358 1,
826 310 920 348 726.
960 309 1005 347 Vt
1026 310 1078 348 ait
1099 308 1204 359 Cato,
1231 314 1270 347 et
1289 310 1329 347 in
1357 310 1455 347 atrio
1481 313 1518 347 et
1540 308 1691 347 duobus

161 378 318 417 ferculis
346 377 606 429 epulabantur
632 377 793 427 antiqui.

250 446 351 488 120.
391 450 546 488 Charis.
564 449 586 486 l
602 448 738 497 μ131
756 448 804 485 K.
843 446 924 485 Glis
945 446 1064 484 Varro
1086 447 1125 483 in
1147 445 1388 484 admirandis
1411 443 1465 483 ‘in
1488 444 1586 483 silua
1607 457 1692 483 mea

160 521 216 553 est
245 515 316 565 glis
343 512 489 553 nullus’
518 513 586 552 sed
615 518 651 552 et
680 512 771 551 Cato
799 513 838 550 in
866 510 1084 561 originibus
1111 511 1163 549 ita
1191 516 1250 549 est
1278 510 1442 549 locutus.

253 582 358 624 121.
398 587 552 624 Charis.
576 586 598 622 l
620 584 765 634 lis-24
780 585 828 622 K.
875 582 993 621 Biber
1026 580 1068 620 G.
1095 581 1268 620 Fannius
1303 581 1501 620 annalium
1527 580 1610 619 VIII
1636 602 1694 608 —

163 652 253 690 Cato
282 663 435 702 quoque
463 651 660 700 originum
690 663 751 687 ÷÷÷÷
783 650 890 698 (apsa
920 649 1046 687 uerba
1073 649 1402 694 e'nlerce'derunl).

253 717 357 761 122.
393 722 507 761 Seru.
531 723 712 768 (auctus)
741 722 797 759 ad
812 719 1006 769 θεον-φλ,
1026 719 1089 756 75.
1136 717 1228 756 Cato
1262 719 1301 756 in
1335 717 1570 769 originibus:
1604 717 1694 755 Alae

163 799 208 826 ex
235 785 427 838 lup<2710>
452 786 518 837 lug
539 816 697 825 ......

253 854 358 897 123.
394 858 508 897 Seru.
525 859 707 905 (attolus)
725 858 781 895 acl
793 858 891 895 Aen.
912 856 950 903 3,
968 856 1064 894 637.
1098 857 1286 903 Arqole'ce'
1301 852 1439 906 clipeff
1460 853 1558 899 Quia
1579 853 1696 892 Grae-

165 935 300 962 corum
328 922 444 973 clipei
470 922 642 972 rotundi,
668 928 712 960 ut
739 922 831 959 Cato
859 922 1056 971 originum
1084 922 1147 960 ait.

253 991 358 1034 1⁴24.
393 995 576 1033 Macrob.
592 995 630 1043 Ι,
646 994 713 1042 14,
729 995 766 1031 5.
806 992 966 1031 Veteres
995 989 1075 1030 ‘an'
1102 1004 1174 1043 pro
1203 987 1385 1030 ‘circum'
1418 1002 1565 1041 ponere
1599 989 1697 1028 sole-

165 1060 268 1110 bant,
294 1066 336 1099 ut
363 1059 456 1097 Cato
482 1060 523 1097 in
550 1058 788 1109 originibus:
815 1057 1025 1096 Oratorum
1052 1069 1100 1095 an
1127 1057 1352 1095 terminum.

256 1127 362 1169 125.
396 1132 495 1169 Xon.
516 1143 546 1169 s,
562 1142 598 1168 u.
615 1131 808 1169 tributum
821 1141 864 1178 p.
881 1129 979 1167 229.
1020 1128 1112 1167 Cato
1134 1129 1331 1178 originum
1352 1126 1482 1165 libris:
1509 1125 1565 1165 Ne
1587 1138 1699 1177 prae-

166 1196 226 1235 dia
254 1197 293 1234 in
320 1195 515 1234 lubricum
544 1195 819 1245 dirigerentur,
847 1206 935 1233 cum
962 1193 1136 1232 tributus
1164 1194 1390 1243 exigeretur
1416 1222 1424 1230 .
1447 1222 1455 1230 .
1477 1224 1484 1230 .

166 1346 347 1381 clarorum
372 1345 537 1379 uirorum
562 1344 737 1379 laudibus
765 1343 803 1377 in
829 1343 1036 1388 originibus
1064 1343 1244 1386 seriptum
1269 1341 1422 1385 reliquit
1444 1341 1563 1376 Cato.
1593 1341 1636 1384 cf'.
1658 1341 1701 1375 de

166 1395 252 1439 leqy.
273 1396 308 1436 2,
322 1396 382 1435 24,
394 1396 452 1428 62.
487 1393 603 1428 Varro
618 1393 659 1426 de
672 1393 737 1426 uit.
749 1403 834 1436 pop.
852 1392 955 1426 Rom.
977 1391 1080 1434 apud
1094 1391 1260 1424 Nonium
1279 1401 1306 1424 s.
1321 1401 1356 1424 u.
1378 1399 1462 1424 assa
1481 1399 1567 1423 uoce
1581 1400 1619 1433 p.
1637 1391 1659 1422 7
1662 1391 1701 1422 6.-

166 1441 207 1475 In
233 1441 415 1475 conuiuiis
442 1440 548 1485 pueri
568 1439 728 1474 modesti
750 1440 791 1472 ut
811 1440 1007 1473 cantarent
1027 1437 1189 1472 earmina
1214 1437 1380 1480 antiqua,
1407 1437 1445 1470 in
1466 1436 1601 1479 quibus
1621 1435 1702 1469 lau—

167 1488 224 1522 dis
244 1490 350 1523 erant
370 1488 564 1529 maiorum,
592 1489 629 1521 et
650 1498 733 1521 assa
752 1497 842 1520 uoce
865 1488 902 1520 et
922 1497 1003 1520 eum
1025 1485 1202 1520 tubicine.
1244 1485 1395 1530 Quintil.
1419 1488 1450 1525 1,
1467 1487 1524 1526 10,
1537 1486 1604 1518 20.-
1629 1483 1701 1517 Ve—

167 1538 285 1570 terum
320 1547 466 1579 quoque
493 1535 744 1569 Romanorum
777 1533 895 1578 epulis
929 1533 1018 1567 fides
1052 1543 1095 1567 ac
1127 1532 1241 1566 tibias
1274 1531 1452 1566 adhibere
1478 1531 1590 1565 moris
1618 1530 1701 1565 fuit.

173 1584 252 1618 Val.
270 1584 376 1618 Max.
398 1586 477 1625 2‚1,
490 1586 554 1617 10:
580 1582 740 1616 Maiores
766 1583 858 1615 natu
884 1581 922 1614 in
951 1580 1133 1616 conuiuiis
1161 1579 1210 1613 ad
1229 1579 1341 1614 tibias
1365 1578 1517 1624 egregia
1537 1578 1703 1622 superio-

166 1643 245 1664 rum
280 1641 390 1674 opera
423 1630 585 1664 carmine
618 1629 883 1674 comprehensa
919 1628 1104 1662 canebant
1137 1627 1210 1672 [sic
1242 1632 1331 1662 recte
1358 1627 1450 1670 Nep.
1483 1625 1703 1670 pangebant

167 1679 252 1713 libri
271 1678 376 1724 Val.]‚
405 1688 476 1722 quo
505 1677 551 1711 ad
579 1688 622 1711 ea
647 1676 831 1711 imitanda
858 1676 1090 1710 iuuentutem
1117 1675 1336 1709 alacriorem
1362 1673 1572 1708 redderent.

263 1731 353 1766 119.
384 1732 437 1774 Cf.
459 1731 560 1766 Seru.
581 1731 631 1765 ad
650 1732 742 1765 Aen.
759 1734 790 1772 1,
806 1732 896 1764 637:
933 1729 1149 1764 Notandum
1181 1728 1271 1772 quia
1304 1727 1537 1762 affluentiam
1562 1726 1703 1770 ubique

169 1779 304 1814 exteris
330 1778 504 1823 gentibus
532 1779 608 1820 dat,
636 1777 814 1812 Romanis
838 1776 1108 1821 frugalitatem,
1135 1775 1200 1819 qui
1220 1777 1258 1810 et
1279 1775 1421 1810 duobus
1441 1775 1589 1808 tantum
1610 1773 1702 1808 cibis

167 1826 368 1861 utebantur
394 1828 430 1861 et
455 1826 494 1860 in
521 1826 624 1860 atriis
651 1825 813 1860 edebant
839 1824 1021 1859 sedentes.
1064 1825 1191 1869 Bleyer
1215 1824 1255 1858 in
1275 1823 1455 1858 orat-ionis
1473 1833 1518 1856 ne
1545 1822 1615 1867 leyi
1638 1821 1702 1856 Or-

168 1875 268 1910 chiae
294 1875 527 1920 derogaretur
551 1874 767 1918 fraymeniis
786 1874 913 1917 posuit
934 1884 972 1916 p.
994 1874 1052 1906 94.
1090 1882 1146 1906 res
1171 1882 1303 1915 anceps
1328 1875 1387 1905 est.

264 1927 355 1962 120.
389 1929 508 1962 Plura
542 1928 692 1962 Catonis
722 1927 833 1962 uerba
865 1925 993 1960 adlata
1025 1929 1129 1960 erant
1161 1936 1182 1958 α
1212 1925 1384 1960 Charisio
1405 1927 1424 1957 1
1446 1935 1485 1967 p.
1502 1926 1550 1957 90
1566 1923 1613 1958 K.
1643 1922 1704 1957 sed

170 1976 404 2010 librariorum
435 1975 583 2010 incuria
614 1975 894 2009 intereidermzt:
926 1972 1038 2007 Gliris
1070 1971 1324 2006 nominatiuus
1357 1973 1411 2005 est
1442 1970 1503 2004 hic
1533 1969 1605 2015 glis
1632 1980 1705 2003 non

169 2023 252 2068 glir,
278 2024 319 2056 ut
341 2022 491 2065 quidam
514 2021 656 2056 uolunt.
694 2032 781 2055 nam
801 2021 918 2054 Varro
938 2021 978 2054 in
998 2019 1228 2054 admirandis
1250 2019 1304 2053 ait
1325 2040 1368 2044 —
1390 2020 1427 2053 et
1450 2017 1556 2052 Cato
1577 2017 1616 2051 in
1635 2017 1703 2051 ori-

170 2070 319 2115 ginibus
345 2070 361 2087 *
387 2069 403 2087 *
428 2071 457 2113 3,
484 2074 526 2104 ut
551 2071 658 2104 etiam
686 2069 836 2105 Catonis
860 2069 971 2103 uerba
996 2069 1044 2111 fr.
1067 2070 1146 2102 121.

263 2212 368 2268 122,
393 2220 415 2255 8
444 2218 493 2254 In
522 2217 599 2255 cod.
619 2220 708 2264 post
733 2217 803 2265 lup
825 2218 1016 2263 quattuor,
1035 2218 1125 2262 post
1151 2216 1231 2264 lug.
1252 2214 1429 2251 tredecim
1449 2213 1596 2250 litterae
1617 2223 1706 2249 eua-

171 2289 307 2321 nuem,
340 2280 419 2314 {nm
445 2278 617 2324 sequitur
649 2275 695 2313 de
721 2276 858 2326 lingua
885 2275 1027 2313 latina:
1061 2274 1166 2310 alam
1193 2276 1226 2310 et
1253 2285 1286 2320 q.
1306 2285 1335 2311 s.
1374 2275 1413 2310 in
1443 2272 1498 2310 ed.
1525 2271 1706 2309 Danielis

173 2338 264 2374 haec
285 2339 433 2374 exstant
457 2337 594 2384 lupino
620 2336 774 2386 lugium
797 2365 804 2372 .
827 2365 834 2372 .
856 2365 862 2371 .
884 2336 1018 2372 tamen
1037 2333 1164 2370 Varro
1187 2332 1233 2369 de
1259 2333 1284 2369 l.
1306 2332 1344 2379 1.‚
1370 2331 1568 2381 legumine
1593 2331 1706 2374 Roth,

176 2396 286 2433 Thilo

266 2450 371 2504 124,
401 2457 452 2492 12
481 2456 614 2492 orator
638 2454 766 2492 Paris.
818 2466 881 2490 am
907 2454 998 2490 Par.
1027 2455 1113 2490 ante
1139 2463 1237 2488 corr.
1276 2452 1479 2488 oratorum
1505 2449 1706 2486 amtermi-

176 2527 268 2551 num
295 2515 465 2561 Seczliyvr
491 2516 624 2551 arator
649 2514 710 2550 uel
734 2515 902 2550 uruator
919 2512 1016 2549 Roth
1046 2512 1092 2558 cf.
1113 2511 1226 2548 Paul.
1247 2523 1289 2557 p.
1313 2512 1366 2547 17
1381 2510 1441 2547 Μ.
1467 2508 1707 2547 Amtermini

177 2575 246 2622 qui
271 2575 374 2611 cirea
399 2574 588 2610 terminos
614 2572 842 2621 prouinciae
870 2573 1044 2608 manent.

269 2627 374 2682 125,
406 2634 458 2670 14
486 2632 751 2682 dirigerentur
770 2632 810 2669 F
815 2632 862 2669 H
884 2630 1159 2680 derigerentur
1178 2629 1213 2666 L
1250 2628 1471 2678 dirigentur
1499 2627 1584 2665 GE
1615 2626 1707 2664 diri-

179 2691 364 2729 berentur
388 2691 436 2729 L.
457 2692 628 2729 Mueller
678 2704 766 2729 eum
792 2686 898 2728 F²G
