2002 3342
271 191 328 232 46
907 190 1168 233 RELIQVIAE

271 297 352 352 μὲν
386 299 545 353 ἄνδρες
577 299 729 353 εἴησαν
762 299 823 348 εἰς
855 300 1024 353 χιλίους
1050 299 1090 339 οἱ
1119 298 1199 351 τὴν
1226 299 1367 351 ἄκραν
1396 305 1631 354 τηροῦντες
1657 302 1730 343 διὰ
1756 303 1807 344 τὸ

271 363 437 418 μηδένα
469 363 675 418 μηδέποτ’
714 363 769 405 ἂν
804 363 1131 417 ὑπολαμβάνειν
1166 363 1232 404 ὅτι
1263 364 1546 418 κρατούντων
1578 367 1806 420 Καρχηδο-

272 431 382 470 νίων
408 429 567 483 σχεδὸν
594 429 763 482 ἁπάσης
792 427 976 482 Ἰβηρίας
1003 428 1225 482 έπινοήσει
1248 445 1313 478 τις
1333 429 1381 470 τὸ
1402 429 1610 483 παράπαν
1629 434 1806 485 πολιορ-

271 500 401 548 κῆσαι
434 495 598 548 ταύτην
629 496 710 547 τὴν
744 495 888 547 πόλιν,
920 496 968 536 τὸ
997 494 1043 535 δ’
1070 495 1176 536 ἄλλο
1203 497 1375 547 πλῆθος
1402 494 1467 535 ὅτι
1494 496 1608 536 πολὺ
1634 495 1715 549 μὲν
1742 497 1806 551 εἴη

272 560 573 614 διαφερόντως
606 559 653 601 ἐν
679 559 809 614 αὐτῇ,
841 566 930 601 πᾶν
957 557 1005 600 δὲ
1033 560 1353 613 δημιουργικὸν
1379 557 1450 600 καὶ
1483 559 1711 612 βάναυσον
1736 563 1806 603 καὶ

271 625 611 678 θαλαττουργὸν
637 623 709 666 καὶ
729 627 935 667 πλεῖστον
957 624 1119 679 ἀπέχον
1139 628 1375 678 πολεμικῆς
1396 623 1631 678 ἐμπειρίας,
1658 625 1680 667 ὃ
1700 627 1807 667 κατὰ

271 696 347 743 τῆς
379 691 548 739 πόλεως
579 690 887 744 ὑπελάμβανεν
919 685 1053 743 εἶναι,
1091 688 1345 743 παραδόξου
1377 689 1614 743 γενομένης
1653 688 1807 745 ε’πιφα-

233 760 250 792 f
273 757 403 804 νείας.
442 754 513 796 καὶ
541 756 627 809 μὴν
655 753 758 797 οὐδὲ
785 756 865 808 τὴν
891 754 1022 796 θέσιν
1047 761 1122 808 τῆς
1143 755 1430 809 Καρχηδόνος
1456 752 1560 796 οὐδὲ
1580 757 1661 808 τὴν
1681 771 1808 797 κατα-

272 821 433 873 σκευὴν
455 820 560 861 οὐδὲ
579 821 661 874 τὴν
680 827 756 874 τῆς
775 821 1065 874 περιεχούσης
1086 820 1224 874 αὐτὴν
1244 821 1399 874 λίμνης
1420 820 1625 861 διάθεσιν
1642 821 1806 875 ἠγνόει,

272 886 344 927 διὰ
379 885 430 927 δέ
459 901 594 926 τινων
622 885 780 926 ἀλιέων
806 893 895 926 τῶν
922 883 1274 938 ἕνειργασμένων
1306 892 1398 934 τοῖς
1426 886 1575 934 τόποις
1602 884 1807 940 ε’ξητάκει,

273 951 387 992 διότι
420 952 621 992 καθόλου
655 950 735 1004 μέν
768 950 858 992 ἐστι
891 951 1140 1003 τεναγώδης
1167 950 1192 1004 ἡ
1222 952 1350 1004 λίμνη
1383 949 1455 991 καὶ
1481 952 1592 1003 βατὴ
1625 951 1732 992 κατὰ
1759 952 1807 993 τὸ

271 1019 492 1067 πλεῖστον,
520 1016 576 1064 ὡς
604 1014 643 1057 δ’
669 1014 739 1057 ἐπὶ
765 1017 813 1057 τὸ
840 1017 954 1056 πολὺ
982 1016 1053 1056 καὶ
1079 1017 1251 1069 γίνεταί
1274 1031 1340 1064 τις
1366 1015 1554 1069 τοσαύτη
1584 1015 1809 1070 ἀποχώρη-

277 1093 344 1130 σις
376 1079 477 1122 καθ’
510 1079 676 1135 ἡμέραν
709 1080 778 1122 ἐπὶ
812 1081 963 1134 δείλην
996 1080 1139 1131 ὀψίαν.
1183 1080 1224 1130 ἐξ
1252 1077 1315 1122 ὧν
1342 1081 1715 1134 συλλογισάμενος
1743 1081 1808 1122 ὅτι

272 1148 568 1200 καθικόμενος
602 1146 681 1200 μὲν
713 1152 789 1199 τῆς
822 1145 1029 1199 ἐπιβολῆς
1056 1146 1109 1187 οὐ
1141 1147 1280 1201 μόνον
1306 1146 1465 1199 βλάψει
1492 1148 1595 1195 τοὺς
1620 1145 1809 1187 ὑπεναν-

272 1213 407 1263 τίους,
429 1211 537 1252 ἀλλὰ
563 1211 635 1252 καὶ
660 1220 753 1260 τοῖς
780 1210 1007 1265 σφετέροις
1033 1211 1255 1264 πράγμασι
1282 1213 1476 1265 μεγάλην
1503 1210 1704 1253 ἐπίδοσιν
1729 1225 1809 1252 πα-

274 1276 555 1330 ρασκευάσει,
592 1277 817 1318 διαπεσὼν
853 1274 900 1318 δὲ
935 1282 1010 1329 τῆς
1044 1276 1299 1329 προθέσεως
1336 1277 1401 1318 ὅτι
1438 1277 1622 1318 δύναται
1656 1274 1810 1333 σῴζειν

274 1343 377 1390 τοὺς
409 1341 791 1396 ὑποταττομένους
825 1342 897 1383 διὰ
924 1342 971 1382 τὸ
1005 1344 1394 1397 θαλαττοκρατεῖν,
1427 1341 1504 1383 ἐὰν
1531 1340 1640 1391 ἅπαξ
1668 1341 1809 1395 ἀσφα-

274 1409 446 1461 λίσηται
475 1408 554 1460 τὴν
580 1408 924 1461 στρατοπεδείαν
951 1405 1100 1462 (τοῦτο
1129 1405 1166 1448 δ’
1192 1404 1248 1461 ἧν
1275 1407 1447 1461 εὐχερὲς
1474 1407 1546 1448 διὰ
1569 1407 1618 1448 τὸ
1638 1407 1810 1461 μακρὰν

274 1472 556 1514 ἀπεσπάσθαι
588 1473 662 1521 τὰς
697 1480 786 1514 τῶν
820 1472 1098 1514 ὑπεναντίων
1137 1471 1387 1529 δυνάμεις),
1419 1472 1558 1521 οὕτως
1594 1471 1811 1527 ἀφέμενος

225 1100 249 1132 (12

274 1546 362 1579 τῶν
395 1539 542 1579 ἄλλων
574 1538 673 1591 περὶ
706 1538 871 1591 ταύτην
904 1537 1072 1591 ἐγίνετο
1105 1539 1186 1592 τὴν
1211 1539 1493 1592 παρασκευὴν
1522 1536 1571 1579 ἐν
1596 1543 1647 1592 τῇ
1673 1551 1809 1590 παρα-

276 1605 489 1659 χειμασίᾳ.
530 1607 582 1652 (e.
604 1606 661 1653 9.)
690 1602 761 1644 καὶ
782 1603 947 1656 ταύτην
967 1601 1078 1657 ἔχων
1099 1604 1178 1656 τὴν
1201 1603 1411 1657 ἐπιβολὴν
1431 1602 1502 1644 καὶ
1523 1603 1602 1656 τὴν
1622 1602 1810 1656 ἡλικίαν,

275 1669 331 1723 ἣν
351 1669 510 1721 ἀρτίως
531 1666 644 1721 εἶπα,
665 1668 832 1717 πάντας
853 1667 1134 1722 ἀπεκρύψατο
1156 1667 1289 1723 χωρὶς
1302 1670 1439 1710 Γαΐου
1461 1669 1664 1721 Λαιλίου,
1685 1666 1811 1722 μέχρι

274 1735 409 1776 πάλιν
437 1734 567 1783 αὐτὸς
593 1731 739 1788 ἔκρινε
766 1734 963 1788 φανερὸν
988 1741 1143 1775 ποιεῖν.

226 1806 251 1839 h
374 1800 557 1848 Τούτοις
590 1799 638 1840 δὲ
670 1806 763 1847 τοῖς
796 1797 1070 1852 ἐκλογισμοΐς
1104 1799 1424 1853 ὁμολογοῦντες
1451 1800 1496 1840 οἱ
1527 1804 1810 1853 συγγραφεῖς,

276 1864 384 1906 ὅταν
418 1863 487 1906 ἐπὶ
514 1865 561 1906 τὸ
594 1864 717 1913 τέλος
744 1861 909 1905 ἔλθωσι
937 1870 1011 1917 τῆς
1036 1863 1249 1918 πράξεως,
1284 1864 1364 1906 οὐκ
1391 1861 1476 1906 οἷδ’
1501 1864 1617 1913 ὅπως
1643 1863 1724 1904 οὐκ
1751 1865 1811 1912 εἰς
1832 1882 1846 1905 ⁴2

276 1931 355 1971 τὸν
382 1930 524 1983 ἄνδρα
550 1928 622 1970 καὶ
649 1930 729 1983 τὴν
755 1931 914 1971 τούτου
940 1930 1170 1981 πρόνοιαν,
1198 1931 1261 1979 εἰς
1288 1930 1336 1971 δὲ
1356 1932 1459 1979 τοὺς
1479 1931 1614 1978 θεοὺς
1638 1928 1711 1970 καὶ
1730 1929 1810 1982 τὴν

276 1997 413 2050 τύχην
441 1994 717 2049 ἀναφέρουσι
743 1995 792 2036 τὸ
815 1995 997 2048 γεγονὸς
1017 1997 1296 2048 κατόρθωμα,
1324 1994 1394 2036 καὶ
1416 2001 1552 2036 ταῦτα
1572 1992 1704 2049 χωρὶς
1723 2001 1812 2035 τῶν

275 2062 460 2102 εἰκότων
492 2061 564 2102 καὶ
598 2067 674 2114 τῆς
712 2068 800 2101 τῶν
840 2062 1208 2113 συμβεβιωκότων
1243 2064 1486 2115 μαρτυρίας
1520 2059 1593 2102 καὶ
1630 2060 1703 2100 διὰ
1737 2065 1812 2112 τῆς

276 2124 506 2179 ἐπιστολῆς
538 2132 613 2179 τῆς
645 2126 754 2179 πρὸς
786 2126 863 2166 τὸν
893 2127 1117 2167 Φίλιππον
1150 2126 1286 2167 αὐτοῦ
1319 2132 1397 2167 τοῦ
1425 2127 1630 2167 Ποπλίου
1662 2132 1812 2178 σαφῶς

276 2191 591 2244 ε’κτεθεικότος,
613 2191 679 2232 ὅτι
701 2191 874 2240 τούτοις
893 2198 984 2240 τοῖς
1005 2190 1280 2245 έκλογισμοῖς
1300 2192 1584 2245 χρησάμενος,
1606 2184 1672 2239 οἷς
1691 2190 1812 2244 ἡμεῖς

277 2256 500 2311 ἀνώτερον
522 2255 878 2309 ε’ξελογισάμεθα,
899 2258 1097 2297 καθόλου
1120 2272 1163 2298 τε
1184 2264 1276 2306 τοῖς
1297 2257 1344 2297 έν
1380 2255 1539 2311 Ἰβηρίᾳ
1558 2256 1812 2310 πράγμασιν

277 2321 530 2376 ε’πιβάλοιτο
557 2320 629 2363 καὶ
656 2322 764 2363 κατὰ
790 2321 920 2376 μέρος
947 2330 995 2378 τῇ
1024 2328 1098 2375 τῆς
1128 2321 1411 2376 Καρχηδόνος
1437 2322 1680 2376 πολιορκία.

370 2434 391 2469 3
421 2429 612 2481 ἐπινοήσῃ
638 2432 769 2469 Vrbin.
793 2433 881 2469 libri
900 2443 972 2470 rec.
994 2443 1089 2470 corr.
1110 2433 1256 2480 Remus
1345 2433 1396 2469 12
1424 2429 1505 2482 τρὶς
1526 2431 1575 2467 Ε.
1596 2429 1753 2468 Schulze

277 2491 445 2540 τοσαύτη
467 2492 555 2528 libri
589 2489 710 2541 αὐτῆς
724 2491 910 2528 Bevsclfr
942 2491 1139 2540 θαλάττης
1161 2492 1219 2528 uel
1243 2490 1383 2536 ὕδατος
1396 2490 1571 2533 Hedz‘sclz,
1593 2492 1633 2527 at
1651 2490 1700 2536 cf.
1719 2489 1812 2526 Lizc.

277 2552 478 2593 „26‚45.8:
504 2551 924 2599 septemtrio—adeo
945 2551 1168 2588 nudauerat
1181 2550 1298 2597 uada,
1319 2553 1363 2587 ut
1384 2549 1478 2587 alibi
1491 2548 1678 2586 umbilico
1697 2550 1813 2586 tenus

278 2624 381 2658 aqua
403 2612 516 2656 esset,
543 2609 640 2646 alibi
660 2622 788 2660 genua
807 2611 876 2647 uix
897 2612 1112 2658 superaret.
1203 2611 1254 2647 13
1283 2607 1360 2647 ὑπὸ
1385 2609 1525 2647 Rcz'ske
1573 2611 1663 2655 post
1688 2604 1812 2656 ὀψίαν

276 2670 415 2707 Reislce
442 2669 530 2706 aad.
571 2667 665 2707 ὥστε
691 2668 759 2706 τὸν
785 2668 1030 2719 βουλόμενον
1057 2669 1175 2722 ταύτῃ
1202 2666 1388 2718 ἀσφαλῶς
1413 2667 1511 2719 πρὸς
1537 2666 1577 2705 τὸ
1598 2670 1719 2716 τεῖχος
1738 2680 1812 2704 πα-

278 2727 403 2778 ριέναι
429 2727 628 2766 δύνασθαι
654 2729 734 2765 coll.
756 2740 784 2766 C.
810 2730 875 2773 14,
892 2730 946 2766 13
1063 2730 1126 2767 15.
1151 2728 1202 2765 16
1230 2727 1539 2777 παρασκευάσειν
1562 2727 1693 2764 Vrbioi.

280 2790 331 2827 21
362 2786 449 2838 ἕχον
471 2787 603 2825 Vrbin.
716 2789 768 2825 23
797 2783 933 2838 πάλιν]
960 2793 1079 2825 πᾶσιν
1106 2788 1199 2826 coni.
1219 2788 1386 2826 Casaub.
1490 2787 1542 2824 28
1571 2783 1813 2836 συμβεβηκό·

278 2862 356 2885 των
382 2847 471 2884 libri
497 2858 593 2884 corr.
616 2847 744 2885 Vrsiw.

1829 904 1866 929 10

1831 1229 1866 1255 15

1832 2207 1870 2233 30
