2002 3342
253 249 330 279 XIV
814 233 1217 269 PROLEGOMENON

249 353 342 404 poni
370 352 513 391 desitas
534 364 632 402 esse,
659 353 711 390 ita
733 358 874 402 tamen,
901 357 944 389 ut
963 363 1037 389 nec
1058 352 1154 389 citra
1182 363 1213 389 a.
1238 348 1332 389 132.
1360 348 1446 390 622
1468 350 1685 389 subsistere
1705 362 1779 389 nec

248 417 350 456 ultra
375 430 405 456 a.
426 415 519 456 114.
541 415 627 455 640
649 418 807 467 euagari
827 417 1033 467 possimus.
1074 415 1138 454 illo
1161 417 1266 454 enim
1288 428 1388 454 anno
1408 415 1447 454 P.
1470 415 1645 454 Licinius
1666 414 1779 454 Cras-

250 495 317 521 sus
344 483 566 532 Mucianus,
593 483 660 533 qui
686 482 860 532 pontifex
888 494 986 519 max.
1015 480 1054 519 L.
1077 480 1258 519 Cornelio
1286 480 1460 531 Scipioni
1486 480 1650 519 Nasicae
1677 493 1778 519 anno

248 549 426 598 proximo
447 547 628 597 Pergami
655 552 808 585 mortuo
831 551 1086 595 successerat,
1108 545 1153 584 ab
1175 546 1395 584 Aristonico
1415 546 1545 584 uictus
1567 551 1604 584 et
1624 546 1779 584 occisus

250 617 320 663 est,
346 613 419 651 hoc
448 608 564 665 (114.
586 608 692 666 640)
721 613 796 650 iam
825 611 864 650 L.
890 610 1068 649 Metellus
1095 610 1333 649 Delmaticus
1358 611 1588 661 pontificum
1615 610 1779 660 collegio

248 673 478 730 praee1·at.²)
500 676 603 728 quod
618 689 713 715 uero
729 676 767 714 P.
780 676 932 714 Mucius
948 677 1195 727 potissimum
1210 675 1268 713 illi
1283 675 1560 714 consuetudini
1574 676 1691 714 finem
1707 677 1778 713 im-

247 744 389 793 posuit,
403 743 550 780 ciuium
566 742 877 792 expectationem
896 753 1074 791 nouaque
1092 740 1354 791 cognoscendi
1369 740 1542 779 studium
1561 740 1646 779 aliis
1662 742 1779 778 ratio-

248 807 364 845 nibus
386 807 536 858 expleri
556 806 825 857 iudiciumque
847 807 1031 857 occupari
1052 805 1297 844 intellexerat
1325 801 1551 858 (Hulleman
1573 818 1608 856 p.
1622 804 1676 844 41
1695 818 1779 856 sqq.

248 871 399 910 Teuffel
426 873 562 911 Boem.
584 873 835 920 Literatury.
858 884 892 922 p.
911 869 1006 909 120.
1035 870 1241 909 Cichorius
1262 870 1284 909 l.
1307 883 1335 909 S.
1359 883 1389 908 c.
1405 867 1541 924 2251)
1569 872 1778 909 auctorita-

247 942 405 988 temque
433 937 653 975 tabularum
680 938 871 975 minutam
900 949 986 975 esse
1014 937 1215 987 magisque
1241 937 1383 986 minui,
1415 948 1490 986 quo
1518 935 1687 974 celerius
1714 947 1779 973 res

246 1002 419 1041 urbanae
448 1003 659 1040 factionum
687 1001 968 1052 cupiditatibus
996 1006 1348 1052 corrumperentur
1373 1007 1411 1039 et
1435 1013 1508 1052 per
1526 1000 1666 1039 urbem
1692 1000 1778 1039 uul-

248 1072 446 1117 garentur.
499 1066 603 1118 quod
644 1068 728 1118 ipse
764 1072 900 1105 uetera
940 1071 1191 1105 monumenta
1230 1079 1276 1104 ex
1312 1065 1457 1104 tablino
1500 1067 1541 1104 in
1576 1065 1779 1117 publicum

248 1131 380 1183 edidit,
409 1132 589 1171 diuersae
617 1144 754 1170 causae
778 1134 817 1170 in
838 1138 1010 1170 mentem
1030 1132 1206 1170 ueniunt.
1246 1131 1408 1169 forsitan
1430 1130 1582 1169 Mucius
1602 1130 1779 1181 indigna-

248 1203 327 1248 tus,
360 1197 463 1248 quod
491 1197 711 1236 tabularum
745 1201 875 1235 textus
902 1197 941 1235 in
969 1196 1132 1245 tablino,
1164 1195 1232 1234 ubi
1265 1195 1429 1234 aliorum
1461 1197 1552 1234 usui
1584 1195 1779 1247 patebant,

248 1274 267 1299 a
283 1263 458 1312 gentium
474 1262 769 1301 ambitiosarum
785 1261 947 1300 libidine
970 1261 1126 1300 defendi
1146 1273 1223 1299 non
1244 1266 1417 1312 possent,
1438 1273 1504 1299 eos
1519 1262 1631 1312 quasi
1650 1262 1780 1312 ponti-

248 1327 365 1365 ficum
399 1329 631 1366 auctoritate
668 1332 823 1365 sanctos
857 1327 1031 1365 omnium
1065 1327 1279 1376 cognitioni
1314 1338 1534 1377 proponere
1570 1325 1778 1376 simulque,

247 1404 362 1442 quam
391 1392 556 1430 obnoxia
587 1393 693 1443 regia
720 1391 892 1430 incendii
913 1391 1101 1442 periculis
1131 1396 1237 1429 esset
1265 1396 1449 1441 expertus
1475 1391 1575 1429 hanc
1600 1395 1779 1429 ueterem

246 1459 477 1496 memoriam
504 1457 741 1508 publicatam
769 1469 929 1495 seruare
958 1461 1006 1506 et,
1032 1461 1076 1494 ut
1103 1457 1219 1494 etiam
1246 1456 1307 1494 ius
1335 1455 1451 1494 ciuile
1474 1468 1519 1494 ex
1547 1457 1781 1506 antiquitate

247 1522 545 1561 auctoritatibus
573 1523 751 1573 repetitis
779 1521 972 1572 fundauit,
1000 1521 1104 1560 idem
1132 1521 1319 1559 historiae
1345 1522 1603 1560 incrementis
1629 1520 1778 1559 libello-

246 1599 413 1638 rumque
446 1587 726 1638 cupiditatibus
760 1592 798 1625 et
831 1588 1003 1625 inuentis
1037 1587 1308 1625 auctoritatem
1340 1592 1521 1625 ueterum
1547 1586 1778 1637 pontificum

246 1665 444 1703 opponere
470 1649 690 1706 uoluerit.²)

336 1717 412 1756 Sed
445 1730 715 1768 quaecumque
748 1717 865 1756 huius
899 1718 956 1755 rei
984 1729 1100 1755 causa
1127 1716 1216 1767 suit,
1250 1716 1323 1755 alia
1360 1715 1569 1755 difficultas
1602 1716 1782 1755 oboritur

246 1784 484 1833 octoginta
506 1782 569 1820 lib
581 1795 738 1821 rorum
759 1781 1022 1832 multitudine,
1037 1783 1077 1820 in
1093 1794 1190 1833 quos
1205 1794 1354 1820 annuos
1371 1783 1674 1820 commentarios
1690 1778 1732 1835 (i.
1745 1794 1780 1820 e.

245 1844 416 1902 tabulas)
445 1848 589 1886 relatos
611 1860 697 1886 esse
719 1848 883 1886 Seruius
917 1852 1094 1897 testatur,
1122 1859 1301 1898 magnam
1328 1846 1461 1885 hercle
1484 1846 1676 1885 librorum
1696 1858 1779 1884 mo-

246 1913 339 1965 lem3
360 1925 449 1951 nam
465 1913 601 1952 Liuius
620 1912 725 1951 idem
747 1912 829 1951 fere
850 1913 1039 1963 temporis
1061 1913 1231 1963 spatium
1253 1913 1453 1962 sexaginta
1468 1910 1778 1962 comprehendit.

244 1980 375 2029 itaque
408 1978 580 2017 Mucium
615 1978 680 2017 uel
716 1979 779 2017 cui
816 1977 975 2016 annales
1010 1977 1158 2028 publici
1192 1978 1292 2024 iuris
1332 1976 1531 2015 faciendos
1566 1975 1782 2027 mandauit,

245 2045 363 2082 etiam
395 2056 458 2082 res
491 2045 532 2082 in
566 2043 796 2095 ampliorem
832 2042 992 2081 modum
1033 2043 1187 2081 auxisse
1222 2047 1259 2080 et
1295 2054 1505 2081 exornasse
1533 2047 1779 2093 sequeretur,

245 2108 348 2160 quod
375 2122 395 2147 a
421 2108 694 2160 probabilitate
721 2108 932 2147 abhorrere
960 2120 1049 2146 cum
1075 2107 1189 2146 multi
1213 2106 1419 2157 uidissent,
1449 2108 1580 2145 uarias
1606 2108 1782 2145 rationes

245 2175 585 2225 excogitauerunt,
620 2173 762 2225 quibus
790 2186 879 2212 eum
906 2185 1116 2211 numerum
1143 2172 1396 2223 explicarent.
1437 2172 1548 2211 uelut
1574 2171 1781 2211 Cichorius

246 2235 289 2293 (l.
317 2252 345 2278 s.
379 2252 410 2277 c.
439 2235 572 2293 2254)
614 2241 720 2290 ipsos
757 2238 988 2289 pontificum
1034 2238 1154 2276 fastos
1195 2237 1378 2276 omnibus
1425 2237 1562 2276 diebus
1613 2236 1780 2288 expletis

244 2305 285 2343 in
319 2304 407 2343 illos
442 2304 564 2342 libros
601 2309 780 2355 receptos
817 2315 904 2342 esse
941 2304 1130 2354 coniecit,
1163 2315 1261 2354 quae
1297 2304 1429 2353 opinio
1464 2315 1536 2354 per
1567 2314 1609 2341 se
1641 2314 1781 2353 parum

243 2369 458 2421 probabilis
492 2364 589 2423 (uid.
619 2369 751 2407 Soltau
784 2381 819 2419 p.
842 2364 970 2422 259),
1007 2369 1041 2406 si
1077 2373 1184 2406 recte
1221 2368 1340 2406 fastos
1377 2367 1423 2406 ab
1460 2367 1664 2406 annalibus
1700 2379 1779 2405 ma-

244 2436 360 2473 ximis
394 2435 683 2486 separauimus,
721 2433 912 2483 concidit,
944 2432 1151 2472 Hulleman
1189 2439 1318 2471 autem
1353 2428 1407 2485 (p.
1429 2428 1505 2487 51)
1543 2434 1660 2471 etiam
1691 2437 1782 2483 post

243 2499 283 2538 P.
305 2499 478 2538 Mucium
501 2499 660 2538 annales
682 2512 702 2538 a
722 2498 976 2550 pontificibus
996 2510 1122 2549 usque
1145 2497 1191 2536 ad
1212 2498 1339 2536 Verrii
1359 2497 1489 2537 Flacci
1510 2497 1591 2536 fere
1612 2502 1780 2536 aetatem

340 2626 372 2669 1)
398 2625 481 2661 Vid.
498 2625 534 2659 C.
549 2624 666 2659 Bai-dt
692 2625 765 2659 Die
786 2624 945 2659 Priester
964 2624 1027 2658 der
1045 2626 1120 2659 vier
1139 2635 1285 2669 yrossen
1308 2624 1485 2669 Colleyien
1505 2634 1573 2658 aus
1592 2623 1779 2658 roemisch-

242 2679 573 2723 republikam'scher
598 2679 687 2712 Zeit.
726 2677 851 2722 Progr.
873 2689 998 2722 gymn.
1019 2677 1138 2711 Berol.
1161 2676 1258 2711 Guil.
1282 2680 1370 2710 1871
1398 2689 1433 2721 p.
1449 2681 1468 2710 5
1484 2687 1562 2720 sqq.
1606 2676 1782 2710 Muenzer

244 2733 290 2768 R.
311 2732 359 2767 E.
385 2731 435 2765 IV
462 2742 491 2765 C.
508 2734 609 2765 1504.

338 2786 372 2829 2)
399 2784 531 2818 Paucis
566 2783 672 2818 annis
706 2785 792 2818 ante
825 2786 918 2828 (148.
947 2784 1027 2827 606)
1059 2787 1166 2818 uasto
1197 2783 1366 2818 incendio
1398 2782 1536 2817 Romae
1566 2793 1647 2817 cum
1677 2783 1778 2827 reyia

243 2849 379 2883 quoque
405 2842 581 2879 ureretur,
605 2838 812 2872 sacrarium
838 2841 870 2872 et
894 2848 938 2871 ex
963 2836 1107 2871 duabus
1135 2838 1252 2871 altera
1271 2836 1401 2870 laurus
1421 2847 1464 2871 ex
1483 2836 1610 2870 mediis
1632 2836 1781 2881 iynibus

243 2891 446 2927 inuiolatae
472 2892 686 2926 eoestiterunt
711 2889 859 2935 (Obseq.
883 2891 950 2934 19).
989 2889 1073 2924 Vid.
1095 2889 1235 2924 Jordan
1265 2890 1417 2934 Topoyr.
1443 2888 1499 2923 12
1525 2900 1559 2933 p.
1575 2891 1643 2922 426
1658 2900 1711 2932 sq.
