2002 3342
634 174 659 209 1.
686 174 750 208 DE
777 174 1054 208 ANNALIBVS
1082 175 1286 209 MAxiMis
1616 191 1728 220 xxm<

195 299 299 325 nunc
326 299 411 325 esse
440 287 638 324 cernimus
667 287 770 324 inter
791 284 941 323 tabulas
962 285 1166 335 paschales
1188 285 1388 323 adnotatas
1411 292 1459 336 et,
1488 293 1527 324 ut
1551 287 1725 338 exempla

195 352 417 401 afferamus,
444 350 603 389 annales
631 350 1018 398 Quedlinburgenses
1047 355 1083 388 et
1112 347 1524 404 llildesheimenses.¹)

284 416 427 455 Verum
453 421 596 465 tamen,
623 421 665 454 ut
691 421 824 453 nostra
846 415 1008 453 historia
1030 414 1076 453 ad
1098 414 1274 453 altiorem
1298 415 1461 464 gradum
1484 417 1726 466 escenderet,

195 482 338 520 sactum
367 487 426 519 est
453 493 588 519 eorum
616 480 813 519 annalium
842 479 1002 530 auxilio,
1039 481 1106 530 qui
1135 480 1271 518 (larolo
1299 480 1436 531 Magno
1470 487 1646 532 auctore,
1685 489 1727 520 ut

195 547 351 597 imperii
367 546 488 597 gloria
504 552 725 596 augeretur,
742 545 1022 595 condebantur,
1037 547 1208 596 primum
1225 546 1503 585 Laurissenses
1519 544 1726 600 (maiores)

195 613 262 662 qui
296 611 491 662 dicuntur,
525 617 607 649 tum
641 610 687 649 ab
720 610 917 649 Einhardo
949 610 1013 649 uel
1047 612 1226 662 quisquis
1266 611 1352 649 illos
1387 612 1514 650 Caroli
1552 612 1727 663 publicos

194 676 354 715 annales
376 677 621 727 conscripsit,
649 675 695 714 ab
723 688 780 726 eo,
807 676 855 714 ad
882 677 994 714 cuius
1022 678 1294 715 auctoritatem
1322 677 1482 715 annales
1509 677 1727 716 Bertiniani

194 741 392 780 referendi
419 747 520 788 sunt,
549 754 567 779 a
589 741 802 780 Prudentio
824 743 1008 792 episcopo
1030 741 1263 792 Turonensi,
1291 741 1460 793 denique
1482 756 1500 781 a
1526 743 1727 781 monachis

194 803 513 860 Fuldeusibus.‘“’)
559 807 623 845 hic
661 808 765 845 enim
800 819 1036 857 quamquam
1069 808 1194 857 prima
1227 807 1415 845 historiae
1451 807 1511 845 lex
1548 809 1726 846 ueritatis

193 871 368 923 neglecta
397 877 435 910 et
461 873 711 922 imperatoris
739 871 844 910 laudi
870 871 1089 922 posthabita
1118 878 1188 922 est,
1215 877 1346 910 tamen
1368 872 1504 911 relicta
1525 873 1589 910 illa
1619 873 1726 912 tabu-

192 936 318 975 larum
350 937 592 988 paschalium
621 938 797 976 siccitate
826 942 864 976 et
891 936 1062 975 exilitate
1095 937 1296 988 paullatim
1330 937 1494 976 liberius
1528 944 1566 976 et
1598 940 1726 989 copio-

192 1003 274 1041 sius
308 1002 471 1041 historia
504 1004 663 1053 euagari
702 1003 847 1054 coepit,
881 1002 984 1040 unde
1025 1003 1143 1041 etiam
1183 1002 1239 1040 illi
1278 1003 1483 1053 historiae,
1521 1017 1619 1054 quae
1654 1004 1726 1042 alia

192 1069 342 1106 ratione
369 1080 446 1106 non
473 1067 603 1106 habita
630 1067 731 1106 solas
759 1080 822 1106 res
850 1068 1061 1106 memoriae
1084 1067 1311 1118 tradiderat,
1338 1069 1464 1106 maior
1485 1075 1544 1107 est
1571 1069 1726 1107 additus

191 1145 322 1171 sonus.

277 1197 353 1236 Sed
379 1203 423 1236 ut
449 1197 552 1249 apud
580 1210 649 1236 nos
677 1199 951 1249 imperatores,
980 1200 1037 1237 sic
1064 1198 1165 1249 apud
1192 1198 1387 1237 Romanos
1416 1198 1582 1237 familiae
1610 1212 1726 1250 quae-

192 1262 280 1301 dam
312 1262 464 1302 nobiles
501 1265 576 1313 eis,
615 1276 715 1315 quae
748 1263 795 1302 ad
830 1264 1061 1302 memoriam
1098 1263 1257 1302 laudum
1295 1263 1599 1302 domesticarum
1636 1277 1725 1303 con-

191 1330 449 1380 scripserant,
491 1334 610 1367 totam
645 1329 778 1380 populi
811 1330 872 1368 sui
904 1329 1110 1368 historiam
1143 1330 1312 1368 maxime
1345 1329 1532 1368 adiuuere
1566 1335 1603 1368 et
1638 1343 1726 1381 pro-

191 1406 364 1432 mouere.
408 1393 453 1432 de
480 1393 541 1432 his
569 1396 862 1433 commentariis
889 1407 993 1433 nunc
1019 1394 1200 1446 pluribus
1228 1400 1287 1433 est
1314 1394 1606 1446 disputandum.

289 1522 320 1564 1)
347 1519 508 1554 Monum.
536 1519 586 1554 III
612 1532 646 1564 p.
669 1524 820 1555 22—90.
857 1542 901 1546 —
936 1520 1099 1555 Menum.
1126 1521 1175 1555 III
1200 1533 1235 1565 p.
1258 1524 1433 1555 22-116.
1486 1520 1531 1555 ef.
1553 1520 1726 1556 Watten-

190 1573 286 1608 bach
315 1574 659 1618 Geschz'chtsquellen
686 1573 718 1608 1⁷
744 1586 778 1618 p.
801 1577 867 1608 377
885 1586 964 1618 sqq.
993 1577 1071 1608 384.

287 1628 321 1671 2)
348 1626 386 1660 L.
401 1626 531 1660 Ranke
552 1628 630 1662 Zur
644 1628 771 1662 Kritz'k
783 1627 1173 1672 frcinkiseh-deutseher
1188 1628 1527 1663 Reichsannalisten
1558 1627 1665 1672 Oper.
1682 1628 1726 1661 LI

189 1692 222 1725 p.
247 1685 313 1714 115
330 1692 408 1724 sqq.
448 1679 699 1715 Watteubaeh
726 1681 758 1714 1⁷
783 1693 818 1725 p.
840 1684 908 1714 210
923 1692 1001 1724 sqq.
1030 1685 1096 1715 277
1113 1693 1165 1724 sq.
1193 1685 1261 1714 ‘244
1277 1693 1355 1725 sqq.
