2002 3342
606 660 655 713 Q.
682 658 910 705 FABIVS
943 654 1216 721 PICTOR1)

232 774 422 824 Princeps
460 772 659 811 Pictorum
700 783 917 822 cognomen
956 772 1109 809 inuenit
1148 770 1187 810 C.
1219 769 1381 820 Fabius,
1419 770 1539 808 Marci
1576 769 1679 809 filius

143 837 259 892 (Plin.
281 835 350 889 35,
380 834 471 889 19),
504 837 613 887 inde,
647 836 750 887 quod
783 837 954 888 parietes
988 836 1096 874 aedis
1130 835 1293 886 Salutis,
1327 847 1443 886 quam
1478 834 1516 873 C.
1545 835 1680 873 Iunius

144 903 278 943 consul
306 903 408 942 bello
434 903 667 942 Samnitium
696 901 817 940 altero
845 914 876 939 a.
899 898 996 940 302.
1017 899 1104 940 452
1133 901 1397 951 dedicauerat,
1424 901 1551 951 pinxit
1579 913 1679 938 anno

142 968 252 1007 urbis
292 968 470 1007 conditae
510 967 666 1006 CCCCL
705 962 803 1020 (Cic.
831 966 945 1005 Tusc.
977 964 1013 1017 1,
1045 964 1084 1017 2,
1111 964 1149 1004 4.
1198 966 1322 1005 Valer.
1350 965 1447 1003 Max.
1476 963 1514 1016 8,
1550 963 1616 1014 14,
1643 964 1680 1003 6.

143 1034 240 1072 Plin.
267 1033 290 1072 l.
319 1029 424 1087 S.).²)
476 1034 561 1072 eius
611 1032 707 1071 duos
746 1033 929 1070 nouimus
976 1031 1096 1082 filios,
1135 1044 1258 1070 unum
1299 1030 1438 1069 Gaium
1480 1031 1681 1069 consulem

143 1100 234 1138 anni
262 1096 360 1138 269.
387 1096 492 1149 485,
531 1098 698 1136 alterum
732 1097 965 1136 Numerium
997 1097 1199 1136 consulem
1234 1110 1264 1135 a.
1294 1094 1392 1136 266.
1420 1093 1525 1146 488,
1564 1108 1681 1146 quem

144 1164 281 1203 eodem
309 1177 409 1202 anno
436 1165 608 1215 primum
639 1162 683 1201 de
713 1162 999 1213 Sarsinatibus,
1034 1162 1175 1201 deinde
1210 1162 1256 1201 de
1285 1161 1511 1200 Sallentinis
1537 1160 1681 1199 Messa-

142 1231 298 1281 piisque
330 1229 595 1279 triumphasse
630 1233 713 1266 acta
748 1227 1001 1278 triumphalia
1035 1227 1252 1279 Capitolina
1284 1232 1482 1265 testantur
1511 1222 1619 1276 (C.1.
1641 1226 1681 1264 L.

143 1291 178 1333 1²
203 1307 238 1345 p.
260 1290 350 1348 46).
395 1294 537 1332 horum
571 1293 760 1332 alteruter
791 1292 856 1331 uel
890 1294 921 1330 si
956 1294 1044 1344 quis
1083 1294 1225 1331 tertius
1264 1304 1399 1331 eorum
1440 1292 1513 1330 suit
1551 1291 1683 1340 frater,

143 1364 255 1411 pater
281 1365 357 1410 aut,
385 1360 419 1397 si
440 1360 633 1398 rationem
655 1371 674 1396 a
696 1358 753 1397 Du
774 1358 873 1396 Rieu
897 1371 934 1409 p.
953 1355 1036 1397 152
1062 1359 1199 1396 initam
1221 1358 1412 1408 sequeris,
1441 1369 1538 1395 auus
1560 1357 1683 1394 fuisse

144 1424 303 1463 uidetur
323 1424 365 1470 Q.
382 1424 492 1463 Fabii
512 1424 691 1473 Pictoris,
719 1424 898 1462 historici
920 1425 1096 1462 omnium
1116 1423 1379 1461 Romanorum
1405 1422 1683 1473 antiquissimi,

145 1502 262 1541 quem
302 1491 533 1541 cognatione
578 1502 667 1527 cum
707 1488 942 1527 Cunctatore
990 1490 1245 1527 coniunctum
1290 1488 1411 1526 fuisse
1450 1487 1684 1525 Plutarchus

146 1551 255 1608 (Fab.
280 1552 372 1609 18),
408 1554 698 1593 nobilissimum
732 1556 865 1592 uirum
900 1553 1037 1593 Cicero
1071 1553 1113 1607 (l.
1136 1550 1204 1607 s),
1244 1558 1466 1592 senatorem
1500 1551 1684 1603 Polybius

147 1616 205 1673 (3,
233 1618 271 1671 9,
292 1616 338 1674 4)
369 1620 474 1659 dicit.
514 1619 627 1659 Hunc
647 1619 880 1658 historicum
909 1624 1016 1658 certo
1044 1619 1158 1657 nobis
1186 1624 1246 1658 est
1266 1618 1454 1657 traditum
1476 1617 1522 1656 ab
1544 1617 1683 1655 Orosio

145 1691 184 1724 et
210 1685 396 1736 Eutropio
422 1684 499 1736 uel,
526 1685 559 1723 si
587 1697 723 1723 eorum
751 1684 898 1722 fontem
921 1696 1170 1723 communem
1191 1685 1362 1735 quaeris,
1391 1696 1410 1721 a
1432 1682 1556 1732 Liuio,
1582 1682 1684 1721 bello

145 1751 384 1801 interfuisse,
412 1749 515 1801 quod
538 1762 569 1788 a.
585 1747 682 1788 225.
704 1747 790 1788 529
813 1761 833 1787 a
854 1749 894 1788 L.
910 1749 1075 1788 Aemilio
1095 1749 1200 1800 Papo
1222 1748 1261 1788 C.
1278 1748 1393 1788 Atilio
1414 1748 1563 1799 Regulo
1585 1760 1684 1786 coss,

147 1828 236 1854 cum
258 1814 376 1854 Gallis
398 1820 553 1866 gestum
581 1819 640 1853 est
667 1809 733 1867 (fr.
755 1812 810 1853 23
839 1827 870 1853 c.
893 1810 1013 1869 adn),
1043 1814 1183 1853 deinde
1205 1827 1225 1853 a
1245 1814 1371 1853 Plinio
1393 1811 1460 1867 (fr.
1484 1810 1572 1867 24),
1600 1826 1683 1851 rem

146 1893 235 1919 eum
262 1882 433 1931 gessisse
461 1885 595 1918 contra
622 1879 865 1930 Ligustinos,
900 1879 945 1918 de
974 1879 1117 1931 quihus
1145 1893 1176 1918 a.
1198 1878 1296 1918 233.
1318 1876 1401 1917 521
1433 1874 1473 1931 (a
1501 1878 1544 1923 Q.
1566 1878 1685 1917 Fabio

146 1942 331 1998 Maximo)
373 1951 411 1984 et
446 1943 543 1983 223.
575 1942 658 1983 531
699 1940 738 1998 (a
774 1944 814 1983 P.
845 1944 962 1983 Furio
1000 1942 1128 1999 Philo)
1168 1945 1454 1996 triumphatum
1495 1949 1551 1983 est
1592 1941 1684 1997 (act.

146 2011 333 2062 triumph.
356 2010 445 2062 Cap.
467 2023 503 2062 p.
525 2006 615 2064 47),
643 2012 695 2048 ita
721 2016 764 2049 ut
792 2010 902 2049 ducis
929 2022 1094 2049 munere
1122 2010 1366 2061 fungeretur,
1394 2011 1460 2060 qui
1486 2009 1684 2060 praesidio

145 2075 319 2115 Romano
353 2089 372 2114 a
400 2076 615 2126 Ligustinis
649 2075 810 2114 obsesso
844 2075 987 2114 auxilia
1020 2075 1244 2114 adduceret..
1296 2080 1378 2114 tum
1413 2076 1517 2113 enim
1549 2074 1684 2113 hirun-

246 2198 278 2241 1)
305 2196 359 2230 De
386 2196 502 2230 Fabio
534 2196 573 2229 hi
605 2196 677 2229 uiri
711 2196 812 2230 docti
844 2195 1052 2240 peculiares
1086 2196 1412 2230 commentationes
1443 2196 1685 2240 scripserunt:

147 2249 280 2285 Moller
306 2250 363 2285 De
390 2250 515 2284 Fabio
541 2250 685 2285 Pictore
711 2249 841 2284 Altorf.
871 2252 973 2284 1689.
1019 2249 1064 2284 Η.
1085 2249 1127 2283 K.
1151 2249 1294 2283 Whitte
1321 2249 1378 2283 De
1408 2249 1446 2294 (l.
1469 2250 1515 2284 F.
1538 2250 1579 2284 P.
1602 2253 1685 2284 cete-

147 2305 268 2347 risque
289 2303 422 2338 Fabiis
441 2304 623 2337 historicis
644 2303 846 2346 disputatio
872 2303 984 2337 Hat'n.
1006 2306 1110 2337 1832.
1148 2302 1188 2336 Ε.
1210 2302 1417 2347 Baumgart:
1445 2303 1503 2337 De
1526 2303 1564 2347 Q.
1580 2303 1625 2336 F.
1642 2303 1683 2337 P.

147 2357 402 2401 antiquissimo
423 2357 675 2391 Romanorum
695 2356 865 2391 historico
884 2361 984 2400 part.
1006 2357 1032 2389 I
1054 2355 1202 2390 Vratisl.
1228 2360 1317 2390 1842
1346 2355 1477 2398 (altera
1503 2367 1576 2390 non
1603 2366 1687 2400 pro-

148 2410 241 2454 diit).
281 2410 345 2444 sed
372 2409 438 2443 hos
458 2411 531 2443 tres
551 2420 650 2443 nunc
671 2409 790 2443 omisi.
828 2409 885 2443 W.
908 2409 1058 2444 Harless
1086 2410 1143 2444 De
1166 2410 1300 2444 Fabiis
1325 2414 1356 2444 et
1377 2410 1540 2452 :insidiis
1565 2421 1687 2444 rerum

149 2463 401 2498 Romanorum
420 2463 658 2507 scriptoribus
672 2463 788 2497 Bonn.
812 2466 970 2497 18153.-
984 2462 1038 2496 De
1052 2464 1164 2506 gente
1179 2462 1296 2496 Fabia
1310 2462 1386 2496 uid.
1404 2461 1443 2497 G.
1461 2462 1503 2496 N.
1521 2462 1577 2495 Du
1594 2462 1686 2496 Rieu

148 2517 365 2561 Disputatio
391 2517 434 2551 de
458 2520 560 2561 yeutc
586 2516 722 2558 Fabia,
749 2516 865 2561 Lugd.
888 2516 969 2550 Bat.
994 2519 1097 2556 1856,
1124 2515 1338 2549 Haakhium
1365 2516 1402 2549 in
1430 2517 1554 2560 Pauly
1575 2516 1685 2550 Real-

148 2571 280 2616 eucycl.
302 2570 351 2603 III
376 2581 411 2613 p.
434 2573 631 2603 366—401.
659 2569 742 2603 V12
763 2581 798 2613 p.
821 2573 1068 2612 2899-2926,
1096 2569 1334 2603 Muenzerum
1354 2569 1400 2603 R.
1416 2568 1527 2603 E.V1
1549 2571 1684 2602 c.1739

150 2635 228 2667 sqq.
256 2624 292 2657 etz
319 2623 364 2657 de
384 2623 454 2657 hoc
473 2622 618 2657 Pictore
642 2622 880 2666 potissimum
906 2622 1123 2656 Haakhium
1149 2622 1199 2657 VI
1220 2626 1239 2656 2
1266 2634 1301 2667 p.
1325 2626 1415 2656 2899
1433 2634 1511 2666 sqq.
1557 2621 1685 2655 Muen-

149 2687 272 2710 zerum
300 2687 329 2711 c.
352 2679 442 2710 1835
458 2688 538 2720 sqq.
578 2675 798 2710 Gutschmid
827 2676 889 2711 ΚΖ.
910 2676 1009 2711 Schr.
1031 2675 1063 2710 V
1089 2688 1124 2720 p.
1147 2679 1346 2710 512-517,

245 2731 281 2773 2)
308 2729 418 2763 Falso
444 2729 544 2764 hunc
570 2729 738 2763 confudit
763 2740 846 2763 cum
875 2728 914 2770 Q.
936 2728 1052 2763 Fabio
1084 2729 1263 2763 historico
1289 2728 1535 2771 Hieronymus
1564 2738 1617 2771 ep.
1641 2730 1684 2760 35

151 2782 198 2816 ad
218 2782 364 2817 Heliod.
385 2783 400 2816 Ι
426 2795 461 2826 p.
484 2786 552 2817 340
573 2781 689 2817 Vati:
717 2783 872 2817 uobilcm
898 2784 1022 2817 uirum
1046 2782 1084 2826 Q.
1106 2783 1268 2817 Fabium
1297 2782 1451 2815 miratur
1471 2782 1685 2824 antiquitas,

150 2837 214 2880 qui
239 2837 346 2870 etiam
374 2836 562 2871 Romanae
587 2837 742 2880 scriptor
767 2836 940 2871 historiae
962 2838 1032 2878 θείς
1057 2836 1118 2870 sed
1147 2836 1261 2880 anaqi-s
1281 2846 1324 2869 ex
1344 2835 1495 2878 pictura
1515 2845 1620 2877 quam
1643 2845 1686 2867 cx

151 2889 280 2924 litteris
305 2900 435 2924 nomen
460 2889 613 2923 inuenit.
