2002 3342
579 196 618 236 Q.
641 194 877 229 CLAVDIVS
905 194 1265 236 QVADRIGARIVS
1552 210 1686 239 (·(¹(·111

157 307 298 356 uiginti
325 318 390 344 sex
409 307 623 356 fragmenta
640 305 787 355 effudit,
809 317 853 343 ex
876 305 937 343 his
958 307 1100 355 uiginti
1115 318 1191 344 uuo
1209 307 1333 357 capite
1351 302 1510 359 (17,’2),
1530 309 1688 345 omnino

157 382 202 408 ex
243 383 384 409 nouem
431 370 541 408 libris
581 383 652 421 per
693 369 871 409 diuersos
910 383 1002 408 suos
1042 366 1395 425 (quattuordecim)
1432 371 1687 423 quadraginta

157 437 348 486 quinque,
382 436 415 473 si
442 437 527 474 eius
554 435 688 474 uerbis
716 434 832 473 tidem
867 435 999 485 habes,
1034 436 1262 486 frequenter
1295 450 1382 475 eum
1412 449 1452 475 se
1482 437 1623 488 legisse
1651 444 1684 475 61

156 507 217 539 aut
248 513 293 539 ex
320 513 388 538 sua
417 500 582 538 lectione
610 500 729 538 multa
758 500 939 538 noctibus
967 501 1049 538 suis
1073 501 1211 539 Atticis
1237 502 1453 540 inseruisse
1482 503 1689 553 profitetur

156 571 217 603 aut
254 567 400 603 amicos
432 565 672 604 Fauorinum
707 562 765 617 (9,
791 561 882 618 13),
915 565 1153 603 Frontonem
1181 562 1268 617 (13,
1290 563 1356 616 29,
1382 563 1444 620 1),
1477 568 1686 606 Α111011111111

155 629 346 668 lulianum
380 630 577 668 rhetorem
611 626 779 683 (15,1),
812 630 1075 681 Apollinarem
1109 630 1327 682 Sulpicium
1363 627 1510 684 (20,6,
1535 629 1607 685 11)
1642 632 1686 671 de

157 707 201 733 eo
231 694 472 733 disserentes
500 700 537 733 et
564 695 741 745 exempla
769 694 992 734 adferentes
1020 696 1122 734 facit.
1169 695 1292 746 quid?
1325 696 1427 746 quod
1456 697 1501 735 ad
1530 698 1686 736 firman-

155 759 240 798 dam
269 761 506 811 scripturam
529 759 723 811 quandam
746 758 911 811 ‘aliquot
931 766 1088 799 ueteres
1110 759 1246 799 libros’
1270 773 1311 800 se
1332 762 1553 812 inspexisse
1576 775 1685 813 prae—

154 825 253 863 dicat
283 831 321 863 et
346 825 410 864 uel
437 825 539 876 libri,
568 837 682 876 quem
712 827 751 864 in
774 825 927 864 Tiburti
955 825 1192 865 bibliotheca
1218 825 1366 864 uidisse
1395 839 1436 865 se
1465 826 1570 877 dicit,
1598 841 1686 866 11111·-

156 892 308 929 toritate
336 888 529 941 gloriatur
561 887 619 943 (9,
644 888 710 941 14,
734 888 790 944 1).
836 891 955 929 Porro
990 892 1107 930 etiam
1135 891 1419 929 Frontonem
1452 893 1493 930 in
1521 893 1685 943 epistula

153 955 318 1006 quadam
358 968 481 1006 genus
521 957 606 994 eius
645 955 846 994 scribendi
882 955 1062 994 laudasse
1099 957 1175 994 iani
1213 969 1330 1007 supra
1370 953 1425 1007 (p.
1449 954 1683 1010 CCLXXXV)

152 1022 560 1060 commemorauimus.

242 1086 297 1124 Ex
324 1086 463 1125 horum
493 1092 623 1124 autem
651 1087 889 1137 scriptorum
917 1086 1083 1137 horreis,
1116 1099 1215 1137 quae
1243 1087 1387 1125 referta
1415 1094 1524 1126 erant
1554 1100 1683 1126 exem-

152 1151 226 1202 plis
254 1151 489 1201 Claudianis,
524 1153 591 1202 qui
616 1157 751 1202 postea
781 1151 826 1190 de
855 1150 972 1190 rebus
1006 1153 1274 1202 grammaticis
1302 1165 1417 1203 egere
1447 1158 1509 1191 aut
1538 1152 1684 1203 glosse-

150 1222 252 1255 mata
285 1216 477 1267 collegere
512 1223 577 1255 aut
610 1222 745 1268 poetas
779 1216 1096 1267 explicauerunt,
1131 1229 1201 1255 sua
1235 1218 1453 1268 sumpsisse
1486 1217 1684 1268 uidentur,

149 1293 278 1332 neque
306 1288 461 1320 exstant
488 1287 592 1320 certa
620 1283 788 1332 uestigia
816 1282 933 1320 etiam
954 1287 1038 1332 post
1060 1281 1156 1320 illud
1177 1288 1332 1333 tempus
1354 1282 1505 1321 Claudii
1526 1283 1684 1322 annales

150 1348 189 1385 in
217 1346 350 1385 multis
377 1346 559 1386 manibus
587 1344 759 1400 fuisses)
792 1360 882 1386 nam
909 1347 1126 1398 Nonium,
1154 1349 1221 1398 qui
1247 1349 1389 1398 uiginti
1411 1354 1561 1399 septem
1585 1350 1683 1399 l'rag-

149 1418 279 1450 menta
308 1414 442 1451 citauit
468 1413 509 1450 111
536 1418 687 1463 septem
716 1412 910 1464 capitibus
938 1410 996 1465 (111
1024 1414 1151 1463 primo
1177 1409 1333 1466 unum),
1367 1426 1412 1452 ex
1441 1411 1567 1452 Gellio
1596 1413 1683 1464 11110,

150 1490 227 1515 11011
256 1479 475 1527 inspexisse
503 1479 633 1528 ipsum
658 1478 864 1517 Claudium
885 1479 951 1516 uix
974 1484 1033 1516 est
1055 1490 1125 1516 cur
1146 1490 1262 1528 1111116,
1289 1484 1494 1529 postquam
1523 1484 1575 1517 tot
1606 1485 1681 1517 tam

150 1542 266 1581 claris
294 1543 484 1594 exemplis
512 1543 712 1582 leuissima
742 1544 839 1581 ratio
868 1545 952 1582 eius
981 1543 1220 1594 excerpendi
1241 1549 1278 1582 et
1305 1544 1595 1582 transcribendi
1618 1544 1681 1583 de-

150 1614 364 1648 monstrata
381 1614 451 1658 est7
466 1604 746 1661 moneanms.‘·’)
775 1608 877 1646 idem
893 1620 989 1646 11610
1006 1610 1123 1647 etiam
1141 1608 1186 1647 de
1207 1608 1445 1647 Macrobio
1468 1604 1533 1662 (11.
1548 1606 1682 1662 4513),

149 1674 341 1724 scriptore
369 1673 483 1712 Gellii
515 1673 618 1711 haud
652 1672 834 1711 dissimili
867 1675 1031 1724 eiusque
1066 1675 1263 1712 imitatore
1297 1680 1333 1712 et
1368 1674 1600 1725 expilatore,
1635 1675 1680 1713 de

150 1737 318 1777 Seruio
348 1733 413 1791 (11.
435 1736 503 1777 31.
524 1736 592 1777 52.
615 1735 703 1792 91),
737 1738 783 1777 de
811 1738 1058 1777 Lactantio
1094 1740 1207 1777 Statii
1234 1739 1445 1778 Thebaidis
1475 1740 1679 1779 scholiasta

149 1799 214 1856 (11.
240 1801 326 1855 75),
361 1803 407 1842 116
434 1803 657 1842 Diomede
686 1799 752 1856 (11.
777 1801 842 1842 71.
867 1802 954 1856 77),
990 1803 1035 1842 de
1064 1804 1314 1842 Prisciano
1343 1800 1408 1857 (11.
1433 1802 1499 1843 39.
1521 1802 1589 1843 49.
1611 1803 1679 1844 56.

150 1867 215 1907 73.
241 1867 305 1907 74.
328 1865 403 1922 96)
433 1868 684 1907 statuendum
713 1865 821 1923 6314)

236 1933 412 1985 Denique
460 1946 507 1972 ne
555 1934 800 1985 neglegentia
849 1940 982 1973 nostra
1029 1935 1229 1985 complura
1274 1936 1491 1985 fragmenta
1537 1937 1679 1975 omissa

147 2001 362 2038 existumes
390 2011 487 2050 quae
515 2005 607 2037 sunt
634 1999 735 2050 apud
763 1999 985 2050 Krausium,
1012 1999 1189 2039 breuiter
1222 2000 1472 2045 enumerabo,
1508 2014 1606 2051 quae
1634 2015 1678 2039 ex

146 2063 211 2103 illo
239 2077 402 2103 numero
430 2065 632 2103 eiecerim:

244 2161 276 2204 1)
304 2160 437 2194 Mirum
466 2161 521 2194 est
541 2160 640 2204 quod
662 2160 804 2194 Closset
824 2164 938 2204 p.49-Z›
962 2161 1156 2196 Claudium
1177 2172 1293 2205 usque
1316 2161 1362 2195 ad
1384 2162 1532 2196 Ioannis
1555 2164 1678 2197 Sares—

147 2213 325 2247 heriensis
346 2215 509 2247 aetatem
529 2213 743 2258 peruenisse
765 2214 977 2248 existumat.
1017 2214 1080 2248 ubi
1102 2214 1200 2248 enim
1221 2225 1305 2250 eum
1320 2215 1413 2249 citat
1427 2215 1571 2259 (Policr.
1585 2220 1616 2257 5,
1635 2219 1678 2259 7),

148 2279 213 2302 sua
245 2267 372 2301 hausit
404 2278 447 2302 ex
480 2266 599 2301 Gellio
633 2270 740 2311 (aa).
787 2268 832 2302 61.
855 2267 980 2302 adnot.
1003 2267 1051 2301 ad
1066 2267 1188 2302 Valer.
1211 2268 1294 2302 Ant.
1316 2268 1359 2301 fr.
1377 2272 1418 2301 ‘21
1453 2270 1489 2302 et
1523 2268 1678 2303 Schaar-

146 2321 308 2356 schmidt
318 2321 505 2356 Johamzes
519 2320 799 2355 *saresberiensis
816 2322 853 2355 in
869 2322 997 2355 semem
1017 2321 1240 2356 Verlzaeltnis
1254 2332 1320 2356 zur
1333 2321 1549 2357 klassisclzen
1565 2323 1677 2357 Litte-

148 2379 252 2410 ratur
277 2373 315 2408 in
341 2386 432 2408 mus..
455 2374 573 2408 Rhen.
595 2373 677 2406 XIV
698 2375 819 2419 (1859)
839 2386 873 2418 p.
891 2377 968 2408 206.

241 2429 276 2472 2)
304 2427 486 2469 Quattuor
511 2427 722 2471 fragmenta
748 2438 791 2461 ex
812 2426 933 2461 Gellio
960 2427 1013 2460 ita
1037 2427 1231 2471 excerpsit,
1257 2429 1299 2461 ut
1324 2439 1390 2472 pro
1413 2427 1567 2462 Claudio
1589 2427 1678 2463 Coe-

145 2481 236 2515 lium
268 2481 364 2515 16160
398 2480 644 2515 substituerit.
683 2480 758 2514 uid.
784 2480 909 2515 adnot.
932 2480 979 2514 ad
1000 2480 1043 2515 fr.
1066 2484 1120 2515 13.
1143 2484 1197 2515 22.
1220 2484 1274 2514 23.
1298 2485 1352 2515 24.
1391 2481 1502 2515 Hertz
1527 2482 1566 2516 in
1593 2482 1677 2516 Gel-

145 2534 256 2569 1161116
282 2547 316 2579 p.
334 2538 399 2569 106
415 2546 494 2578 sqq.

241 2590 275 2632 3)
303 2587 427 2622 Etiam
460 2587 603 2622 duobus
637 2586 722 2621 aliis
755 2586 845 2621 locis
878 2587 1023 2631 (adnot.
1047 2587 1094 2621 ad
1116 2587 1158 2620 fr.
1175 2591 1230 2621 44.
1253 2590 1316 2630 53)
1351 2587 1578 2630 Macrobius,
1612 2588 1676 2622 ubi

146 2640 435 2685 Quadrigarium
462 2641 606 2682 citauit,
633 2641 680 2674 ad
707 2640 861 2675 uerbum
889 2640 1088 2684 descripsit
1109 2639 1280 2674 Gellium.
1320 2641 1394 2674 uid.
1415 2641 1496 2675 Iani
1516 2641 1675 2676 indicem

145 2693 258 2728 Macr.
287 2695 383 2729 auct.
409 2694 441 2728 ΙΙ
467 2706 502 2738 p.
525 2697 592 2728 655
621 2696 658 2728 et
677 2694 860 2728 Wissowa
888 2693 940 2727 De
961 2693 1073 2727 Macr.
1096 2693 1186 2727 font.
1213 2705 1247 2738 p.
1270 2697 1289 2727 3
1305 2705 1383 2737 sqq.
1423 2694 1598 2739 idemque
1631 2695 1675 2728 de

146 2747 187 2780 fr.
210 2750 254 2781 45
286 2749 384 2782 recte
417 2747 627 2792 suspicatus
660 2749 716 2781 est:
743 2746 783 2781 G.
805 2747 913 2780 Thilo
941 2751 1088 2791 qzcaestt.
1113 2747 1211 2782 Seru.
1234 2747 1330 2791 (Hal.
1356 2751 1459 2792 1867)
1480 2761 1513 2792 p.
1531 2752 1551 2782 8
1578 2759 1675 2783 eom-

145 2803 276 2844 parato
304 2800 414 2835 Gellii
440 2801 615 2835 lemmate
643 2804 675 2842 8,
695 2805 724 2834 1.

240 2856 273 2897 4)
298 2854 352 2889 De
374 2855 513 2895 Omsio,
540 2854 604 2898 qui
631 2853 776 2888 Liuium
804 2854 841 2887 in
869 2854 1055 2898 epitomen
1083 2854 1237 2898 redegit,
1265 2854 1310 2889 cf.
1332 2854 1416 2888 adn.
1439 2855 1486 2888 ad
1507 2854 1548 2888 fr.
1572 2857 1625 2887 68.
