2002 3342
275 191 509 222 cccnxvm
612 177 674 210 DE
703 174 1008 210 SCRIPTORVM
1034 174 1156 209 Vms
1183 174 1244 208 ET
1271 174 1477 209 scrupus

276 289 501 339 Varronem,
523 289 589 338 qui
610 289 648 325 in
665 286 879 338 epistolicis
896 285 1202 337 quaestionibus,
1217 285 1310 336 quid
1327 286 1455 324 facere
1472 284 1681 336 dicereque
1697 285 1807 324 iube-

278 360 337 393 ret
364 366 471 403 curn,
505 354 571 403 qui
604 357 782 390 senatum
811 351 1034 390 consuleret
1061 347 1168 403 (post
1193 352 1488 389 triumuiratum
1515 351 1573 388 rei
1598 363 1633 401 p.
1662 351 1805 389 consti-

278 414 505 472 tuendael))
535 422 785 468 exposuerat3
821 417 920 455 hauc
949 418 1051 455 enim
1085 417 1356 467 quaestionem
1390 415 1493 454 idem
1527 415 1675 454 Gellius
1699 413 1803 466 14,7

277 484 525 522 abbreuiauit
551 488 589 521 et
615 484 654 520 in
682 483 808 533 capite
836 481 1093 532 subsequenti
1121 476 1238 534 (8‚2)
1267 481 1360 519 baec
1387 480 1553 519 addidit:
1591 480 1644 519 M.
1673 485 1806 520 autem

288 550 417 588 Varro
450 552 488 587 in
525 553 669 596 quarto
703 549 1003 596 epistolicarum
1035 549 1312 595 quaestionum
1345 551 1382 585 et
1416 546 1556 585 Ateius
1594 546 1735 595 Cupito
1768 548 1807 584 in

278 618 635 654 Coniectaneorum
666 613 796 651 VIIII
822 616 885 651 ius
910 625 994 651 esse
1011 611 1226 661 praefecto
1251 616 1415 650 senalus
1441 613 1619 650 habendi
1645 613 1814 656 dieunt,-

278 681 406 728 deque
433 691 482 717 ea
508 691 553 717 re
580 679 794 717 adsensum
815 689 898 716 esse
924 678 1062 726 Capito
1083 672 1412 730 <Varr0>nem2)
1439 676 1641 715 Tuberoni
1661 681 1806 715 eontra

275 747 516 783 sententiam
549 744 661 782 Iunii
692 743 840 792 refert:
867 740 985 781 ‘Nam
1017 748 1054 781 et
1086 740 1274 781 tribunis’
1310 744 1440 790 inquil
1473 739 1612 791 ‘plebis
1643 746 1812 780 senatus

277 811 455 848 habendi
486 812 549 847 ius
581 814 686 856 erat,
720 820 960 856 quamquam
991 813 1200 846 senatores
1231 818 1310 845 non
1344 811 1474 845 essent
1507 811 1600 845 utile
1628 808 1810 845 Alinz‘um

273 871 556 924 plebiscitum'.
597 873 764 912 eundem
798 878 925 911 autem
958 872 1186 923 Capitonem
1213 868 1432 926 (mortuum
1460 884 1491 910 a.
1512 869 1580 910 22.
1604 868 1701 922 775,
1728 871 1810 910 uid.

280 939 457 978 Funaioli
477 952 512 990 p.
529 936 614 977 563
627 934 728 991 sqq.)
757 937 976 976 Tuberonis
1010 938 1283 976 auctoritatem
1316 938 1447 987 magni
1480 936 1621 975 fecisse
1649 949 1694 975 ex
1723 938 1808 975 eius

279 1006 404 1055 ipsius
430 1004 565 1043 uerbis
592 1009 763 1055 apparet,
791 1002 934 1054 quibus
961 1004 1158 1053 epitomen
1185 1002 1292 1040 illam
1319 1001 1475 1041 clausit:
1510 1002 1591 1041 Sed
1615 1004 1725 1050 quod
1749 1005 1807 1041 ait

281 1069 436 1120 [Varro]
464 1074 629 1108 senatus
656 1071 879 1108 consultum
907 1070 1059 1107 duobus
1085 1070 1212 1107 modis
1239 1070 1336 1115 fieri
1360 1070 1507 1116 solere,
1543 1073 1614 1106 [lul
1647 1070 1811 1116 conqui-

276 1138 366 1174 sitis
385 1138 593 1174 sententiis
619 1140 689 1173 [tut
707 1147 788 1183 per
809 1136 1102 1184 discessionem,
1120 1145 1273 1183 parum
1295 1136 1516 1172 conuenire
1536 1135 1700 1172 uidetur
1721 1145 1811 1172 eum

279 1212 342 1250 eo,
370 1202 479 1249 quod
503 1201 646 1238 Ateius
678 1200 816 1248 Capito
850 1202 888 1237 in
919 1201 1190 1238 conieclaneis
1214 1201 1407 1247 seriptum
1434 1200 1609 1247 reliquit.
1649 1210 1742 1238 num
1770 1201 1809 1237 in

278 1267 382 1304 libro
408 1266 538 1304 VIIII
563 1266 808 1303 Tuberonem
836 1266 974 1303 dicere
1001 1267 1070 1311 aii,
1102 1266 1253 1302 nullum
1278 1269 1443 1302 senatus
1469 1266 1692 1302 consultum
1715 1266 1813 1311 fieri

272 1343 393 1381 posse
428 1342 505 1369 non
545 1332 787 1368 discessione
818 1329 952 1379 factu,
993 1332 1089 1378 quia
1124 1332 1165 1368 in
1198 1331 1379 1368 omnibus
1408 1334 1572 1367 senatus
1606 1331 1801 1367 consultis

279 1399 401 1434 elium
422 1398 462 1434 in
485 1398 545 1443 iis,
572 1407 675 1444 quae
687 1407 769 1444 per
792 1397 1028 1434 relalionem
1044 1396 1203 1442 fierent,
1231 1395 1421 1433 discessio
1444 1399 1545 1432 esset
1565 1396 1815 1443 necessaria,

281 1463 401 1510 idque
433 1464 516 1511 ipse
549 1461 688 1510 Capito
722 1472 864 1499 uerum
897 1472 981 1498 esse
1009 1456 1238 1512 affirmat.3)
1284 1461 1401 1497 etiam
1433 1471 1559 1510 usque
1587 1458 1634 1497 ad
1662 1458 1812 1509 digesta

280 1528 366 1565 eius
400 1527 611 1565 auctoritas
645 1526 789 1564 mansit
821 1521 919 1578 (uid.
947 1525 1110 1563 Bremer
1136 1525 1212 1564 Iur.
1236 1524 1363 1563 antell.
1385 1537 1419 1575 q.
1443 1537 1471 1562 s.
1494 1537 1528 1575 p.
1545 1520 1814 1579 358—367).

283 1591 359 1630 Sed
385 1597 429 1630 ut
454 1603 559 1629 nunc
579 1590 626 1629 ad
648 1590 687 1628 L.
709 1590 928 1629 Tuberonis
949 1589 1077 1628 studia
1098 1589 1316 1628 litterarum
1339 1591 1560 1628 accuratius
1582 1589 1811 1640 explicanda

283 1661 542 1707 reuertamur,
569 1656 690 1694 fuisse
712 1668 812 1706 eum,
836 1660 880 1694 ut
899 1654 1087 1700 Quintum
1108 1656 1308 1706 maiorem,
1334 1654 1610 1706 philosophum
1631 1654 1695 1693 uel
1716 1656 1812 1694 stoi-

283 1734 371 1760 cum
403 1720 467 1760 uel
499 1720 767 1759 academicum
794 1716 943 1773 (Zeller
962 1719 985 1758 l.
1007 1732 1035 1758 s.
1057 1720 1108 1758 ΙΙΙ
1130 1716 1176 1758 2²
1194 1733 1230 1771 p.
1248 1718 1302 1759 10
1314 1716 1402 1773 sq),
1428 1732 1556 1770 neque
1588 1732 1679 1758 eum
1704 1721 1815 1771 igno-

281 1787 418 1836 bilem,
455 1791 491 1824 et
525 1798 570 1824 ex
602 1785 730 1824 Photii
760 1785 853 1824 bibl.
875 1785 957 1824 cod.
980 1783 1065 1823 212
1086 1797 1121 1836 p.
1141 1782 1223 1824 169
1240 1785 1306 1823 Bk.
1337 1785 1538 1824 uidemus:
1571 1782 1730 1837 γράφει
1763 1780 1813 1824 δὲ

281 1851 384 1899 τοὺς
423 1851 584 1902 λόγους
623 1849 952 1902 [Πυρρωνίους]
995 1849 1296 1902 Αἰνησίδημος
1333 1855 1614 1902 προσφωνῶν
1652 1847 1816 1897 αὐτοὺς

282 1923 371 1956 τῶν
392 1914 434 1964 ἐξ
449 1913 704 1968 Ἀκαδημίας
723 1912 811 1955 τινὶ
833 1912 1150 1968 συναιρεσιώτῃ
1172 1908 1345 1969 Λευκίῳ
1368 1912 1588 1966 Τοβέρωνι
1612 1914 1687 1965 [sic
1708 1916 1813 1953 enim

282 1981 367 2020 cod.
388 1982 441 2032 Α.,
468 1978 646 2034 Νέρωνι
666 1980 931 2031 uulgabatur]‚
958 1977 1084 2032 γένος
1103 1976 1184 2031 μὲν
1199 1976 1405 2034 Ῥωμαίῳ,
1434 1976 1538 2033 δόξῃ
1560 1977 1609 2019 δὲ
1628 1981 1812 2035 λαμπρῷ

283 2044 329 2086 ἐκ
357 2046 590 2098 προγόνων
617 2042 690 2085 καὶ
716 2044 942 2092 πολιτικὰς
968 2043 1101 2098 ἀρχὰς
1127 2043 1179 2085 οὐ
1206 2044 1281 2092 τὰς
1306 2044 1521 2097 τυχούσας
1541 2044 1748 2096 μετιόντι,
1775 2050 1814 2084 et

283 2125 331 2151 ex
359 2125 403 2151 eo
425 2111 529 2163 quod
549 2111 669 2150 Varro
695 2124 817 2150 unum
845 2124 891 2150 ex
917 2110 1154 2161 logistoricis
1180 2111 1385 2162 inscripsit
1409 2111 1562 2150 Tubero
1584 2112 1633 2149 de
1653 2113 1813 2160 origine

283 2179 462 2216 humana
477 2174 647 2230 (Bitschl
669 2178 728 2216 De
742 2179 870 2226 loqe'st.
892 2176 1034 2228 Opusc.
1050 2177 1100 2215 III
1119 2174 1262 2227 p.404.
1278 2172 1397 2228 414),
1418 2175 1488 2214 sed
1503 2174 1673 2215 eundem
1693 2175 1815 2214 histo-

285 2244 365 2281 riae
399 2254 558 2293 operam
594 2241 749 2280 dedisse
783 2254 830 2280 ex
863 2243 918 2280 eis
951 2254 1049 2293 quae
1083 2255 1114 2281 a.
1137 2239 1205 2281 60.
1226 2238 1312 2280 694
1345 2240 1481 2280 Cicero
1509 2240 1557 2279 ad
1583 2240 1625 2286 Q.
1653 2240 1816 2279 fratrem

285 2308 448 2358 scripsit
474 2303 585 2360 (1,1,
602 2303 744 2361 3,1Ο>,
772 2306 840 2345 ubi
865 2312 908 2345 ut
934 2308 1136 2346 ministros
1162 2319 1278 2358 quam
1305 2307 1473 2358 optimos
1499 2305 1655 2356 habeat,
1683 2306 1815 2344 horta-

286 2378 348 2410 tus
381 2384 639 2421 quamwam,
672 2373 817 2423 inquit,
850 2375 1005 2421 legatos
1029 2374 1151 2412 habes
1181 2384 1257 2421 eos,
1285 2375 1354 2421 qui
1374 2374 1451 2421 ipsi
1468 2383 1550 2421 per
1569 2383 1611 2410 se
1630 2372 1814 2410 habituri

384 2512 416 2553 1)
444 2509 626 2550 Quoniam
659 2509 737 2543 eius
770 2510 809 2544 in
837 2509 947 2544 Gellii
972 2510 1134 2554 epitome
1161 2510 1301 2543 mentio
1327 2509 1378 2552 fib,
1406 2508 1519 2543 Gellii
1544 2509 1616 2544 loci
1643 2509 1691 2543 ad
1718 2509 1816 2543 anti-

285 2561 455 2605 quiorem
489 2562 528 2604 Q.
563 2562 798 2597 Tuberonem
830 2574 913 2597 cum
945 2563 1173 2607 Nipperdeio
1210 2562 1343 2607 Opuse.
1364 2574 1399 2606 p.
1415 2566 1483 2596 408
1515 2562 1709 2596 transferri
1741 2572 1814 2596 non

286 2616 453 2658 possunt.

383 2670 417 2712 2)
446 2669 655 2713 Capitonem
681 2668 768 2703 libri
795 2670 937 2704 emend.
965 2670 1089 2705 HertZ.

383 2724 418 2766 3)
445 2722 541 2764 Quid
570 2723 712 2757 ‘Aelius
739 2723 899 2758 Tubero'
928 2723 1022 2757 libro
1051 2723 1097 2757 ad
1119 2722 1281 2767 Oppium
1302 2722 1439 2766 scripto
1460 2721 1689 2765 tractauerit,
1716 2721 1816 2756 unde

286 2774 445 2809 formam
478 2775 672 2820 antiquam
705 2776 844 2811 Probus
877 2776 1048 2820 Berytius
1076 2775 1320 2810 ‘oceecurrit’
1356 2775 1540 2819 excerpsit
1567 2776 1642 2820 (ap.
1670 2773 1763 2809 Gell.
1785 2778 1818 2818 6,

289 2832 321 2871 9,
338 2830 407 2873 10),
433 2828 612 2863 incertum
640 2831 706 2864 est.
