2002 3342
647 190 679 223 L.
703 188 974 223 CORNELIVS
1004 188 1207 223 sISENNA
1494 202 1695 231 CCCXfflx

157 314 284 353 neque
313 303 417 339 enim
446 301 610 339 Sisenna
639 302 678 338 in
706 306 905 338 oratorum
933 312 1096 337 numero
1123 299 1340 338 habebatur
1361 297 1458 347 (Cic.
1476 299 1522 337 de
1544 298 1640 349 legg.
1660 298 1695 349 l,

158 365 270 420 2,ῖ).
312 367 435 405 letiam
469 367 742 405 commentarii
770 364 937 403 Plautini
972 366 1010 402 in
1044 377 1208 415 (torpore
1242 370 1375 403 nostro
1403 377 1507 403 nuno
1535 363 1695 415 desunt,

158 445 247 471 nam
275 433 341 483 qui
368 444 434 470 eos
461 432 638 482 scripsit,
672 431 788 469 etiam
812 429 970 480 Vergilii
997 429 1174 480 exemplo
1209 431 1248 467 in
1277 429 1573 480 interpretando
1601 442 1696 467 usus

158 503 214 536 est
245 496 414 548 (Charis.
436 494 461 534 2
489 510 524 547 p.
546 494 629 535 221
648 492 729 549 Κ.);
765 493 982 534 ‘Tracle‘m’
1017 496 1182 533 Plantas
1212 497 1251 532 ln
1283 496 1596 544 Amphilry0ne;
1628 497 1698 533 ‘nbi

160 564 332 602 Sisenna
360 560 447 612 ‘pro
469 560 602 610 lente’,
630 564 772 610 inquil,
801 558 893 598 ‘teon
920 567 963 598 m
984 561 1105 598 Maro
1123 562 1346 607 qeorqicon
1372 561 1469 598 IIII
1485 557 1697 598 “tractim-

158 641 235 677 que
259 625 507 667 snsurranst’
537 625 695 676 lnquit’.
737 632 841 664 recte
870 627 990 676 igitur
1015 624 1120 663 huno
1148 623 1354 662 Sisennam
1386 626 1696 675 grammaticum,

159 695 225 745 qui
252 699 336 745 post
360 692 572 742 Vergilium
602 693 692 742 fuit,
721 691 766 729 ab
796 691 983 729 historico
1006 689 1133 740 Bergk
1150 685 1312 742 (Opusc.
1329 690 1359 727 ll
1383 687 1530 740 1›.750.
1572 692 1696 729 Beilr.

158 772 238 797 zm·
264 762 331 797 lat.
365 760 535 797 Gramm.
557 757 572 795 I
593 770 628 808 p.
649 752 750 809 124)
786 755 965 794 distinxit
998 760 1035 793 et
1068 760 1156 805 post
1188 767 1277 793 eum
1310 755 1371 793 Fr.
1394 754 1471 792 Leo
1499 752 1696 807 (Flamin.

158 826 324 863 Forscle.
347 837 381 874 p.
397 819 492 876 46),
527 823 676 860 Schanz
698 822 711 860 1
734 818 946 872 2311117,
974 820 1050 858 alii.
1096 820 1238 858 Contra
1267 832 1310 857 ea
1339 820 1572 870 fragmenta,
1599 833 1697 871 quae

159 887 328 927 ‘Incerta
350 901 395 927 ex
417 888 561 939 quibus
584 885 709 926 libris’
732 888 1028 937 inscripseram,
1056 898 1159 923 nunc
1185 887 1224 923 in
1247 883 1414 923 ‘Incerta
1437 897 1483 923 ex
1505 883 1697 923 historiis'

159 953 352 992 transtuli.
392 953 439 991 lis
465 954 568 991 enim
596 954 700 991 inter
726 952 929 1001 historias,
957 950 1145 1001 Milesias,
1173 952 1477 989 commentarios
1498 950 1698 989 Plautinos

158 1020 210 1057 ita
246 1018 513 1070 componenda
542 1023 617 1068 est,
650 1023 693 1056 ut
726 1030 813 1056 cum
848 1029 946 1068 quae
975 1016 1206 1055 Sisenniana
1233 1015 1398 1054 Rufinus
1433 1022 1470 1053 et
1497 1015 1700 1054 Charisius

158 1086 198 1122 in
226 1084 346 1123 altero
374 1083 473 1122 libro
502 1083 742 1133 attulissent,
776 1084 905 1120 onmia
932 1083 1008 1133 ipsi
1036 1087 1102 1120 aut
1129 1082 1425 1120 commentariis
1450 1086 1516 1119 aut
1537 1081 1699 1119 Milesiis

160 1149 371 1200 diligenter
405 1149 636 1198 tribuerint,
673 1147 738 1186 alii
774 1148 1019 1198 grammatici
1055 1148 1141 1185 iure
1179 1146 1345 1197 quodam
1380 1152 1510 1184 cetera
1549 1147 1700 1185 ineerta

159 1215 335 1253 historiis
362 1214 565 1253 uindicare
594 1214 764 1264 possint,
790 1218 833 1251 ut
860 1213 999 1262 Varro,
1033 1214 1099 1263 qui
1128 1212 1317 1250 Sisennae
1345 1212 1549 1250 historiam
1576 1213 1699 1263 nouit,

160 1281 203 1319 fr.
223 1278 324 1330 140,
363 1280 502 1318 Festus
536 1278 599 1318 uel
633 1278 778 1316 Paulus
811 1274 915 1331 (coll.
938 1278 982 1317 fr.
1009 1274 1117 1331 124)
1147 1278 1191 1315 fr.
1212 1276 1312 1327 141,
1350 1277 1593 1328 Priscianus,
1634 1278 1701 1327 qui

160 1345 344 1384 historias
372 1344 493 1384 semel
521 1346 670 1394 citauit,
699 1341 857 1382 s1·.138.
884 1342 978 1394 139,
1005 1356 1107 1382 unus
1135 1355 1179 1381 ex
1208 1343 1432 1381 scholiastis
1456 1341 1702 1393 Vergilianis,

160 1412 394 1462 praesertim
429 1412 496 1461 qui
524 1409 752 1448 Sallustium
787 1410 823 1447 ei
856 1410 1024 1447 associet
1051 1406 1172 1461 (saec.
1195 1407 1258 1445 XV
1288 1407 1427 1447 dubiae
1455 1408 1619 1458 originis
1653 1408 1700 1446 of.

161 1475 247 1514 adn.
270 1475 315 1514 ad
338 1476 382 1513 fr.
407 1471 480 1529 74)
510 1475 554 1513 fr.
574 1473 669 1525 142,
698 1473 782 1512 coll.
805 1474 916 1512 Seru.
939 1474 984 1512 fr.
1004 1473 1038 1513 1.
1060 1471 1097 1512 2.
1119 1472 1157 1512 4.
1198 1473 1365 1511 Charisii
1388 1473 1557 1524 denique
1577 1485 1701 1511 unum

161 1541 288 1579 locum
324 1540 449 1578 libril
477 1541 596 1578 Varro
630 1545 764 1578 tuetur
792 1534 898 1592 (adn.
921 1538 966 1577 ad
990 1540 1036 1577 fr.
1055 1535 1176 1593 140),
1212 1539 1310 1577 alter
1342 1543 1473 1577 autem
1507 1536 1571 1591 (fr.
1596 1534 1700 1593 143)

161 1606 297 1644 lacuna
326 1611 536 1657 corruptus
565 1611 634 1652 est,
663 1617 737 1655 qua
766 1617 807 1643 re
833 1617 935 1655 eum,
963 1617 1052 1643 cum
1074 1604 1173 1642 alter
1193 1604 1361 1642 Charisii
1384 1603 1486 1641 liber
1506 1603 1701 1653 fragmen-

161 1673 211 1710 tis
244 1671 485 1710 Milesiarum
519 1676 554 1709 et
590 1671 964 1708 commentariorum
998 1669 1268 1708 Plautinorum
1302 1669 1472 1707 refertus
1506 1673 1628 1719 esset,
1661 1669 1702 1706 in

159 1736 341 1775 ultimum
368 1736 497 1775 locum
525 1731 747 1789 relegaui.¹)

260 1865 290 1906 1)
317 1863 423 1904 Quod
450 1862 702 1908 fragmentum
729 1863 878 1906 praeter
905 1872 960 1903 ea,
987 1872 1084 1906 quae
1105 1871 1170 1895 nos
1191 1860 1290 1895 infra
1310 1860 1530 1904 recepimus,
1558 1859 1703 1894 Forcel-

161 1916 229 1950 lini
251 1928 277 1950 s.
298 1928 332 1950 u.
355 1916 533 1961 adingero
554 1916 570 1949 Ι
589 1928 624 1959 p.
641 1919 683 1949 61
707 1915 776 1959 (ed.
799 1914 1061 1960 Sohneeberg.)
1088 1914 1330 1958 suppeditare
1350 1914 1510 1956 uidetur,
1537 1912 1632 1946 falso
1654 1913 1702 1946 ad

162 1969 356 2004 Sisennam
377 1970 537 2004 relatum
558 1971 623 2003 est.
664 1968 756 2002 haec
777 1969 875 2003 enim
895 1968 976 2002 ille:
1006 1968 1202 2003 Translate
1221 1967 1362 2003 Sisemc.
1387 1968 1432 2001 M
1437 1967 1569 2001 ilesiar.
1601 1966 1703 2010 apud

162 2023 265 2058 Seru.
287 2027 318 2065 2,
346 2027 428 2058 teste
455 2023 494 2057 F
494 2024 623 2057 alstero
652 2023 732 2066 (qui
758 2023 822 2056 loc.
843 2022 944 2057 Seru.
965 2033 1040 2056 ozon
1061 2022 1264 2066 (Zesz'ynat):
1289 2032 1364 2056 mm
1385 2021 1519 2065 dismas
1540 2021 1580 2054 in
1600 2030 1702 2063 quem

162 2077 307 2111 debeam
333 2078 485 2111 satiram
512 2077 647 2111 calente
673 2077 714 2110 ἰη’
739 2076 960 2121 ccclinyererc,
1000 2075 1061 2109 hie
1088 2076 1215 2109 tamen
1242 2074 1344 2108 loeus
1367 2075 1488 2108 exstat
1507 2084 1580 2106 non
1601 2071 1703 2116 apud

163 2129 332 2164 Seruium
359 2130 423 2164 sed
445 2129 545 2174 apud
567 2128 809 2163 scholiastam
832 2128 1020 2163 quenalis
1042 2128 1103 2173 (ad
1124 2129 1193 2162 sat.
1210 2132 1241 2169 4,
1258 2130 1293 2172 2>
1313 2137 1516 2170 uersusque
1537 2126 1593 2160 ost
1614 2125 1703 2169 Sep-

162 2182 260 2216 timii
288 2182 414 2217 Sereni
443 2183 498 2227 (fr.
523 2184 567 2224 3).
