2002 3342
303 202 336 235 11.
358 199 615 233 (fALPVRNJI
641 197 824 231 PISONIS
851 196 1071 230 CENSORH
1099 193 1331 228 ANNALES.
1372 193 1412 226 fr.
1435 196 1478 226 23
1514 197 1573 225 ’.ι-ὗ
1631 191 1699 231 131

180 312 257 352 τὸν
290 310 524 363 τύραννον.
570 307 843 355 ἀκούσαντας
876 303 923 346 δὲ
956 305 1004 346 τὸ
1037 311 1111 358 τῆς
1143 306 1306 357 βουλῆς
1339 303 1476 355 ὄνομα
1502 302 1605 350 τοὺς
1631 301 1709 354 ὡρ-

181 377 370 429 μηκότας
396 375 541 415 παίειν
568 388 613 414 τε
640 372 710 414 καὶ
737 372 917 425 βάλλειν
943 370 1080 411 αὐτὸν
1106 367 1437 421 ἀποτραπέσθαι
1470 367 1543 408 καὶ
1573 365 1711 420 μηδὲν

183 443 244 490 εἰς
284 440 417 482 αὐτὸν
457 445 774 493 παρανομῆσαι.
814 437 887 478 Ἐκ
925 436 1086 478 τούτου
1125 435 1194 476 καὶ
1227 435 1306 488 τὴν
1340 433 1593 485 ἐπωνυμίαν
1631 432 1711 485 τὴν

172 505 309 548 ’Ἄλαν
343 505 461 562 αὐτῷ
494 508 676 558 τεθῆναι
710 501 932 556 λέγουσιν7
966 500 1031 542 ὅτι
1065 501 1112 541 τὸ
1148 501 1273 552 ξίφος
1309 497 1421 552 ἔχων
1453 498 1538 539 ὑπὸ
1575 496 1711 550 μάλης

142 596 156 618 5
184 570 323 626 ἦλθεν
349 569 418 612 ἐπὶ
444 570 522 611 τὸν
549 570 700 621 ἄνδρα.
734 568 839 616 ἅλας,
865 568 948 620 γὰρ
975 569 1158 607 καλοῦσι
1181 563 1387 616 Ῥωμαῖοι
1413 564 1489 611 τὰς
1515 563 1663 617 μάλας.

125 923 156 946 10

126 1246 156 1270 15

132 1572 165 1596 30

276 635 378 677 25³².
412 639 528 677 Dion.
552 638 618 685 12,
636 637 674 674 9.
716 634 891 687 Ἐορτὰς
916 629 1025 685 ἦγον
1053 632 1098 672 οἶ
1115 629 1314 684 Ῥωμαῖοι
1342 630 1416 678 τὰς
1442 627 1712 682 καλουμένας

183 709 233 757 τῇ
272 700 485 757 ἐπιχωρίῳ
524 700 693 754 γλώττῃ
732 698 960 752 στρωμνὰς
997 697 1083 739 ὑπὸ
1124 703 1212 737 τῶν
1253 696 1531 748 Σιβυλλείων
1568 696 1712 735 κελευ-

184 767 364 816 σθέντες
382 773 599 821 χρησμῶν.
625 766 754 813 νόσος
776 764 857 817 γάρ
879 779 943 812 τις
965 762 1183 816 λοιμώδης
1203 760 1415 815 γενομένη
1436 760 1711 813 θεόπεμπτός

182 849 226 874 τε
265 831 334 873 καὶ
373 831 458 872 ὑπὸ
497 830 649 886 τέχνης
688 830 975 884 ἀνθρωπίνης
1017 827 1194 875 ἀνίατος
1236 828 1296 875 εἰς
1338 827 1514 880 ζήτησιν
1553 824 1714 872 αὐτοὺς

186 899 317 952 ἤγαγε
349 904 438 938 τῶν
471 904 689 951 χρησμῶν.
735 893 982 948 ἐκόσμησάν
1018 909 1061 934 τε
1098 892 1326 947 στρωμνὰς
1361 897 1495 945 τρεῖς,
1535 890 1593 939 ὡς
1628 888 1713 931 ἐκέ-

184 967 315 1004 λευον
355 963 395 1004 οἱ
428 964 632 1017 χρησμοί.
665 963 771 1015 μίαν
803 958 883 1015 μὲν
914 959 1150 1001 Ἀπόλλωνι
1183 958 1254 999 καὶ
1287 960 1445 1010 Λητοῐς
1482 954 1634 1010 ἑτέραν
1667 955 1714 996 δὲ

184 1029 389 1082 (Ηρακλεῑ
421 1028 492 1068 καὶ,
520 1026 759 1081 Ἀρτέμιδι,
791 1028 943 1080 τρίτην
980 1022 1027 1066 δὲ
1054 1022 1189 1078 (Ερμῆ
1221 1022 1294 1064 καὶ
1327 1022 1592 1064 Ποσειδῶνι.
1642 1019 1713 1061 καὶ

184 1093 411 1135 διετέλουν
443 1091 519 1148 ἐφ’
556 1092 715 1147 ἡμέρας
749 1091 853 1133 ἑπτα
887 1092 1075 1145 δημοσία
1110 1104 1154 1130 τε
1187 1088 1487 1136 καταθύοντες
1518 1086 1590 1128 καὶ
1624 1087 1714 1141 ἰδίςι

182 1157 274 1200 κατ’
299 1160 465 1200 οἰκείαν
492 1159 685 1212 δύναμιν
712 1158 897 1205 ἅπαντες
920 1164 1011 1205 τοῖς
1031 1160 1154 1204 θεοῖς
1175 1154 1484 1209 ἀπαρχόμενοι,
1505 1151 1715 1201 ἑστιάσεις

183 1240 227 1266 τε
256 1224 559 1279 λαμπροτάτας
586 1222 886 1271 ἐπιτελοῦντες
911 1220 981 1263 καὶ
1010 1220 1147 1271 ξένων
1175 1222 1278 1270 τοὺς
1303 1220 1715 1273 παρεπιδημοῦντας

183 1290 513 1344 ὑποδεχόμενοι.
556 1292 735 1331 Πείσων
768 1286 814 1329 δὲ
843 1288 865 1330 ὁ
893 1287 1114 1342 τιμητικὸς
1146 1285 1195 1328 ἐν
1220 1293 1313 1335 ταῖς
1346 1284 1586 1333 ἐνιαυσίοις
1611 1283 1714 1324 ἀνα-

184 1363 376 1411 γραφαῖς
399 1356 471 1397 καὶ
497 1353 619 1396 ταῦτ’
643 1352 705 1396 ἔτι
731 1354 1047 1407 προστίθησιν,
1075 1352 1141 1393 ὅτι
1163 1350 1414 1406 λελυμένων
1433 1350 1513 1404 μὲν
1533 1356 1619 1391 τῶν
1640 1353 1715 1389 θεμ

184 1423 419 1475 ραπόντων
451 1421 582 1469 ὅσους
615 1421 830 1475 πρότερον
863 1418 910 1461 ἐν
943 1426 1035 1467 τοῖς
1067 1419 1244 1470 δεσμοῖς
1276 1412 1395 1471 εἶχον
1428 1417 1470 1458 οἱ
1497 1417 1716 1469 δεσπόται,

184 1487 471 1541 πληθυούσης
505 1488 637 1541 ὄχλου
672 1485 845 1535 ξενικοῦ
883 1491 960 1538 τῆς
995 1485 1180 1537 πόλεως,
1219 1481 1591 1535 ἀναπεπταμένων
1628 1488 1715 1522 τῶν

186 1553 337 1594 οἰκιῶν
363 1553 436 1593 διὰ
461 1550 622 1606 ἡμέρας
648 1566 693 1592 τε
719 1549 790 1592 καὶ
818 1551 976 1598 νυκτὸς
1002 1547 1072 1591 καὶ
1100 1550 1200 1603 δίχα
1231 1548 1460 1596 κωλύσεως
1487 1548 1716 1588 εἰσιόντων

187 1620 248 1667 εἰς
282 1617 416 1666 αὐτας
448 1624 537 1658 τῶν
569 1615 874 1670 βουλομένων,
911 1616 1011 1656 οὔτε
1046 1621 1189 1669 χρῆμα
1224 1611 1358 1655 οὐδὲν
1393 1611 1716 1654 ἀπολωλεκέναι

186 1699 250 1732 τις
275 1682 504 1737 ᾐτιάσατο,
540 1682 641 1723 οὔτε
667 1682 908 1736 ἠδικῆσθαι
940 1681 1038 1721 τινὰ
1063 1677 1139 1721 ὑπ’
1166 1679 1372 1731 οὐδενός,
1404 1681 1544 1720 καίτοι
1576 1678 1717 1719 πολλὰ

187 1747 341 1803 φέρειν
367 1749 594 1789 εἰωθότων
613 1750 840 1801 πλημμελῆ
866 1745 938 1787 καὶ
958 1745 1191 1800 παράνομα
1211 1752 1299 1786 τῶν
1320 1743 1532 1799 ἑορταίων
1552 1751 1718 1799 καιρῶν

187 1815 260 1855 διὰ
288 1815 362 1863 τὰς
387 1812 537 1866 μέθας.

282 1942 347 1977 25.
382 1941 436 1985 Cf.
469 1942 555 1977 Lini.
585 1945 624 1984 5,
646 1944 711 1976 13.-
749 1940 907 1986 Insignis
940 1952 1057 1974 annus
1090 1940 1211 1974 hieme
1244 1940 1370 1986 gelida
1403 1951 1444 1973 ac
1478 1939 1609 1973 niuosa
1635 1939 1718 1982 fuit,

189 1991 281 2026 adeo
306 1992 349 2024 ut
374 1990 460 2025 uiae
487 1989 646 2031 clausae,
673 1989 818 2023 Tiberis
838 1988 1107 2033 innauigabilis
1132 1988 1255 2022 fuerit.
1295 1999 1441 2022 annona
1463 1998 1505 2021 ex
1526 1988 1612 2020 ante
1633 1998 1718 2021 con-

186 2040 297 2072 uecta
323 2037 430 2082 copia
456 2037 551 2072 nihil
576 2037 748 2071 mutauit.
788 2038 825 2071 et
851 2036 940 2080 quia
966 2036 1003 2071 P.
1027 2036 1202 2079 Licinius,
1222 2037 1265 2069 ut
1285 2037 1436 2079 ceperat
1461 2034 1561 2068 haud
1582 2034 1717 2068 tumul-

188 2088 293 2121 tuose
324 2085 589 2130 magistratum
620 2084 760 2119 maiore
797 2084 935 2129 gaudio
967 2083 1088 2128 plebis
1124 2093 1236 2127 quam
1267 2082 1527 2128 indignatione
1558 2083 1718 2126 patrum,

189 2134 243 2167 ita
269 2133 383 2168 etiam
408 2132 536 2178 gessit,
564 2131 722 2167 dulcedo
748 2132 889 2167 inuasit
915 2131 1092 2176 proximis
1114 2131 1275 2165 comitiis
1294 2131 1528 2165 tribunorum
1557 2129 1719 2164 militum

188 2181 355 2226 plebeios
389 2180 550 2214 creandi.
589 2191 683 2214 unus
716 2180 762 2214 M.
786 2179 961 2214 Veturius
995 2190 1038 2213 ex
1071 2179 1241 2223 patriciis
1275 2178 1485 2213 candidatis
1518 2177 1641 2211 locum
1665 2179 1719 2212 te-

189 2228 288 2271 nuit3
320 2227 486 2273 plebeios
519 2227 612 2262 alios
644 2227 814 2262 tribunos
845 2226 1006 2261 militum
1040 2226 1225 2261 consulari
1258 2227 1444 2270 potestate
1483 2236 1608 2260 omnes
1643 2225 1719 2259 fere

189 2276 378 2311 centuriae
410 2276 553 2318 dixere,
584 2276 631 2310 M.
652 2274 915 2320 Pomponium,
942 2273 1004 2308 Cn.
1026 2273 1223 2317 Duillium,
1252 2273 1472 2308 Voleronem
1504 2272 1719 2315 Publilium,

190 2323 252 2359 Cn.
274 2323 492 2367 Genucium,
520 2323 557 2357 L.
579 2322 747 2357 Atilium.
787 2323 979 2369 [consentit
1003 2323 1076 2365 fere
1097 2322 1139 2356 de
1157 2322 1367 2357 nominibus
1392 2321 1504 2355 Diod.
1527 2323 1582 2362 14,
1597 2322 1718 2366 54,2.]

284 2371 444 2406 Tristem
480 2371 656 2413 hiemem,
692 2371 771 2405 siue
807 2381 850 2404 ex
882 2369 1102 2413 intemperie
1138 2369 1233 2403 caeli
1265 2369 1404 2413 raptim
1439 2368 1646 2403 mutatione
1681 2369 1719 2402 in

191 2419 417 2453 contrarium
444 2418 562 2460 facta,
589 2418 667 2452 siue
693 2418 769 2452 alia
795 2429 868 2462 qua
895 2418 940 2452 de
967 2428 1097 2458 causa,
1124 2416 1250 2462 grauis
1276 2416 1527 2461 pestilensque
1548 2416 1718 2450 omnibus

191 2466 415 2501 animalibus
443 2468 564 2500 aestas
591 2466 747 2510 excepit.
786 2466 890 2500 cuius
916 2464 1118 2499 insanabili
1143 2464 1306 2509 pernicie
1339 2464 1488 2508 quando
1514 2475 1582 2498 nec
1608 2474 1721 2498 causa

190 2525 258 2549 nec
290 2514 373 2548 finis
399 2514 678 2556 inueniebatur,
711 2513 797 2547 libri
830 2513 1005 2557 Sibyllini
1037 2523 1079 2546 ex
1113 2513 1263 2546 senatus
1296 2511 1463 2546 consulto
1497 2511 1591 2546 aditi
1623 2514 1719 2546 sunt.

191 2561 378 2595 duumuiri
411 2562 525 2596 sacris
565 2561 751 2596 faciundis
784 2560 1013 2596 lectisternio
1045 2561 1134 2594 tunc
1166 2560 1326 2603 primum
1358 2559 1396 2593 in
1430 2559 1520 2593 urbe
1553 2559 1722 2594 Romana,

192 2609 291 2643 facto
318 2621 383 2653 per
409 2609 488 2643 dies
514 2610 595 2644 octo
622 2608 834 2653 Apollinem
859 2608 1127 2651 Latonamque,
1153 2607 1350 2642 Herculem
1376 2608 1413 2641 et
1432 2607 1603 2650 Dianam,
1623 2607 1720 2641 Mer-

192 2656 334 2690 curium
362 2658 474 2700 atque
493 2656 709 2701 Neptunum
736 2657 854 2691 tribus
881 2667 991 2699 quam
1019 2655 1246 2699 amplissime
1272 2657 1349 2688 tum
1375 2655 1551 2699 apparari
1575 2656 1722 2699 poterat

194 2703 320 2738 stratis
359 2703 465 2738 lectis
498 2704 707 2749 placauere.
752 2704 929 2748 priuatim
962 2714 1109 2747 quoque
1143 2703 1183 2736 id
1215 2713 1361 2736 sacrum
1392 2702 1620 2736 celebratum
1655 2704 1719 2736 est.

194 2753 274 2786 tota
304 2751 393 2785 urbe
425 2751 642 2795 patentibus
672 2751 795 2786 ianuis
820 2751 1105 2796 promiscuoque
1138 2762 1206 2784 usu
1230 2762 1353 2784 rerum
1380 2750 1544 2784 omnium
1573 2750 1611 2783 in
1636 2761 1720 2794 pro-

286 2858 362 2914 25,
386 2864 437 2902 19
465 2863 726 2914 πληθυούσης
747 2858 783 2901 δ’
805 2863 1004 2912 Kiesslinq
1090 2864 1143 2902 23
1167 2861 1459 2915 ἓορτάδωνσοιῖ.
1475 2875 1570 2902 corr.
1584 2862 1721 2901 Struve

1391 2928 1436 2962 9*

1739 616 1806 646 32¹⁸.)

1740 675 1806 705 355
