<?xml version="1.0" encoding="UTF-8"?>
<!DOCTYPE html PUBLIC "-//W3C//DTD XHTML 1.0 Transitional//EN"
    "http://www.w3.org/TR/xhtml1/DTD/xhtml1-transitional.dtd">
<html xmlns="http://www.w3.org/1999/xhtml" xml:lang="en" lang="en">
 <head>
  <title>
</title>
<meta http-equiv="Content-Type" content="text/html;charset=utf-8" />
  <meta name='ocr-system' content='tesseract 3.04.00' />
  <meta name='ocr-capabilities' content='ocr_page ocr_carea ocr_par ocr_line ocrx_word'/>
</head>
<body>
  <div class='ocr_page' id='page_1' title='image "./historicorumroma01peteuoft_0358.png"; bbox 0 0 2002 3342; ppageno 0'>
   <div class='ocr_carea' id='block_1_1' title="bbox 256 188 1461 232">
    <p class='ocr_par' dir='ltr' id='par_1_1' title="bbox 256 188 1461 232">
     <span class='ocr_line' id='line_1_1' title="bbox 256 188 1461 232; baseline 0.002 -11"><span class='ocrx_word' id='word_1_1' title='bbox 256 200 454 232; x_wconf 75' lang='lat' dir='ltr'>cccxmv</span> <span class='ocrx_word' id='word_1_2' title='bbox 596 188 659 222; x_wconf 82' lang='lat' dir='ltr'>DE</span> <span class='ocrx_word' id='word_1_3' title='bbox 687 188 992 223; x_wconf 72' lang='lat' dir='ltr'>SCRIPTORVM</span> <span class='ocrx_word' id='word_1_4' title='bbox 1019 188 1140 223; x_wconf 73' lang='lat' dir='ltr'>vrris</span> <span class='ocrx_word' id='word_1_5' title='bbox 1169 189 1227 223; x_wconf 67' lang='lat' dir='ltr'>ET</span> <span class='ocrx_word' id='word_1_6' title='bbox 1255 189 1461 224; x_wconf 74' lang='lat' dir='ltr'>scairris</span> 
     </span>
    </p>
   </div>
   <div class='ocr_carea' id='block_1_2' title="bbox 249 298 1790 2366">
    <p class='ocr_par' dir='ltr' id='par_1_2' title="bbox 249 298 1790 2366">
     <span class='ocr_line' id='line_1_2' title="bbox 255 298 1789 351; baseline 0.001 -14"><span class='ocrx_word' id='word_1_7' title='bbox 255 298 355 337; x_wconf 88' lang='lat' dir='ltr'>bello</span> <span class='ocrx_word' id='word_1_8' title='bbox 382 298 547 337; x_wconf 77' lang='lat' dir='ltr'>Marsico</span> <span class='ocrx_word' id='word_1_9' title='bbox 576 298 812 349; x_wconf 89' lang='lat' dir='ltr'>Sullanoque</span> <span class='ocrx_word' id='word_1_10' title='bbox 841 304 1038 350; x_wconf 89' lang='lat' dir='ltr'>comperta</span> <span class='ocrx_word' id='word_1_11' title='bbox 1067 299 1268 351; x_wconf 76' lang='lat' dir='ltr'>hahemus,</span> <span class='ocrx_word' id='word_1_12' title='bbox 1295 302 1453 338; x_wconf 90' lang='lat' dir='ltr'>omnino</span> <span class='ocrx_word' id='word_1_13' title='bbox 1481 313 1676 351; x_wconf 87' lang='lat' dir='ltr'>perpauca</span> <span class='ocrx_word' id='word_1_14' title='bbox 1697 307 1789 340; x_wconf 90' lang='lat' dir='ltr'>sunt</span> 
     </span>
     <span class='ocr_line' id='line_1_3' title="bbox 255 363 1788 416; baseline 0.001 -15"><span class='ocrx_word' id='word_1_15' title='bbox 255 376 377 414; x_wconf 87' lang='lat' dir='ltr'>eaque</span> <span class='ocrx_word' id='word_1_16' title='bbox 405 364 590 415; x_wconf 76' lang='lat' dir='ltr'><strong>pleraque</strong></span> <span class='ocrx_word' id='word_1_17' title='bbox 619 376 638 402; x_wconf 87' lang='lat' dir='ltr'>a</span> <span class='ocrx_word' id='word_1_18' title='bbox 666 363 926 415; x_wconf 78' lang='lat' dir='ltr'>scriptoribus</span> <span class='ocrx_word' id='word_1_19' title='bbox 960 364 1204 403; x_wconf 78' lang='lat' dir='ltr'>secundariis</span> <span class='ocrx_word' id='word_1_20' title='bbox 1235 364 1433 403; x_wconf 85' lang='lat' dir='ltr'>inferioris</span> <span class='ocrx_word' id='word_1_21' title='bbox 1460 367 1648 416; x_wconf 88' lang='lat' dir='ltr'>temporis</span> <span class='ocrx_word' id='word_1_22' title='bbox 1674 365 1788 404; x_wconf 91' lang='lat' dir='ltr'>nobis</span> 
     </span>
     <span class='ocr_line' id='line_1_4' title="bbox 255 428 1787 480; baseline 0.001 -14"><span class='ocrx_word' id='word_1_23' title='bbox 255 428 407 479; x_wconf 73' lang='lat' dir='ltr'>tradita,</span> <span class='ocrx_word' id='word_1_24' title='bbox 435 441 482 466; x_wconf 86' lang='lat' dir='ltr'>an</span> <span class='ocrx_word' id='word_1_25' title='bbox 509 428 600 466; x_wconf 90' lang='lat' dir='ltr'>inde</span> <span class='ocrx_word' id='word_1_26' title='bbox 629 429 731 479; x_wconf 90' lang='lat' dir='ltr'>quod</span> <span class='ocrx_word' id='word_1_27' title='bbox 761 429 826 467; x_wconf 92' lang='lat' dir='ltr'>diu</span> <span class='ocrx_word' id='word_1_28' title='bbox 848 429 1049 479; x_wconf 81' lang='lat' dir='ltr'>neglectus</span> <span class='ocrx_word' id='word_1_29' title='bbox 1070 431 1201 467; x_wconf 85' lang='lat' dir='ltr'>iacuit.</span> <span class='ocrx_word' id='word_1_30' title='bbox 1243 429 1318 468; x_wconf 87' lang='lat' dir='ltr'>Sed</span> <span class='ocrx_word' id='word_1_31' title='bbox 1339 435 1592 480; x_wconf 81' lang='lat' dir='ltr'><strong>posteaquam</strong></span> <span class='ocrx_word' id='word_1_32' title='bbox 1615 430 1787 469; x_wconf 90' lang='lat' dir='ltr'>studium</span> 
     </span>
     <span class='ocr_line' id='line_1_5' title="bbox 254 493 1787 546; baseline 0.001 -15"><span class='ocrx_word' id='word_1_33' title='bbox 254 498 409 532; x_wconf 87' lang='lat' dir='ltr'>uetuste</span> <span class='ocrx_word' id='word_1_34' title='bbox 439 493 595 532; x_wconf 83' lang='lat' dir='ltr'>dicendi</span> <span class='ocrx_word' id='word_1_35' title='bbox 623 495 901 533; x_wconf 88' lang='lat' dir='ltr'>resuscitatum</span> <span class='ocrx_word' id='word_1_36' title='bbox 935 500 1010 545; x_wconf 82' lang='lat' dir='ltr'>est,</span> <span class='ocrx_word' id='word_1_37' title='bbox 1045 496 1161 532; x_wconf 82' lang='lat' dir='ltr'>etiam</span> <span class='ocrx_word' id='word_1_38' title='bbox 1190 494 1379 533; x_wconf 78' lang='lat' dir='ltr'>Sisennae</span> <span class='ocrx_word' id='word_1_39' title='bbox 1413 494 1502 533; x_wconf 85' lang='lat' dir='ltr'>libri</span> <span class='ocrx_word' id='word_1_40' title='bbox 1534 500 1694 546; x_wconf 86' lang='lat' dir='ltr'>propter</span> <span class='ocrx_word' id='word_1_41' title='bbox 1719 508 1787 533; x_wconf 92' lang='lat' dir='ltr'>uo-</span> 
     </span>
     <span class='ocr_line' id='line_1_6' title="bbox 254 559 1788 611; baseline 0.001 -15"><span class='ocrx_word' id='word_1_42' title='bbox 254 571 319 596; x_wconf 78' lang='lat' dir='ltr'>ces</span> <span class='ocrx_word' id='word_1_43' title='bbox 354 570 443 596; x_wconf 86' lang='lat' dir='ltr'>suas</span> <span class='ocrx_word' id='word_1_44' title='bbox 476 560 626 609; x_wconf 87' lang='lat' dir='ltr'>priscas</span> <span class='ocrx_word' id='word_1_45' title='bbox 660 564 698 597; x_wconf 88' lang='lat' dir='ltr'>et</span> <span class='ocrx_word' id='word_1_46' title='bbox 723 560 929 598; x_wconf 85' lang='lat' dir='ltr'>inusitatas</span> <span class='ocrx_word' id='word_1_47' title='bbox 957 560 1078 610; x_wconf 77' lang='lat' dir='ltr'>eruti,</span> <span class='ocrx_word' id='word_1_48' title='bbox 1105 559 1288 609; x_wconf 82' lang='lat' dir='ltr'>lectitati,</span> <span class='ocrx_word' id='word_1_49' title='bbox 1315 561 1489 610; x_wconf 81' lang='lat' dir='ltr'>excerpti</span> <span class='ocrx_word' id='word_1_50' title='bbox 1516 566 1617 598; x_wconf 90' lang='lat' dir='ltr'>sunt.</span> <span class='ocrx_word' id='word_1_51' title='bbox 1656 561 1788 611; x_wconf 87' lang='lat' dir='ltr'>itaque</span> 
     </span>
     <span class='ocr_line' id='line_1_7' title="bbox 258 624 1790 674; baseline 0.001 -12"><span class='ocrx_word' id='word_1_52' title='bbox 258 627 334 663; x_wconf 90' lang='lat' dir='ltr'>iam</span> <span class='ocrx_word' id='word_1_53' title='bbox 356 624 526 674; x_wconf 77' lang='lat' dir='ltr'>Tacitus,</span> <span class='ocrx_word' id='word_1_54' title='bbox 548 625 615 674; x_wconf 88' lang='lat' dir='ltr'>qui</span> <span class='ocrx_word' id='word_1_55' title='bbox 636 625 675 661; x_wconf 93' lang='lat' dir='ltr'>in</span> <span class='ocrx_word' id='word_1_56' title='bbox 696 624 873 662; x_wconf 86' lang='lat' dir='ltr'>historiis</span> <span class='ocrx_word' id='word_1_57' title='bbox 893 626 1132 662; x_wconf 79' lang='lat' dir='ltr'>mentionem</span> <span class='ocrx_word' id='word_1_58' title='bbox 1156 625 1391 663; x_wconf 74' lang='lat' dir='ltr'>narrationis</span> <span class='ocrx_word' id='word_1_59' title='bbox 1411 624 1599 663; x_wconf 82' lang='lat' dir='ltr'>Sisennae</span> <span class='ocrx_word' id='word_1_60' title='bbox 1621 626 1790 663; x_wconf 87' lang='lat' dir='ltr'>inseruit</span> 
     </span>
     <span class='ocr_line' id='line_1_8' title="bbox 255 685 1788 743; baseline 0.001 -16"><span class='ocrx_word' id='word_1_61' title='bbox 255 686 320 741; x_wconf 76' lang='lat' dir='ltr'>(fr.</span> <span class='ocrx_word' id='word_1_62' title='bbox 346 685 468 743; x_wconf 71' lang='lat'>129),</span> <span class='ocrx_word' id='word_1_63' title='bbox 496 690 535 727; x_wconf 92' lang='lat' dir='ltr'>in</span> <span class='ocrx_word' id='word_1_64' title='bbox 564 688 714 738; x_wconf 75' lang='lat' dir='ltr'>dialogo</span> <span class='ocrx_word' id='word_1_65' title='bbox 743 686 845 727; x_wconf 77' lang='lat' dir='ltr'>c.23</span> <span class='ocrx_word' id='word_1_66' title='bbox 872 689 1019 739; x_wconf 84' lang='lat' dir='ltr'>Aprum</span> <span class='ocrx_word' id='word_1_67' title='bbox 1048 689 1279 728; x_wconf 91' lang='lat' dir='ltr'>irridentem</span> <span class='ocrx_word' id='word_1_68' title='bbox 1307 690 1399 728; x_wconf 85' lang='lat' dir='ltr'>fecit</span> <span class='ocrx_word' id='word_1_69' title='bbox 1425 702 1510 741; x_wconf 74' lang='lat' dir='ltr'>eos,</span> <span class='ocrx_word' id='word_1_70' title='bbox 1540 689 1683 740; x_wconf 88' lang='lat' dir='ltr'>quibus</span> <span class='ocrx_word' id='word_1_71' title='bbox 1710 689 1788 728; x_wconf 90' lang='lat' dir='ltr'>elo-</span> 
     </span>
     <span class='ocr_line' id='line_1_9' title="bbox 255 753 1787 804; baseline 0.001 -13"><span class='ocrx_word' id='word_1_72' title='bbox 255 755 412 804; x_wconf 76' lang='lat' dir='ltr'>quentia</span> <span class='ocrx_word' id='word_1_73' title='bbox 439 753 584 792; x_wconf 82' lang='lat' dir='ltr'>Aufidii</span> <span class='ocrx_word' id='word_1_74' title='bbox 611 753 722 792; x_wconf 86' lang='lat' dir='ltr'>Bassi</span> <span class='ocrx_word' id='word_1_75' title='bbox 755 759 793 792; x_wconf 88' lang='lat' dir='ltr'>et</span> <span class='ocrx_word' id='word_1_76' title='bbox 821 753 980 792; x_wconf 88' lang='lat' dir='ltr'>Seruilii</span> <span class='ocrx_word' id='word_1_77' title='bbox 1008 753 1175 792; x_wconf 83' lang='lat' dir='ltr'>Noniani</span> <span class='ocrx_word' id='word_1_78' title='bbox 1209 767 1253 792; x_wconf 86' lang='lat' dir='ltr'>ex</span> <span class='ocrx_word' id='word_1_79' title='bbox 1282 755 1571 804; x_wconf 86' lang='lat' dir='ltr'>comparatione</span> <span class='ocrx_word' id='word_1_80' title='bbox 1599 753 1787 792; x_wconf 85' lang='lat' dir='ltr'>Sisennae</span> 
     </span>
     <span class='ocr_line' id='line_1_10' title="bbox 253 815 1787 872; baseline 0 -15"><span class='ocrx_word' id='word_1_81' title='bbox 253 823 319 857; x_wconf 89' lang='lat' dir='ltr'>aut</span> <span class='ocrx_word' id='word_1_82' title='bbox 341 819 523 857; x_wconf 88' lang='lat' dir='ltr'>Varronis</span> <span class='ocrx_word' id='word_1_83' title='bbox 551 818 730 857; x_wconf 86' lang='lat' dir='ltr'>sorderet</span> <span class='ocrx_word' id='word_1_84' title='bbox 741 815 792 872; x_wconf 52' lang='grc' dir='ltr'>Ὃς</span> <span class='ocrx_word' id='word_1_85' title='bbox 820 818 968 857; x_wconf 86' lang='lat' dir='ltr'>Gellius</span> <span class='ocrx_word' id='word_1_86' title='bbox 996 825 1125 857; x_wconf 85' lang='lat' dir='ltr'>autem</span> <span class='ocrx_word' id='word_1_87' title='bbox 1148 819 1336 857; x_wconf 79' lang='lat' dir='ltr'>Sisennae</span> <span class='ocrx_word' id='word_1_88' title='bbox 1364 819 1547 857; x_wconf 76' lang='lat' dir='ltr'>historias</span> <span class='ocrx_word' id='word_1_89' title='bbox 1569 818 1724 857; x_wconf 87' lang='lat' dir='ltr'>assidue</span> <span class='ocrx_word' id='word_1_90' title='bbox 1745 831 1787 857; x_wconf 89' lang='lat' dir='ltr'>se</span> 
     </span>
     <span class='ocr_line' id='line_1_11' title="bbox 253 880 1786 937; baseline 0 -15"><span class='ocrx_word' id='word_1_91' title='bbox 253 884 422 922; x_wconf 85' lang='lat' dir='ltr'>affirmat</span> <span class='ocrx_word' id='word_1_92' title='bbox 456 884 696 922; x_wconf 88' lang='lat' dir='ltr'>lectitauisse</span> <span class='ocrx_word' id='word_1_93' title='bbox 731 880 963 937; x_wconf 72' lang='lat'>(12,15‚1)</span> <span class='ocrx_word' id='word_1_94' title='bbox 998 890 1035 922; x_wconf 90' lang='lat' dir='ltr'>et</span> <span class='ocrx_word' id='word_1_95' title='bbox 1069 890 1253 935; x_wconf 87' lang='lat' dir='ltr'>quattuor</span> <span class='ocrx_word' id='word_1_96' title='bbox 1286 884 1503 934; x_wconf 84' lang='lat' dir='ltr'>fragmenta</span> <span class='ocrx_word' id='word_1_97' title='bbox 1536 896 1580 922; x_wconf 85' lang='lat' dir='ltr'>ex</span> <span class='ocrx_word' id='word_1_98' title='bbox 1615 885 1671 922; x_wconf 88' lang='lat' dir='ltr'>eis</span> <span class='ocrx_word' id='word_1_99' title='bbox 1698 896 1786 922; x_wconf 88' lang='lat' dir='ltr'>cum</span> 
     </span>
     <span class='ocr_line' id='line_1_12' title="bbox 252 945 1786 1001; baseline -0.001 -14"><span class='ocrx_word' id='word_1_100' title='bbox 252 948 444 987; x_wconf 86' lang='lat' dir='ltr'>librorum</span> <span class='ocrx_word' id='word_1_101' title='bbox 477 950 654 988; x_wconf 89' lang='lat' dir='ltr'>numeris</span> <span class='ocrx_word' id='word_1_102' title='bbox 687 948 869 988; x_wconf 86' lang='lat' dir='ltr'>noctibus</span> <span class='ocrx_word' id='word_1_103' title='bbox 902 950 985 987; x_wconf 88' lang='lat' dir='ltr'>suis</span> <span class='ocrx_word' id='word_1_104' title='bbox 1020 950 1205 988; x_wconf 87' lang='lat' dir='ltr'>seruauit.</span> <span class='ocrx_word' id='word_1_105' title='bbox 1246 949 1414 1000; x_wconf 86' lang='lat' dir='ltr'>plurima</span> <span class='ocrx_word' id='word_1_106' title='bbox 1440 961 1536 987; x_wconf 88' lang='lat' dir='ltr'>uero</span> <span class='ocrx_word' id='word_1_107' title='bbox 1563 945 1670 1001; x_wconf 77' lang='lat' dir='ltr'>(plus</span> <span class='ocrx_word' id='word_1_108' title='bbox 1697 961 1786 987; x_wconf 89' lang='lat' dir='ltr'>cen-</span> 
     </span>
     <span class='ocr_line' id='line_1_13' title="bbox 252 1010 1787 1068; baseline -0.001 -16"><span class='ocrx_word' id='word_1_109' title='bbox 252 1020 334 1052; x_wconf 91' lang='lat' dir='ltr'>tum</span> <span class='ocrx_word' id='word_1_110' title='bbox 359 1010 521 1068; x_wconf 76' lang='lat' dir='ltr'>uiginti)</span> <span class='ocrx_word' id='word_1_111' title='bbox 533 1010 566 1067; x_wconf 78' lang='grc'>2)</span> <span class='ocrx_word' id='word_1_112' title='bbox 595 1014 782 1052; x_wconf 88' lang='lat' dir='ltr'>debemus</span> <span class='ocrx_word' id='word_1_113' title='bbox 810 1013 982 1052; x_wconf 89' lang='lat' dir='ltr'>Nonio.</span> <span class='ocrx_word' id='word_1_114' title='bbox 1024 1014 1098 1052; x_wconf 86' lang='lat' dir='ltr'>Sed</span> <span class='ocrx_word' id='word_1_115' title='bbox 1125 1014 1170 1052; x_wconf 92' lang='lat' dir='ltr'>de</span> <span class='ocrx_word' id='word_1_116' title='bbox 1193 1014 1382 1053; x_wconf 84' lang='lat' dir='ltr'>Sisennae</span> <span class='ocrx_word' id='word_1_117' title='bbox 1408 1015 1687 1065; x_wconf 80' lang='lat' dir='ltr'>propagatione</span> <span class='ocrx_word' id='word_1_118' title='bbox 1716 1013 1787 1052; x_wconf 85' lang='lat' dir='ltr'>dis-</span> 
     </span>
     <span class='ocr_line' id='line_1_14' title="bbox 252 1078 1788 1130; baseline 0.001 -13"><span class='ocrx_word' id='word_1_119' title='bbox 252 1079 405 1117; x_wconf 82' lang='lat' dir='ltr'>ficultas</span> <span class='ocrx_word' id='word_1_120' title='bbox 433 1080 694 1130; x_wconf 72' lang='lat' dir='ltr'>quaestionis,</span> <span class='ocrx_word' id='word_1_121' title='bbox 721 1092 795 1130; x_wconf 88' lang='lat' dir='ltr'>qua</span> <span class='ocrx_word' id='word_1_122' title='bbox 827 1081 991 1130; x_wconf 87' lang='lat' dir='ltr'>quaeuis</span> <span class='ocrx_word' id='word_1_123' title='bbox 1017 1079 1193 1118; x_wconf 81' lang='lat' dir='ltr'>Noniana</span> <span class='ocrx_word' id='word_1_124' title='bbox 1220 1079 1463 1130; x_wconf 78' lang='lat' dir='ltr'>implicatur,</span> <span class='ocrx_word' id='word_1_125' title='bbox 1493 1078 1788 1118; x_wconf 86' lang='lat' dir='ltr'>diuersitatibus</span> 
     </span>
     <span class='ocr_line' id='line_1_15' title="bbox 252 1143 1787 1195; baseline 0 -13"><span class='ocrx_word' id='word_1_126' title='bbox 252 1143 487 1194; x_wconf 88' lang='lat' dir='ltr'>quibusdam</span> <span class='ocrx_word' id='word_1_127' title='bbox 512 1151 689 1194; x_wconf 80' lang='lat' dir='ltr'>augetur.</span> <span class='ocrx_word' id='word_1_128' title='bbox 729 1156 818 1182; x_wconf 91' lang='lat' dir='ltr'>nam</span> <span class='ocrx_word' id='word_1_129' title='bbox 845 1144 934 1195; x_wconf 90' lang='lat' dir='ltr'>plus</span> <span class='ocrx_word' id='word_1_130' title='bbox 956 1150 1113 1183; x_wconf 87' lang='lat' dir='ltr'>centum</span> <span class='ocrx_word' id='word_1_131' title='bbox 1136 1144 1313 1195; x_wconf 86' lang='lat' dir='ltr'>exempla</span> <span class='ocrx_word' id='word_1_132' title='bbox 1334 1157 1379 1183; x_wconf 82' lang='lat' dir='ltr'>ex</span> <span class='ocrx_word' id='word_1_133' title='bbox 1400 1144 1513 1183; x_wconf 91' lang='lat' dir='ltr'>libris</span> <span class='ocrx_word' id='word_1_134' title='bbox 1534 1144 1787 1183; x_wconf 77' lang='lat' dir='ltr'>historiarum</span> 
     </span>
     <span class='ocr_line' id='line_1_16' title="bbox 252 1209 1788 1261; baseline 0 -14"><span class='ocrx_word' id='word_1_135' title='bbox 252 1211 370 1247; x_wconf 87' lang='lat' dir='ltr'>tertio</span> <span class='ocrx_word' id='word_1_136' title='bbox 399 1215 436 1247; x_wconf 93' lang='lat' dir='ltr'>et</span> <span class='ocrx_word' id='word_1_137' title='bbox 463 1214 600 1259; x_wconf 88' lang='lat' dir='ltr'>quarto</span> <span class='ocrx_word' id='word_1_138' title='bbox 629 1209 740 1248; x_wconf 86' lang='lat' dir='ltr'>allata</span> <span class='ocrx_word' id='word_1_139' title='bbox 769 1215 877 1259; x_wconf 87' lang='lat' dir='ltr'>sunt,</span> <span class='ocrx_word' id='word_1_140' title='bbox 908 1209 1022 1247; x_wconf 90' lang='lat' dir='ltr'>modo</span> <span class='ocrx_word' id='word_1_141' title='bbox 1050 1211 1177 1261; x_wconf 90' lang='lat' dir='ltr'>primo</span> <span class='ocrx_word' id='word_1_142' title='bbox 1204 1209 1288 1248; x_wconf 89' lang='lat' dir='ltr'>loco</span> <span class='ocrx_word' id='word_1_143' title='bbox 1316 1222 1387 1260; x_wconf 88' lang='lat' dir='ltr'>per</span> <span class='ocrx_word' id='word_1_144' title='bbox 1413 1222 1453 1248; x_wconf 92' lang='lat' dir='ltr'>se</span> <span class='ocrx_word' id='word_1_145' title='bbox 1483 1214 1672 1260; x_wconf 78' lang='lat' dir='ltr'>separata,</span> <span class='ocrx_word' id='word_1_146' title='bbox 1699 1221 1788 1247; x_wconf 89' lang='lat' dir='ltr'>raro</span> 
     </span>
     <span class='ocr_line' id='line_1_17' title="bbox 251 1274 1787 1326; baseline 0.001 -15"><span class='ocrx_word' id='word_1_147' title='bbox 251 1275 324 1324; x_wconf 78' lang='lat' dir='ltr'>ita,</span> <span class='ocrx_word' id='word_1_148' title='bbox 360 1279 403 1312; x_wconf 85' lang='lat' dir='ltr'>ut</span> <span class='ocrx_word' id='word_1_149' title='bbox 436 1286 574 1324; x_wconf 85' lang='lat' dir='ltr'>agmen</span> <span class='ocrx_word' id='word_1_150' title='bbox 608 1274 773 1313; x_wconf 87' lang='lat' dir='ltr'>aliorum</span> <span class='ocrx_word' id='word_1_151' title='bbox 803 1274 961 1325; x_wconf 82' lang='lat' dir='ltr'>ducant,</span> <span class='ocrx_word' id='word_1_152' title='bbox 996 1275 1110 1313; x_wconf 89' lang='lat' dir='ltr'>modo</span> <span class='ocrx_word' id='word_1_153' title='bbox 1139 1275 1276 1313; x_wconf 86' lang='lat' dir='ltr'>alienis</span> <span class='ocrx_word' id='word_1_154' title='bbox 1309 1275 1549 1326; x_wconf 82' lang='lat' dir='ltr'>explicandis</span> <span class='ocrx_word' id='word_1_155' title='bbox 1584 1274 1787 1313; x_wconf 87' lang='lat' dir='ltr'>destinata.</span> 
     </span>
     <span class='ocr_line' id='line_1_18' title="bbox 251 1338 1789 1390; baseline 0.002 -15"><span class='ocrx_word' id='word_1_156' title='bbox 251 1343 401 1376; x_wconf 85' lang='lat' dir='ltr'>restant</span> <span class='ocrx_word' id='word_1_157' title='bbox 433 1350 576 1376; x_wconf 88' lang='lat' dir='ltr'>nouem</span> <span class='ocrx_word' id='word_1_158' title='bbox 611 1338 788 1389; x_wconf 87' lang='lat' dir='ltr'>exempla</span> <span class='ocrx_word' id='word_1_159' title='bbox 822 1351 866 1377; x_wconf 87' lang='lat' dir='ltr'>ex</span> <span class='ocrx_word' id='word_1_160' title='bbox 902 1339 988 1378; x_wconf 89' lang='lat' dir='ltr'>aliis</span> <span class='ocrx_word' id='word_1_161' title='bbox 1021 1340 1152 1390; x_wconf 76' lang='lat' dir='ltr'>libris,</span> <span class='ocrx_word' id='word_1_162' title='bbox 1180 1339 1248 1378; x_wconf 92' lang='lat' dir='ltr'>sed</span> <span class='ocrx_word' id='word_1_163' title='bbox 1282 1340 1328 1378; x_wconf 92' lang='lat' dir='ltr'>de</span> <span class='ocrx_word' id='word_1_164' title='bbox 1360 1340 1422 1378; x_wconf 79' lang='lat' dir='ltr'>liis</span> <span class='ocrx_word' id='word_1_165' title='bbox 1456 1339 1605 1378; x_wconf 76' lang='lat' dir='ltr'>Nonius</span> <span class='ocrx_word' id='word_1_166' title='bbox 1639 1341 1713 1378; x_wconf 86' lang='lat' dir='ltr'>tria</span> <span class='ocrx_word' id='word_1_167' title='bbox 1745 1346 1789 1378; x_wconf 91' lang='lat' dir='ltr'>ut</span> 
     </span>
     <span class='ocr_line' id='line_1_19' title="bbox 253 1401 1788 1460; baseline 0.002 -20"><span class='ocrx_word' id='word_1_168' title='bbox 253 1402 348 1441; x_wconf 86' lang='lat' dir='ltr'>alias</span> <span class='ocrx_word' id='word_1_169' title='bbox 374 1408 506 1453; x_wconf 87' lang='lat' dir='ltr'>partes</span> <span class='ocrx_word' id='word_1_170' title='bbox 528 1415 574 1441; x_wconf 87' lang='lat' dir='ltr'>ex</span> <span class='ocrx_word' id='word_1_171' title='bbox 596 1402 719 1441; x_wconf 87' lang='lat' dir='ltr'>Gellio</span> <span class='ocrx_word' id='word_1_172' title='bbox 742 1406 962 1455; x_wconf 78' lang='lat' dir='ltr'>exscripsit,</span> <span class='ocrx_word' id='word_1_173' title='bbox 990 1405 1033 1444; x_wconf 86' lang='lat' dir='ltr'>fr.</span> <span class='ocrx_word' id='word_1_174' title='bbox 1054 1403 1148 1444; x_wconf 73' lang='lat'>126.</span> <span class='ocrx_word' id='word_1_175' title='bbox 1174 1403 1253 1443; x_wconf 75' lang='lat'>127</span> <span class='ocrx_word' id='word_1_176' title='bbox 1273 1401 1386 1460; x_wconf 78' lang='lat' dir='ltr'>(bis).</span> <span class='ocrx_word' id='word_1_177' title='bbox 1412 1402 1506 1455; x_wconf 77' lang='lat'>128,</span> <span class='ocrx_word' id='word_1_178' title='bbox 1534 1417 1656 1456; x_wconf 89' lang='lat' dir='ltr'>eaque</span> <span class='ocrx_word' id='word_1_179' title='bbox 1678 1417 1788 1456; x_wconf 85' lang='lat' dir='ltr'>prae-</span> 
     </span>
     <span class='ocr_line' id='line_1_20' title="bbox 253 1464 1788 1522; baseline 0.002 -17"><span class='ocrx_word' id='word_1_180' title='bbox 253 1472 314 1505; x_wconf 90' lang='lat' dir='ltr'>ter</span> <span class='ocrx_word' id='word_1_181' title='bbox 339 1480 460 1506; x_wconf 88' lang='lat' dir='ltr'>unum</span> <span class='ocrx_word' id='word_1_182' title='bbox 483 1464 609 1521; x_wconf 71' lang='lat'>(128)</span> <span class='ocrx_word' id='word_1_183' title='bbox 644 1481 733 1507; x_wconf 89' lang='lat' dir='ltr'>cum</span> <span class='ocrx_word' id='word_1_184' title='bbox 766 1481 918 1522; x_wconf 80' lang='lat' dir='ltr'>errore3</span> <span class='ocrx_word' id='word_1_185' title='bbox 951 1482 1040 1508; x_wconf 87' lang='lat' dir='ltr'>nam</span> <span class='ocrx_word' id='word_1_186' title='bbox 1068 1483 1146 1509; x_wconf 89' lang='lat' dir='ltr'>uno</span> <span class='ocrx_word' id='word_1_187' title='bbox 1174 1470 1257 1508; x_wconf 77' lang='lat' dir='ltr'>loco</span> <span class='ocrx_word' id='word_1_188' title='bbox 1288 1472 1417 1521; x_wconf 88' lang='lat' dir='ltr'>ipsum</span> <span class='ocrx_word' id='word_1_189' title='bbox 1447 1470 1602 1520; x_wconf 82' lang='lat' dir='ltr'>lemma,</span> <span class='ocrx_word' id='word_1_190' title='bbox 1637 1469 1788 1508; x_wconf 87' lang='lat' dir='ltr'>duobus</span> 
     </span>
     <span class='ocr_line' id='line_1_21' title="bbox 252 1531 1787 1588; baseline 0.002 -18"><span class='ocrx_word' id='word_1_191' title='bbox 252 1532 442 1571; x_wconf 86' lang='lat' dir='ltr'>librorum</span> <span class='ocrx_word' id='word_1_192' title='bbox 470 1545 655 1572; x_wconf 88' lang='lat' dir='ltr'>numeros</span> <span class='ocrx_word' id='word_1_193' title='bbox 684 1535 875 1586; x_wconf 79' lang='lat' dir='ltr'>corrupit,</span> <span class='ocrx_word' id='word_1_194' title='bbox 910 1536 1026 1574; x_wconf 88' lang='lat' dir='ltr'>tertio</span> <span class='ocrx_word' id='word_1_195' title='bbox 1054 1536 1186 1574; x_wconf 87' lang='lat' dir='ltr'>omisit</span> <span class='ocrx_word' id='word_1_196' title='bbox 1212 1532 1310 1588; x_wconf 87' lang='lat' dir='ltr'>(uid.</span> <span class='ocrx_word' id='word_1_197' title='bbox 1332 1535 1417 1574; x_wconf 88' lang='lat' dir='ltr'>adn.</span> <span class='ocrx_word' id='word_1_198' title='bbox 1440 1535 1486 1573; x_wconf 86' lang='lat' dir='ltr'>ad</span> <span class='ocrx_word' id='word_1_199' title='bbox 1508 1531 1592 1588; x_wconf 65' lang='lat' dir='ltr'>fr),</span> <span class='ocrx_word' id='word_1_200' title='bbox 1617 1534 1658 1573; x_wconf 92' lang='lat' dir='ltr'>id</span> <span class='ocrx_word' id='word_1_201' title='bbox 1685 1535 1787 1586; x_wconf 91' lang='lat' dir='ltr'>quod</span> 
     </span>
     <span class='ocr_line' id='line_1_22' title="bbox 253 1597 1787 1651; baseline 0.002 -16"><span class='ocrx_word' id='word_1_202' title='bbox 253 1597 298 1636; x_wconf 91' lang='lat' dir='ltr'>de</span> <span class='ocrx_word' id='word_1_203' title='bbox 326 1603 484 1636; x_wconf 88' lang='lat' dir='ltr'>centum</span> <span class='ocrx_word' id='word_1_204' title='bbox 511 1598 589 1637; x_wconf 90' lang='lat' dir='ltr'>illis</span> <span class='ocrx_word' id='word_1_205' title='bbox 617 1599 702 1637; x_wconf 89' lang='lat' dir='ltr'>aliis</span> <span class='ocrx_word' id='word_1_206' title='bbox 727 1600 772 1638; x_wconf 82' lang='lat' dir='ltr'>fr.</span> <span class='ocrx_word' id='word_1_207' title='bbox 800 1601 867 1638; x_wconf 88' lang='lat' dir='ltr'>uix</span> <span class='ocrx_word' id='word_1_208' title='bbox 893 1613 1080 1651; x_wconf 87' lang='lat' dir='ltr'>umquam</span> <span class='ocrx_word' id='word_1_209' title='bbox 1109 1601 1252 1639; x_wconf 80' lang='lat' dir='ltr'>sactum</span> <span class='ocrx_word' id='word_1_210' title='bbox 1276 1606 1344 1639; x_wconf 88' lang='lat' dir='ltr'>est.</span> <span class='ocrx_word' id='word_1_211' title='bbox 1381 1601 1473 1639; x_wconf 92' lang='lat' dir='ltr'>hinc</span> <span class='ocrx_word' id='word_1_212' title='bbox 1495 1601 1611 1639; x_wconf 85' lang='lat' dir='ltr'>etiam</span> <span class='ocrx_word' id='word_1_213' title='bbox 1634 1599 1680 1638; x_wconf 91' lang='lat' dir='ltr'>de</span> <span class='ocrx_word' id='word_1_214' title='bbox 1701 1599 1787 1638; x_wconf 90' lang='lat' dir='ltr'>aliis</span> 
     </span>
     <span class='ocr_line' id='line_1_23' title="bbox 254 1663 1787 1716; baseline 0.001 -15"><span class='ocrx_word' id='word_1_215' title='bbox 254 1664 339 1701; x_wconf 90' lang='lat' dir='ltr'>eius</span> <span class='ocrx_word' id='word_1_216' title='bbox 355 1665 512 1714; x_wconf 82' lang='lat' dir='ltr'>generis</span> <span class='ocrx_word' id='word_1_217' title='bbox 529 1663 719 1702; x_wconf 90' lang='lat' dir='ltr'>dubitatio</span> <span class='ocrx_word' id='word_1_218' title='bbox 735 1664 923 1704; x_wconf 85' lang='lat' dir='ltr'>oboritur.</span> <span class='ocrx_word' id='word_1_219' title='bbox 958 1666 1167 1716; x_wconf 79' lang='lat' dir='ltr'>singularis</span> <span class='ocrx_word' id='word_1_220' title='bbox 1184 1667 1287 1704; x_wconf 90' lang='lat' dir='ltr'>enim</span> <span class='ocrx_word' id='word_1_221' title='bbox 1305 1671 1365 1704; x_wconf 90' lang='lat' dir='ltr'>est</span> <span class='ocrx_word' id='word_1_222' title='bbox 1385 1666 1591 1716; x_wconf 85' lang='lat' dir='ltr'>inscriptio</span> <span class='ocrx_word' id='word_1_223' title='bbox 1605 1663 1787 1703; x_wconf 82' lang='lat' dir='ltr'>‘Sisenna</span> 
     </span>
     <span class='ocr_line' id='line_1_24' title="bbox 249 1726 1789 1784; baseline 0.001 -18"><span class='ocrx_word' id='word_1_224' title='bbox 249 1727 296 1765; x_wconf 86' lang='lat' dir='ltr'>ab</span> <span class='ocrx_word' id='word_1_225' title='bbox 318 1728 415 1767; x_wconf 91' lang='lat' dir='ltr'>urhe</span> <span class='ocrx_word' id='word_1_226' title='bbox 438 1727 608 1767; x_wconf 72' lang='lat' dir='ltr'>condita’</span> <span class='ocrx_word' id='word_1_227' title='bbox 631 1726 685 1782; x_wconf 90' lang='lat' dir='ltr'>(p.</span> <span class='ocrx_word' id='word_1_228' title='bbox 706 1727 786 1767; x_wconf 74' lang='lat'>127</span> <span class='ocrx_word' id='word_1_229' title='bbox 810 1730 855 1768; x_wconf 86' lang='lat' dir='ltr'>fr.</span> <span class='ocrx_word' id='word_1_230' title='bbox 872 1728 910 1781; x_wconf 76' lang='grc' dir='ltr'>ὃ,</span> <span class='ocrx_word' id='word_1_231' title='bbox 931 1730 1010 1769; x_wconf 90' lang='lat' dir='ltr'>uid.</span> <span class='ocrx_word' id='word_1_232' title='bbox 1033 1727 1153 1784; x_wconf 45' lang='lat' dir='ltr'>adn),</span> <span class='ocrx_word' id='word_1_233' title='bbox 1174 1736 1256 1769; x_wconf 84' lang='lat' dir='ltr'>tum</span> <span class='ocrx_word' id='word_1_234' title='bbox 1278 1731 1351 1769; x_wconf 87' lang='lat' dir='ltr'>alia</span> <span class='ocrx_word' id='word_1_235' title='bbox 1371 1736 1414 1769; x_wconf 89' lang='lat' dir='ltr'>ut</span> <span class='ocrx_word' id='word_1_236' title='bbox 1436 1730 1609 1769; x_wconf 89' lang='lat' dir='ltr'>Gelliana</span> <span class='ocrx_word' id='word_1_237' title='bbox 1630 1735 1789 1781; x_wconf 86' lang='lat' dir='ltr'>praeter</span> 
     </span>
     <span class='ocr_line' id='line_1_25' title="bbox 252 1789 1786 1846; baseline 0.001 -16"><span class='ocrx_word' id='word_1_238' title='bbox 252 1793 298 1831; x_wconf 84' lang='lat' dir='ltr'>sr.</span> <span class='ocrx_word' id='word_1_239' title='bbox 316 1791 340 1830; x_wconf 78' lang='lat'>6</span> <span class='ocrx_word' id='word_1_240' title='bbox 364 1789 510 1846; x_wconf 80' lang='lat' dir='ltr'>(libril</span> <span class='ocrx_word' id='word_1_241' title='bbox 537 1806 572 1844; x_wconf 88' lang='lat' dir='ltr'>p.</span> <span class='ocrx_word' id='word_1_242' title='bbox 590 1791 695 1844; x_wconf 81' lang='lat'>376)</span> <span class='ocrx_word' id='word_1_243' title='bbox 723 1807 917 1845; x_wconf 84' lang='lat' dir='ltr'>nusquam</span> <span class='ocrx_word' id='word_1_244' title='bbox 945 1807 1034 1833; x_wconf 88' lang='lat' dir='ltr'>cum</span> <span class='ocrx_word' id='word_1_245' title='bbox 1062 1797 1204 1834; x_wconf 83' lang='lat' dir='ltr'>ceteris</span> <span class='ocrx_word' id='word_1_246' title='bbox 1226 1795 1470 1834; x_wconf 89' lang='lat' dir='ltr'>Sisennianis</span> <span class='ocrx_word' id='word_1_247' title='bbox 1497 1795 1582 1833; x_wconf 90' lang='lat' dir='ltr'>libr.</span> <span class='ocrx_word' id='word_1_248' title='bbox 1604 1794 1654 1832; x_wconf 91' lang='grc' dir='ltr'>ΙΙΙ</span> <span class='ocrx_word' id='word_1_249' title='bbox 1682 1800 1720 1833; x_wconf 87' lang='lat' dir='ltr'>et</span> <span class='ocrx_word' id='word_1_250' title='bbox 1740 1795 1786 1832; x_wconf 92' lang='lat' dir='ltr'>IV</span> 
     </span>
     <span class='ocr_line' id='line_1_26' title="bbox 251 1856 1783 1912; baseline 0.002 -17"><span class='ocrx_word' id='word_1_251' title='bbox 251 1858 461 1896; x_wconf 80' lang='lat' dir='ltr'>cohaerent</span> <span class='ocrx_word' id='word_1_252' title='bbox 484 1858 553 1897; x_wconf 90' lang='lat' dir='ltr'>sed</span> <span class='ocrx_word' id='word_1_253' title='bbox 571 1860 682 1910; x_wconf 88' lang='lat' dir='ltr'>quasi</span> <span class='ocrx_word' id='word_1_254' title='bbox 704 1860 866 1898; x_wconf 90' lang='lat' dir='ltr'>consilio</span> <span class='ocrx_word' id='word_1_255' title='bbox 883 1860 969 1898; x_wconf 91' lang='lat' dir='ltr'>aliis</span> <span class='ocrx_word' id='word_1_256' title='bbox 991 1860 1086 1898; x_wconf 82' lang='lat' dir='ltr'>locis</span> <span class='ocrx_word' id='word_1_257' title='bbox 1103 1862 1280 1911; x_wconf 85' lang='lat' dir='ltr'>inspersa</span> <span class='ocrx_word' id='word_1_258' title='bbox 1298 1867 1389 1898; x_wconf 87' lang='lat' dir='ltr'>sunt</span> <span class='ocrx_word' id='word_1_259' title='bbox 1403 1866 1464 1898; x_wconf 90' lang='lat' dir='ltr'>aut</span> <span class='ocrx_word' id='word_1_260' title='bbox 1483 1856 1680 1912; x_wconf 59' lang='lat' dir='ltr'>adnexass‘)</span> <span class='ocrx_word' id='word_1_261' title='bbox 1707 1861 1783 1898; x_wconf 90' lang='lat' dir='ltr'>iam</span> 
     </span>
     <span class='ocr_line' id='line_1_27' title="bbox 249 1915 1785 1976; baseline 0.001 -15"><span class='ocrx_word' id='word_1_262' title='bbox 249 1936 345 1961; x_wconf 87' lang='lat' dir='ltr'>uero</span> <span class='ocrx_word' id='word_1_263' title='bbox 359 1925 432 1962; x_wconf 89' lang='lat' dir='ltr'>etsi</span> <span class='ocrx_word' id='word_1_264' title='bbox 445 1922 615 1962; x_wconf 90' lang='lat' dir='ltr'>Nonium</span> <span class='ocrx_word' id='word_1_265' title='bbox 628 1923 865 1975; x_wconf 86' lang='lat' dir='ltr'>procedente</span> <span class='ocrx_word' id='word_1_266' title='bbox 881 1925 945 1964; x_wconf 89' lang='lat' dir='ltr'>uel</span> <span class='ocrx_word' id='word_1_267' title='bbox 958 1925 1134 1964; x_wconf 89' lang='lat' dir='ltr'>absoluto</span> <span class='ocrx_word' id='word_1_268' title='bbox 1149 1915 1266 1976; x_wconf 77' lang='lat' dir='ltr'>opere</span> <span class='ocrx_word' id='word_1_269' title='bbox 1280 1931 1316 1964; x_wconf 91' lang='lat' dir='ltr'>et</span> <span class='ocrx_word' id='word_1_270' title='bbox 1333 1925 1565 1976; x_wconf 78' lang='lat' dir='ltr'>amplificata</span> <span class='ocrx_word' id='word_1_271' title='bbox 1582 1930 1785 1963; x_wconf 83' lang='lat' dir='ltr'>auctorum</span> 
     </span>
     <span class='ocr_line' id='line_1_28' title="bbox 250 1988 1785 2041; baseline 0.001 -16"><span class='ocrx_word' id='word_1_272' title='bbox 250 1989 416 2026; x_wconf 88' lang='lat' dir='ltr'>scientia</span> <span class='ocrx_word' id='word_1_273' title='bbox 433 1988 625 2039; x_wconf 87' lang='lat' dir='ltr'>quaedam</span> <span class='ocrx_word' id='word_1_274' title='bbox 646 1990 686 2027; x_wconf 92' lang='lat' dir='ltr'>in</span> <span class='ocrx_word' id='word_1_275' title='bbox 708 1994 858 2028; x_wconf 83' lang='lat' dir='ltr'>textum</span> <span class='ocrx_word' id='word_1_276' title='bbox 880 1991 1097 2029; x_wconf 89' lang='lat' dir='ltr'>inseruisse</span> <span class='ocrx_word' id='word_1_277' title='bbox 1114 1990 1285 2029; x_wconf 89' lang='lat' dir='ltr'>concedo</span> <span class='ocrx_word' id='word_1_278' title='bbox 1307 1992 1524 2041; x_wconf 76' lang='lat' dir='ltr'>sentioque,</span> <span class='ocrx_word' id='word_1_279' title='bbox 1540 1991 1658 2028; x_wconf 89' lang='lat' dir='ltr'>etiam</span> <span class='ocrx_word' id='word_1_280' title='bbox 1680 2002 1785 2028; x_wconf 87' lang='lat' dir='ltr'>nunc</span> 
     </span>
     <span class='ocr_line' id='line_1_29' title="bbox 250 2053 1785 2106; baseline 0.002 -16"><span class='ocrx_word' id='word_1_281' title='bbox 250 2054 353 2091; x_wconf 86' lang='lat' dir='ltr'>inter</span> <span class='ocrx_word' id='word_1_282' title='bbox 380 2053 425 2091; x_wconf 80' lang='lat' dir='ltr'>fr.</span> <span class='ocrx_word' id='word_1_283' title='bbox 448 2053 469 2092; x_wconf 93' lang='lat' dir='ltr'>l.</span> <span class='ocrx_word' id='word_1_284' title='bbox 491 2053 542 2091; x_wconf 90' lang='lat'>111</span> <span class='ocrx_word' id='word_1_285' title='bbox 571 2058 608 2091; x_wconf 91' lang='lat' dir='ltr'>et</span> <span class='ocrx_word' id='word_1_286' title='bbox 628 2053 676 2091; x_wconf 94' lang='lat' dir='ltr'>IV</span> <span class='ocrx_word' id='word_1_287' title='bbox 704 2053 917 2094; x_wconf 84' lang='lat' dir='ltr'>discrimen</span> <span class='ocrx_word' id='word_1_288' title='bbox 945 2055 1139 2106; x_wconf 90' lang='lat' dir='ltr'>quoddam</span> <span class='ocrx_word' id='word_1_289' title='bbox 1169 2055 1390 2094; x_wconf 87' lang='lat' dir='ltr'>intercedit.</span> <span class='ocrx_word' id='word_1_290' title='bbox 1423 2068 1513 2094; x_wconf 87' lang='lat' dir='ltr'>nam</span> <span class='ocrx_word' id='word_1_291' title='bbox 1534 2054 1785 2106; x_wconf 86' lang='lat' dir='ltr'>quemadmo-</span> 
     </span>
     <span class='ocr_line' id='line_1_30' title="bbox 251 2117 1785 2172; baseline 0.002 -17"><span class='ocrx_word' id='word_1_292' title='bbox 251 2117 342 2156; x_wconf 91' lang='lat' dir='ltr'>dum</span> <span class='ocrx_word' id='word_1_293' title='bbox 364 2117 514 2157; x_wconf 69' lang='lat' dir='ltr'>Nonius</span> <span class='ocrx_word' id='word_1_294' title='bbox 540 2120 580 2157; x_wconf 92' lang='lat' dir='ltr'>in</span> <span class='ocrx_word' id='word_1_295' title='bbox 602 2119 796 2170; x_wconf 88' lang='lat' dir='ltr'>capitibus</span> <span class='ocrx_word' id='word_1_296' title='bbox 817 2120 844 2158; x_wconf 94' lang='grc' dir='ltr'>Ι.</span> <span class='ocrx_word' id='word_1_297' title='bbox 865 2120 909 2159; x_wconf 88' lang='lat'>11.</span> <span class='ocrx_word' id='word_1_298' title='bbox 931 2121 960 2158; x_wconf 80' lang='lat' dir='ltr'>V</span> <span class='ocrx_word' id='word_1_299' title='bbox 980 2133 1052 2172; x_wconf 92' lang='lat' dir='ltr'>per</span> <span class='ocrx_word' id='word_1_300' title='bbox 1071 2120 1214 2159; x_wconf 88' lang='lat' dir='ltr'>multas</span> <span class='ocrx_word' id='word_1_301' title='bbox 1235 2126 1366 2172; x_wconf 89' lang='lat' dir='ltr'>partes</span> <span class='ocrx_word' id='word_1_302' title='bbox 1389 2120 1555 2159; x_wconf 89' lang='lat' dir='ltr'>Gellium</span> <span class='ocrx_word' id='word_1_303' title='bbox 1578 2121 1785 2170; x_wconf 87' lang='lat' dir='ltr'>excerpsit,</span> 
     </span>
     <span class='ocr_line' id='line_1_31' title="bbox 249 2183 1785 2237; baseline 0.003 -17"><span class='ocrx_word' id='word_1_304' title='bbox 249 2184 289 2220; x_wconf 90' lang='lat' dir='ltr'>in</span> <span class='ocrx_word' id='word_1_305' title='bbox 311 2183 397 2221; x_wconf 89' lang='lat' dir='ltr'>aliis</span> <span class='ocrx_word' id='word_1_306' title='bbox 420 2195 509 2222; x_wconf 89' lang='lat' dir='ltr'>eum</span> <span class='ocrx_word' id='word_1_307' title='bbox 537 2190 603 2222; x_wconf 83' lang='lat' dir='ltr'>aut</span> <span class='ocrx_word' id='word_1_308' title='bbox 630 2186 788 2223; x_wconf 88' lang='lat' dir='ltr'>omnino</span> <span class='ocrx_word' id='word_1_309' title='bbox 815 2185 987 2235; x_wconf 79' lang='lat' dir='ltr'>neglexit</span> <span class='ocrx_word' id='word_1_310' title='bbox 1013 2192 1078 2224; x_wconf 87' lang='lat' dir='ltr'>aut</span> <span class='ocrx_word' id='word_1_311' title='bbox 1101 2186 1253 2237; x_wconf 78' lang='lat' dir='ltr'>singula</span> <span class='ocrx_word' id='word_1_312' title='bbox 1275 2198 1452 2237; x_wconf 85' lang='lat' dir='ltr'>quaeque</span> <span class='ocrx_word' id='word_1_313' title='bbox 1474 2185 1650 2236; x_wconf 88' lang='lat' dir='ltr'>exempla</span> <span class='ocrx_word' id='word_1_314' title='bbox 1672 2197 1716 2224; x_wconf 83' lang='lat' dir='ltr'>ex</span> <span class='ocrx_word' id='word_1_315' title='bbox 1739 2197 1785 2223; x_wconf 89' lang='lat' dir='ltr'>eo</span> 
     </span>
     <span class='ocr_line' id='line_1_32' title="bbox 249 2249 1785 2302; baseline 0.001 -16"><span class='ocrx_word' id='word_1_316' title='bbox 249 2249 435 2300; x_wconf 76' lang='lat' dir='ltr'>sumpsit3</span> <span class='ocrx_word' id='word_1_317' title='bbox 464 2249 519 2287; x_wconf 87' lang='lat' dir='ltr'>sic</span> <span class='ocrx_word' id='word_1_318' title='bbox 541 2250 626 2287; x_wconf 91' lang='lat' dir='ltr'>eius</span> <span class='ocrx_word' id='word_1_319' title='bbox 649 2249 723 2288; x_wconf 90' lang='lat' dir='ltr'>duo</span> <span class='ocrx_word' id='word_1_320' title='bbox 744 2251 869 2301; x_wconf 90' lang='lat' dir='ltr'>prima</span> <span class='ocrx_word' id='word_1_321' title='bbox 892 2252 1016 2302; x_wconf 88' lang='lat' dir='ltr'>capita</span> <span class='ocrx_word' id='word_1_322' title='bbox 1040 2251 1229 2289; x_wconf 82' lang='lat' dir='ltr'>Sisennae</span> <span class='ocrx_word' id='word_1_323' title='bbox 1252 2252 1483 2302; x_wconf 80' lang='lat' dir='ltr'>fragmentis</span> <span class='ocrx_word' id='word_1_324' title='bbox 1506 2250 1591 2288; x_wconf 90' lang='lat' dir='ltr'>libr.</span> <span class='ocrx_word' id='word_1_325' title='bbox 1608 2250 1658 2288; x_wconf 90' lang='lat' dir='ltr'>III</span> <span class='ocrx_word' id='word_1_326' title='bbox 1680 2256 1718 2288; x_wconf 92' lang='lat' dir='ltr'>et</span> <span class='ocrx_word' id='word_1_327' title='bbox 1737 2249 1785 2288; x_wconf 93' lang='lat' dir='ltr'>IV</span> 
     </span>
     <span class='ocr_line' id='line_1_33' title="bbox 249 2312 1784 2366; baseline 0.002 -16"><span class='ocrx_word' id='word_1_328' title='bbox 249 2312 460 2364; x_wconf 78' lang='lat' dir='ltr'>abundant,</span> <span class='ocrx_word' id='word_1_329' title='bbox 487 2326 586 2365; x_wconf 88' lang='lat' dir='ltr'>quae</span> <span class='ocrx_word' id='word_1_330' title='bbox 615 2326 730 2365; x_wconf 89' lang='lat' dir='ltr'>saepe</span> <span class='ocrx_word' id='word_1_331' title='bbox 758 2328 829 2366; x_wconf 89' lang='lat' dir='ltr'>per</span> <span class='ocrx_word' id='word_1_332' title='bbox 856 2317 1000 2355; x_wconf 89' lang='lat' dir='ltr'>seriem</span> <span class='ocrx_word' id='word_1_333' title='bbox 1028 2318 1252 2355; x_wconf 84' lang='lat' dir='ltr'>continuam</span> <span class='ocrx_word' id='word_1_334' title='bbox 1274 2315 1501 2366; x_wconf 84' lang='lat' dir='ltr'>conglobata</span> <span class='ocrx_word' id='word_1_335' title='bbox 1523 2315 1591 2354; x_wconf 88' lang='lat' dir='ltr'>sed</span> <span class='ocrx_word' id='word_1_336' title='bbox 1618 2317 1721 2354; x_wconf 86' lang='lat' dir='ltr'>inter</span> <span class='ocrx_word' id='word_1_337' title='bbox 1742 2327 1784 2353; x_wconf 90' lang='lat' dir='ltr'>se</span> 
     </span>
    </p>
   </div>
   <div class='ocr_carea' id='block_1_3' title="bbox 253 2383 378 2386">
    <p class='ocr_par' dir='ltr' id='par_1_3' title="bbox 253 2383 378 2386">
     <span class='ocr_line' id='line_1_34' title="bbox 253 2383 378 2386; baseline 0 0"><span class='ocrx_word' id='word_1_338' title='bbox 253 2383 378 2386; x_wconf 95' lang='lat' dir='ltr'> </span> 
     </span>
    </p>
   </div>
   <div class='ocr_carea' id='block_1_4' title="bbox 247 2415 1783 2888">
    <p class='ocr_par' dir='ltr' id='par_1_4' title="bbox 249 2415 1783 2514">
     <span class='ocr_line' id='line_1_35' title="bbox 346 2415 1783 2464; baseline 0.003 -16"><span class='ocrx_word' id='word_1_339' title='bbox 346 2420 379 2459; x_wconf 76' lang='lat'>1)</span> <span class='ocrx_word' id='word_1_340' title='bbox 408 2415 591 2457; x_wconf 81' lang='lat' dir='ltr'>Quoniam</span> <span class='ocrx_word' id='word_1_341' title='bbox 615 2416 860 2460; x_wconf 75' lang='lat' dir='ltr'>‘eloquentia&#39;</span> <span class='ocrx_word' id='word_1_342' title='bbox 884 2418 1009 2452; x_wconf 87' lang='lat' dir='ltr'>omnia</span> <span class='ocrx_word' id='word_1_343' title='bbox 1030 2419 1209 2452; x_wconf 79' lang='lat' dir='ltr'>orationis</span> <span class='ocrx_word' id='word_1_344' title='bbox 1230 2430 1367 2464; x_wconf 82' lang='lat' dir='ltr'>genera</span> <span class='ocrx_word' id='word_1_345' title='bbox 1388 2417 1659 2461; x_wconf 82' lang='lat' dir='ltr'>complectitur,</span> <span class='ocrx_word' id='word_1_346' title='bbox 1687 2428 1783 2452; x_wconf 87' lang='lat' dir='ltr'>com-</span> 
     </span>
     <span class='ocr_line' id='line_1_36' title="bbox 249 2469 1783 2514; baseline 0.003 -13"><span class='ocrx_word' id='word_1_347' title='bbox 249 2469 396 2512; x_wconf 72' lang='lat' dir='ltr'>paratio</span> <span class='ocrx_word' id='word_1_348' title='bbox 416 2480 537 2503; x_wconf 87' lang='lat' dir='ltr'>rerum</span> <span class='ocrx_word' id='word_1_349' title='bbox 559 2470 780 2514; x_wconf 80' lang='lat' dir='ltr'>scriptorum</span> <span class='ocrx_word' id='word_1_350' title='bbox 802 2471 941 2506; x_wconf 87' lang='lat' dir='ltr'>Aufidii</span> <span class='ocrx_word' id='word_1_351' title='bbox 963 2473 999 2506; x_wconf 72' lang='lat' dir='ltr'>et</span> <span class='ocrx_word' id='word_1_352' title='bbox 1019 2472 1167 2506; x_wconf 84' lang='lat' dir='ltr'>Seruilii</span> <span class='ocrx_word' id='word_1_353' title='bbox 1188 2472 1235 2505; x_wconf 89' lang='lat' dir='ltr'>ad</span> <span class='ocrx_word' id='word_1_354' title='bbox 1255 2471 1450 2506; x_wconf 73' lang='lat' dir='ltr'>historiam</span> <span class='ocrx_word' id='word_1_355' title='bbox 1471 2471 1647 2505; x_wconf 79' lang='lat' dir='ltr'>Sisennae</span> <span class='ocrx_word' id='word_1_356' title='bbox 1669 2470 1783 2505; x_wconf 79' lang='lat' dir='ltr'>ducit.</span> 
     </span>
    </p>

    <p class='ocr_par' dir='ltr' id='par_1_5' title="bbox 247 2522 1782 2835">
     <span class='ocr_line' id='line_1_37' title="bbox 345 2522 1782 2568; baseline 0.003 -14"><span class='ocrx_word' id='word_1_357' title='bbox 345 2524 377 2563; x_wconf 84' lang='lat'>2)</span> <span class='ocrx_word' id='word_1_358' title='bbox 406 2522 527 2556; x_wconf 88' lang='lat' dir='ltr'>Vnum</span> <span class='ocrx_word' id='word_1_359' title='bbox 553 2523 807 2567; x_wconf 72' lang='lat' dir='ltr'>fragmentum</span> <span class='ocrx_word' id='word_1_360' title='bbox 834 2535 898 2559; x_wconf 81' lang='lat' dir='ltr'>seu</span> <span class='ocrx_word' id='word_1_361' title='bbox 923 2524 1158 2559; x_wconf 78' lang='lat' dir='ltr'>librariorum</span> <span class='ocrx_word' id='word_1_362' title='bbox 1184 2525 1327 2559; x_wconf 86' lang='lat' dir='ltr'>incuria</span> <span class='ocrx_word' id='word_1_363' title='bbox 1353 2535 1416 2558; x_wconf 90' lang='lat' dir='ltr'>seu</span> <span class='ocrx_word' id='word_1_364' title='bbox 1443 2524 1621 2568; x_wconf 76' lang='lat' dir='ltr'>temporis</span> <span class='ocrx_word' id='word_1_365' title='bbox 1648 2524 1782 2568; x_wconf 90' lang='lat' dir='ltr'>iniqui—</span> 
     </span>
     <span class='ocr_line' id='line_1_38' title="bbox 247 2575 1782 2623; baseline 0.003 -16"><span class='ocrx_word' id='word_1_366' title='bbox 247 2576 326 2609; x_wconf 80' lang='lat' dir='ltr'>tate</span> <span class='ocrx_word' id='word_1_367' title='bbox 354 2575 522 2619; x_wconf 77' lang='lat' dir='ltr'>deperiit.</span> <span class='ocrx_word' id='word_1_368' title='bbox 561 2588 597 2620; x_wconf 89' lang='lat' dir='ltr'>p.</span> <span class='ocrx_word' id='word_1_369' title='bbox 619 2576 716 2610; x_wconf 89' lang='lat' dir='ltr'>enim</span> <span class='ocrx_word' id='word_1_370' title='bbox 738 2581 805 2611; x_wconf 81' lang='lat'>556</span> <span class='ocrx_word' id='word_1_371' title='bbox 832 2580 918 2622; x_wconf 73' lang='lat' dir='ltr'>post</span> <span class='ocrx_word' id='word_1_372' title='bbox 937 2579 1123 2623; x_wconf 80' lang='lat' dir='ltr'>quaedam</span> <span class='ocrx_word' id='word_1_373' title='bbox 1145 2578 1322 2613; x_wconf 85' lang='lat' dir='ltr'>Sisennae</span> <span class='ocrx_word' id='word_1_374' title='bbox 1342 2578 1458 2612; x_wconf 85' lang='lat' dir='ltr'>uerba</span> <span class='ocrx_word' id='word_1_375' title='bbox 1479 2578 1534 2622; x_wconf 84' lang='lat' dir='ltr'>(fr.</span> <span class='ocrx_word' id='word_1_376' title='bbox 1551 2579 1609 2621; x_wconf 81' lang='lat'>20)</span> <span class='ocrx_word' id='word_1_377' title='bbox 1630 2577 1681 2612; x_wconf 82' lang='lat' dir='ltr'>sic</span> <span class='ocrx_word' id='word_1_378' title='bbox 1701 2588 1782 2621; x_wconf 88' lang='lat' dir='ltr'>per·</span> 
     </span>
     <span class='ocr_line' id='line_1_39' title="bbox 247 2628 1782 2678; baseline 0.002 -17"><span class='ocrx_word' id='word_1_379' title='bbox 247 2628 364 2672; x_wconf 74' lang='lat' dir='ltr'>gitur:</span> <span class='ocrx_word' id='word_1_380' title='bbox 385 2629 487 2663; x_wconf 77' lang='lat' dir='ltr'>Idem</span> <span class='ocrx_word' id='word_1_381' title='bbox 506 2630 566 2664; x_wconf 63' lang='lat' dir='ltr'>zib.</span> <span class='ocrx_word' id='word_1_382' title='bbox 583 2631 680 2664; x_wconf 87' lang='lat' dir='ltr'><em>IIII</em></span> <span class='ocrx_word' id='word_1_383' title='bbox 694 2634 808 2665; x_wconf 76' lang='lat' dir='ltr'>mater</span> <span class='ocrx_word' id='word_1_384' title='bbox 827 2635 859 2666; x_wconf 74' lang='lat' dir='ltr'>et</span> <span class='ocrx_word' id='word_1_385' title='bbox 877 2633 1037 2678; x_wconf 75' lang='lat' dir='ltr'>ayrauia</span> <span class='ocrx_word' id='word_1_386' title='bbox 1058 2632 1193 2667; x_wconf 72' lang='lat' dir='ltr'>bellica.</span> <span class='ocrx_word' id='word_1_387' title='bbox 1220 2632 1375 2666; x_wconf 67' lang='lat' dir='ltr'>Sisenna</span> <span class='ocrx_word' id='word_1_388' title='bbox 1390 2632 1472 2666; x_wconf 71' lang='lat' dir='ltr'>hist.</span> <span class='ocrx_word' id='word_1_389' title='bbox 1486 2631 1548 2665; x_wconf 73' lang='lat' dir='ltr'>lib.</span> <span class='ocrx_word' id='word_1_390' title='bbox 1563 2632 1634 2666; x_wconf 89' lang='lat' dir='ltr'>III</span> <span class='ocrx_word' id='word_1_391' title='bbox 1652 2631 1707 2674; x_wconf 88' lang='lat' dir='ltr'>(fr.</span> <span class='ocrx_word' id='word_1_392' title='bbox 1723 2632 1782 2675; x_wconf 82' lang='lat'>24)</span> 
     </span>
     <span class='ocr_line' id='line_1_40' title="bbox 248 2682 1781 2729; baseline 0.003 -15"><span class='ocrx_word' id='word_1_393' title='bbox 248 2684 286 2715; x_wconf 82' lang='lat' dir='ltr'>et</span> <span class='ocrx_word' id='word_1_394' title='bbox 305 2693 339 2725; x_wconf 87' lang='lat' dir='ltr'>q.</span> <span class='ocrx_word' id='word_1_395' title='bbox 361 2693 405 2723; x_wconf 81' lang='lat' dir='ltr'>s.‚</span> <span class='ocrx_word' id='word_1_396' title='bbox 438 2682 503 2716; x_wconf 89' lang='lat' dir='ltr'>ubi</span> <span class='ocrx_word' id='word_1_397' title='bbox 528 2688 685 2718; x_wconf 78' lang='lat' dir='ltr'>materae</span> <span class='ocrx_word' id='word_1_398' title='bbox 714 2685 785 2718; x_wconf 79' lang='lat' dir='ltr'>tela</span> <span class='ocrx_word' id='word_1_399' title='bbox 809 2686 945 2729; x_wconf 72' lang='lat' dir='ltr'>yrauia</span> <span class='ocrx_word' id='word_1_400' title='bbox 971 2686 1097 2720; x_wconf 77' lang='lat' dir='ltr'>bellica</span> <span class='ocrx_word' id='word_1_401' title='bbox 1121 2685 1187 2728; x_wconf 87' lang='lat' dir='ltr'>(sic</span> <span class='ocrx_word' id='word_1_402' title='bbox 1214 2684 1312 2718; x_wconf 85' lang='lat' dir='ltr'>enim</span> <span class='ocrx_word' id='word_1_403' title='bbox 1345 2696 1427 2719; x_wconf 90' lang='lat' dir='ltr'>cum</span> <span class='ocrx_word' id='word_1_404' title='bbox 1459 2684 1623 2718; x_wconf 85' lang='lat' dir='ltr'>Mercero</span> <span class='ocrx_word' id='word_1_405' title='bbox 1656 2683 1781 2728; x_wconf 84' lang='lat' dir='ltr'>legen-</span> 
     </span>
     <span class='ocr_line' id='line_1_41' title="bbox 247 2734 1780 2782; baseline 0.002 -15"><span class='ocrx_word' id='word_1_406' title='bbox 247 2734 336 2768; x_wconf 88' lang='lat' dir='ltr'>dum</span> <span class='ocrx_word' id='word_1_407' title='bbox 357 2737 426 2779; x_wconf 79' lang='lat' dir='ltr'>est)</span> <span class='ocrx_word' id='word_1_408' title='bbox 447 2735 645 2779; x_wconf 80' lang='lat' dir='ltr'>insequens</span> <span class='ocrx_word' id='word_1_409' title='bbox 666 2736 802 2771; x_wconf 87' lang='lat' dir='ltr'>lemma</span> <span class='ocrx_word' id='word_1_410' title='bbox 823 2749 906 2772; x_wconf 89' lang='lat' dir='ltr'>cum</span> <span class='ocrx_word' id='word_1_411' title='bbox 927 2738 1232 2782; x_wconf 73' lang='lat' dir='ltr'>interpretatione</span> <span class='ocrx_word' id='word_1_412' title='bbox 1250 2740 1313 2772; x_wconf 78' lang='lat' dir='ltr'>est.</span> <span class='ocrx_word' id='word_1_413' title='bbox 1342 2737 1476 2771; x_wconf 85' lang='lat' dir='ltr'>lacuna</span> <span class='ocrx_word' id='word_1_414' title='bbox 1496 2738 1620 2772; x_wconf 79' lang='lat' dir='ltr'>autem</span> <span class='ocrx_word' id='word_1_415' title='bbox 1641 2737 1679 2771; x_wconf 87' lang='lat' dir='ltr'>in</span> <span class='ocrx_word' id='word_1_416' title='bbox 1701 2737 1780 2771; x_wconf 86' lang='lat' dir='ltr'>cod.</span> 
     </span>
     <span class='ocr_line' id='line_1_42' title="bbox 247 2787 1289 2835; baseline 0.004 -15"><span class='ocrx_word' id='word_1_417' title='bbox 247 2787 419 2822; x_wconf 80' lang='lat' dir='ltr'>Leidensi</span> <span class='ocrx_word' id='word_1_418' title='bbox 447 2789 559 2822; x_wconf 72' lang='lat' dir='ltr'>etiam</span> <span class='ocrx_word' id='word_1_419' title='bbox 586 2789 750 2824; x_wconf 75' lang='lat' dir='ltr'>indicata</span> <span class='ocrx_word' id='word_1_420' title='bbox 776 2792 832 2825; x_wconf 79' lang='lat' dir='ltr'>est:</span> <span class='ocrx_word' id='word_1_421' title='bbox 857 2791 978 2835; x_wconf 75' lang='lat' dir='ltr'>spatio</span> <span class='ocrx_word' id='word_1_422' title='bbox 1004 2802 1123 2826; x_wconf 85' lang='lat' dir='ltr'>uacuo</span> <span class='ocrx_word' id='word_1_423' title='bbox 1150 2791 1289 2825; x_wconf 85' lang='lat' dir='ltr'>relicto.</span> 
     </span>
    </p>

    <p class='ocr_par' dir='ltr' id='par_1_6' title="bbox 343 2841 1220 2888">
     <span class='ocr_line' id='line_1_43' title="bbox 343 2841 1220 2888; baseline 0.005 -14"><span class='ocrx_word' id='word_1_424' title='bbox 343 2844 377 2886; x_wconf 87' lang='lat'>3)</span> <span class='ocrx_word' id='word_1_425' title='bbox 404 2841 457 2875; x_wconf 86' lang='lat' dir='ltr'>De</span> <span class='ocrx_word' id='word_1_426' title='bbox 484 2841 615 2886; x_wconf 85' lang='lat' dir='ltr'>fragm.</span> <span class='ocrx_word' id='word_1_427' title='bbox 639 2846 657 2875; x_wconf 87' lang='grc'><strong>9</strong></span> <span class='ocrx_word' id='word_1_428' title='bbox 684 2842 761 2877; x_wconf 91' lang='lat' dir='ltr'>uid.</span> <span class='ocrx_word' id='word_1_429' title='bbox 783 2844 880 2878; x_wconf 88' lang='lat' dir='ltr'>infra</span> <span class='ocrx_word' id='word_1_430' title='bbox 901 2856 935 2888; x_wconf 90' lang='lat' dir='ltr'>p.</span> <span class='ocrx_word' id='word_1_431' title='bbox 952 2857 1114 2878; x_wconf 78' lang='lat' dir='ltr'>ccchvn</span> <span class='ocrx_word' id='word_1_432' title='bbox 1138 2856 1171 2877; x_wconf 88' lang='lat' dir='ltr'>n.</span> <span class='ocrx_word' id='word_1_433' title='bbox 1191 2849 1220 2879; x_wconf 93' lang='lat'>1.</span> 
     </span>
    </p>
   </div>
   <div class='ocr_carea' id='block_1_5' title="bbox 1938 0 2001 3342">
    <p class='ocr_par' dir='ltr' id='par_1_7' title="bbox 1938 0 2001 3342">
     <span class='ocr_line' id='line_1_44' title="bbox 1938 0 2001 3342; baseline 0 0"><span class='ocrx_word' id='word_1_434' title='bbox 1938 0 2001 3342; x_wconf 95' lang='lat' dir='ltr'> </span> 
     </span>
    </p>
   </div>
  </div>
 </body>
</html>
