<?xml version="1.0" encoding="UTF-8"?>
<!DOCTYPE html PUBLIC "-//W3C//DTD XHTML 1.0 Transitional//EN"
    "http://www.w3.org/TR/xhtml1/DTD/xhtml1-transitional.dtd">
<html xmlns="http://www.w3.org/1999/xhtml" xml:lang="en" lang="en">
 <head>
  <title>
</title>
<meta http-equiv="Content-Type" content="text/html;charset=utf-8" />
  <meta name='ocr-system' content='tesseract 3.04.00' />
  <meta name='ocr-capabilities' content='ocr_page ocr_carea ocr_par ocr_line ocrx_word'/>
</head>
<body>
  <div class='ocr_page' id='page_1' title='image "./historicorumroma01peteuoft_0248.png"; bbox 0 0 2002 3342; ppageno 0'>
   <div class='ocr_carea' id='block_1_1' title="bbox 298 199 1501 248">
    <p class='ocr_par' dir='ltr' id='par_1_1' title="bbox 298 199 1501 248">
     <span class='ocr_line' id='line_1_1' title="bbox 298 199 1501 248; baseline -0.003 -10"><span class='ocrx_word' id='word_1_1' title='bbox 298 218 500 248; x_wconf 74' lang='lat' dir='ltr'>ccxxxw</span> <span class='ocrx_word' id='word_1_2' title='bbox 633 203 694 237; x_wconf 83' lang='lat' dir='ltr'>DE</span> <span class='ocrx_word' id='word_1_3' title='bbox 722 201 1029 238; x_wconf 80' lang='lat' dir='ltr'>SCRIPTORVM</span> <span class='ocrx_word' id='word_1_4' title='bbox 1055 200 1179 235; x_wconf 80' lang='lat' dir='ltr'>vrr1s</span> <span class='ocrx_word' id='word_1_5' title='bbox 1205 200 1267 234; x_wconf 83' lang='lat' dir='ltr'>ET</span> <span class='ocrx_word' id='word_1_6' title='bbox 1294 199 1501 235; x_wconf 64' lang='lat' dir='ltr'>sortieris</span> 
     </span>
    </p>
   </div>
   <div class='ocr_carea' id='block_1_2' title="bbox 296 308 1849 2383">
    <p class='ocr_par' dir='ltr' id='par_1_2' title="bbox 296 308 1843 1211">
     <span class='ocr_line' id='line_1_2' title="bbox 296 308 1834 364; baseline -0.003 -10"><span class='ocrx_word' id='word_1_7' title='bbox 296 317 344 358; x_wconf 87' lang='lat' dir='ltr'>lis</span> <span class='ocrx_word' id='word_1_8' title='bbox 366 316 576 353; x_wconf 85' lang='lat' dir='ltr'>exorietur.</span> <span class='ocrx_word' id='word_1_9' title='bbox 610 326 701 352; x_wconf 89' lang='lat' dir='ltr'>nam</span> <span class='ocrx_word' id='word_1_10' title='bbox 723 325 959 364; x_wconf 86' lang='lat' dir='ltr'>quamquam</span> <span class='ocrx_word' id='word_1_11' title='bbox 981 312 1026 350; x_wconf 81' lang='lat' dir='ltr'>fr.</span> <span class='ocrx_word' id='word_1_12' title='bbox 1042 310 1067 350; x_wconf 95' lang='grc'>2</span> <span class='ocrx_word' id='word_1_13' title='bbox 1089 316 1128 350; x_wconf 88' lang='lat' dir='ltr'>et</span> <span class='ocrx_word' id='word_1_14' title='bbox 1148 309 1204 350; x_wconf 98' lang='grc'>26</span> <span class='ocrx_word' id='word_1_15' title='bbox 1219 310 1351 362; x_wconf 82' lang='lat' dir='ltr'><strong>Meyer</strong></span> <span class='ocrx_word' id='word_1_16' title='bbox 1371 316 1467 349; x_wconf 89' lang='lat' dir='ltr'>orat.</span> <span class='ocrx_word' id='word_1_17' title='bbox 1488 324 1524 362; x_wconf 90' lang='lat' dir='ltr'>p.</span> <span class='ocrx_word' id='word_1_18' title='bbox 1539 308 1625 349; x_wconf 84' lang='lat'>469</span> <span class='ocrx_word' id='word_1_19' title='bbox 1646 312 1687 349; x_wconf 89' lang='lat' dir='ltr'>in</span> <span class='ocrx_word' id='word_1_20' title='bbox 1704 311 1834 350; x_wconf 91' lang='lat' dir='ltr'>Coelio</span> 
     </span>
     <span class='ocr_line' id='line_1_3' title="bbox 297 375 1837 429; baseline -0.003 -10"><span class='ocrx_word' id='word_1_21' title='bbox 297 381 383 419; x_wconf 82' lang='lat' dir='ltr'>Rufi</span> <span class='ocrx_word' id='word_1_22' title='bbox 417 381 639 418; x_wconf 86' lang='lat' dir='ltr'>orationum</span> <span class='ocrx_word' id='word_1_23' title='bbox 680 378 859 429; x_wconf 87' lang='lat' dir='ltr'>reliquiis</span> <span class='ocrx_word' id='word_1_24' title='bbox 892 378 1039 428; x_wconf 92' lang='lat' dir='ltr'>posuit,</span> <span class='ocrx_word' id='word_1_25' title='bbox 1076 382 1207 415; x_wconf 87' lang='lat' dir='ltr'>tamen</span> <span class='ocrx_word' id='word_1_26' title='bbox 1240 375 1336 414; x_wconf 93' lang='lat' dir='ltr'>illud</span> <span class='ocrx_word' id='word_1_27' title='bbox 1369 377 1500 426; x_wconf 89' lang='lat' dir='ltr'>quiuis</span> <span class='ocrx_word' id='word_1_28' title='bbox 1533 378 1680 415; x_wconf 88' lang='lat' dir='ltr'>rectius</span> <span class='ocrx_word' id='word_1_29' title='bbox 1714 376 1837 415; x_wconf 90' lang='lat' dir='ltr'>Coelii</span> 
     </span>
     <span class='ocr_line' id='line_1_4' title="bbox 297 436 1836 494; baseline -0.003 -10"><span class='ocrx_word' id='word_1_30' title='bbox 297 446 486 484; x_wconf 87' lang='lat' dir='ltr'>historico</span> <span class='ocrx_word' id='word_1_31' title='bbox 512 444 635 482; x_wconf 89' lang='lat' dir='ltr'>tribui</span> <span class='ocrx_word' id='word_1_32' title='bbox 662 442 862 493; x_wconf 74' lang='lat' dir='ltr'>concedet,</span> <span class='ocrx_word' id='word_1_33' title='bbox 883 450 999 493; x_wconf 86' lang='lat' dir='ltr'>atque</span> <span class='ocrx_word' id='word_1_34' title='bbox 1028 443 1145 480; x_wconf 90' lang='lat' dir='ltr'>etiam</span> <span class='ocrx_word' id='word_1_35' title='bbox 1173 441 1340 480; x_wconf 90' lang='lat' dir='ltr'>alterum</span> <span class='ocrx_word' id='word_1_36' title='bbox 1367 436 1462 494; x_wconf 75' lang='lat'>(26)</span> <span class='ocrx_word' id='word_1_37' title='bbox 1491 453 1575 479; x_wconf 90' lang='lat' dir='ltr'>eam</span> <span class='ocrx_word' id='word_1_38' title='bbox 1604 440 1652 479; x_wconf 91' lang='lat' dir='ltr'>ob</span> <span class='ocrx_word' id='word_1_39' title='bbox 1679 453 1836 479; x_wconf 90' lang='lat' dir='ltr'>causam</span> 
     </span>
     <span class='ocr_line' id='line_1_5' title="bbox 297 503 1837 557; baseline -0.003 -9"><span class='ocrx_word' id='word_1_40' title='bbox 297 509 475 548; x_wconf 89' lang='lat' dir='ltr'>eiusdem</span> <span class='ocrx_word' id='word_1_41' title='bbox 509 521 596 548; x_wconf 84' lang='lat' dir='ltr'>esse</span> <span class='ocrx_word' id='word_1_42' title='bbox 630 510 714 547; x_wconf 91' lang='lat' dir='ltr'>sine</span> <span class='ocrx_word' id='word_1_43' title='bbox 749 508 991 546; x_wconf 75' lang='lat' dir='ltr'>dubitatione</span> <span class='ocrx_word' id='word_1_44' title='bbox 1025 518 1186 557; x_wconf 85' lang='lat' dir='ltr'>censeo,</span> <span class='ocrx_word' id='word_1_45' title='bbox 1219 507 1310 557; x_wconf 91' lang='lat' dir='ltr'>quia</span> <span class='ocrx_word' id='word_1_46' title='bbox 1336 503 1572 556; x_wconf 71' lang='lat' dir='ltr'>nusquaml)</span> <span class='ocrx_word' id='word_1_47' title='bbox 1599 505 1837 556; x_wconf 79' lang='lat' dir='ltr'><strong>Priscianus,</strong></span> 
     </span>
     <span class='ocr_line' id='line_1_6' title="bbox 303 570 1839 626; baseline -0.003 -13"><span class='ocrx_word' id='word_1_48' title='bbox 303 574 405 626; x_wconf 91' lang='lat' dir='ltr'>apud</span> <span class='ocrx_word' id='word_1_49' title='bbox 427 587 544 625; x_wconf 86' lang='lat' dir='ltr'>quem</span> <span class='ocrx_word' id='word_1_50' title='bbox 565 579 777 624; x_wconf 88' lang='lat' dir='ltr'>utrumque</span> <span class='ocrx_word' id='word_1_51' title='bbox 799 578 936 623; x_wconf 88' lang='lat' dir='ltr'>exstat,</span> <span class='ocrx_word' id='word_1_52' title='bbox 957 571 1133 610; x_wconf 90' lang='lat' dir='ltr'>Coelium</span> <span class='ocrx_word' id='word_1_53' title='bbox 1153 571 1297 610; x_wconf 79' lang='lat' dir='ltr'>Rufum</span> <span class='ocrx_word' id='word_1_54' title='bbox 1318 570 1504 621; x_wconf 90' lang='lat' dir='ltr'>laudauit,</span> <span class='ocrx_word' id='word_1_55' title='bbox 1525 583 1641 622; x_wconf 81' lang='lat' dir='ltr'>saepe</span> <span class='ocrx_word' id='word_1_56' title='bbox 1662 570 1839 609; x_wconf 92' lang='lat' dir='ltr'>Coelium</span> 
     </span>
     <span class='ocr_line' id='line_1_7' title="bbox 297 633 1838 691; baseline -0.003 -13"><span class='ocrx_word' id='word_1_57' title='bbox 297 640 566 691; x_wconf 77' lang='lat' dir='ltr'><strong>Antipatrum,</strong></span> <span class='ocrx_word' id='word_1_58' title='bbox 600 651 769 690; x_wconf 85' lang='lat' dir='ltr'>eumque</span> <span class='ocrx_word' id='word_1_59' title='bbox 796 634 860 691; x_wconf 84' lang='lat' dir='ltr'>(ut</span> <span class='ocrx_word' id='word_1_60' title='bbox 884 633 969 691; x_wconf 85' lang='lat' dir='ltr'>hic)</span> <span class='ocrx_word' id='word_1_61' title='bbox 1004 649 1161 688; x_wconf 85' lang='lat' dir='ltr'>semper</span> <span class='ocrx_word' id='word_1_62' title='bbox 1191 649 1270 675; x_wconf 91' lang='lat' dir='ltr'>uno</span> <span class='ocrx_word' id='word_1_63' title='bbox 1298 635 1421 674; x_wconf 92' lang='lat' dir='ltr'>Coelii</span> <span class='ocrx_word' id='word_1_64' title='bbox 1452 637 1630 687; x_wconf 89' lang='lat' dir='ltr'>nomine,</span> <span class='ocrx_word' id='word_1_65' title='bbox 1663 637 1726 674; x_wconf 90' lang='lat' dir='ltr'>cui</span> <span class='ocrx_word' id='word_1_66' title='bbox 1753 635 1838 674; x_wconf 84' lang='lat' dir='ltr'>aliis</span> 
     </span>
     <span class='ocr_line' id='line_1_8' title="bbox 298 700 1839 756; baseline -0.003 -13"><span class='ocrx_word' id='word_1_67' title='bbox 298 705 458 756; x_wconf 87' lang='lat' dir='ltr'>quidem</span> <span class='ocrx_word' id='word_1_68' title='bbox 490 704 587 743; x_wconf 90' lang='lat' dir='ltr'>locis</span> <span class='ocrx_word' id='word_1_69' title='bbox 623 705 740 742; x_wconf 86' lang='lat' dir='ltr'>etiam</span> <span class='ocrx_word' id='word_1_70' title='bbox 773 703 882 754; x_wconf 89' lang='lat' dir='ltr'>libri,</span> <span class='ocrx_word' id='word_1_71' title='bbox 914 702 1017 741; x_wconf 93' lang='lat' dir='ltr'>unde</span> <span class='ocrx_word' id='word_1_72' title='bbox 1046 701 1227 753; x_wconf 83' lang='lat' dir='ltr'>quodque</span> <span class='ocrx_word' id='word_1_73' title='bbox 1261 701 1523 752; x_wconf 79' lang='lat' dir='ltr'>fragmentum</span> <span class='ocrx_word' id='word_1_74' title='bbox 1549 702 1743 751; x_wconf 82' lang='lat' dir='ltr'>originem</span> <span class='ocrx_word' id='word_1_75' title='bbox 1771 700 1839 739; x_wconf 92' lang='lat' dir='ltr'>du-</span> 
     </span>
     <span class='ocr_line' id='line_1_9' title="bbox 299 761 1840 820; baseline -0.003 -12"><span class='ocrx_word' id='word_1_76' title='bbox 299 775 425 820; x_wconf 90' lang='lat' dir='ltr'>ceret,</span> <span class='ocrx_word' id='word_1_77' title='bbox 458 781 668 808; x_wconf 90' lang='lat' dir='ltr'>numerum</span> <span class='ocrx_word' id='word_1_78' title='bbox 702 768 923 819; x_wconf 77' lang='lat' dir='ltr'>adscripsit.</span> <span class='ocrx_word' id='word_1_79' title='bbox 968 779 1017 806; x_wconf 89' lang='lat' dir='ltr'>ne</span> <span class='ocrx_word' id='word_1_80' title='bbox 1052 779 1096 805; x_wconf 84' lang='lat' dir='ltr'>ex</span> <span class='ocrx_word' id='word_1_81' title='bbox 1138 767 1195 805; x_wconf 92' lang='lat' dir='ltr'>eis</span> <span class='ocrx_word' id='word_1_82' title='bbox 1228 766 1387 817; x_wconf 87' lang='lat' dir='ltr'>quidem</span> <span class='ocrx_word' id='word_1_83' title='bbox 1421 766 1651 816; x_wconf 80' lang='lat' dir='ltr'>fragmentis</span> <span class='ocrx_word' id='word_1_84' title='bbox 1684 761 1743 819; x_wconf 80' lang='lat'>(5.</span> <span class='ocrx_word' id='word_1_85' title='bbox 1771 763 1840 817; x_wconf 82' lang='lat'>57,</span> 
     </span>
     <span class='ocr_line' id='line_1_10' title="bbox 300 830 1840 887; baseline -0.003 -14"><span class='ocrx_word' id='word_1_86' title='bbox 300 834 380 874; x_wconf 91' lang='lat' dir='ltr'>uid.</span> <span class='ocrx_word' id='word_1_87' title='bbox 403 847 535 886; x_wconf 91' lang='lat' dir='ltr'>appar.</span> <span class='ocrx_word' id='word_1_88' title='bbox 558 830 643 887; x_wconf 69' lang='lat' dir='ltr'>cn),</span> <span class='ocrx_word' id='word_1_89' title='bbox 671 846 770 885; x_wconf 88' lang='lat' dir='ltr'>quae</span> <span class='ocrx_word' id='word_1_90' title='bbox 796 832 868 872; x_wconf 82' lang='lat' dir='ltr'>sul)</span> <span class='ocrx_word' id='word_1_91' title='bbox 890 832 1051 871; x_wconf 77' lang='lat' dir='ltr'>Caecilii</span> <span class='ocrx_word' id='word_1_92' title='bbox 1074 833 1233 870; x_wconf 88' lang='lat' dir='ltr'>nomine</span> <span class='ocrx_word' id='word_1_93' title='bbox 1259 832 1299 870; x_wconf 92' lang='lat' dir='ltr'>in</span> <span class='ocrx_word' id='word_1_94' title='bbox 1327 831 1561 882; x_wconf 86' lang='lat' dir='ltr'>quibusdam</span> <span class='ocrx_word' id='word_1_95' title='bbox 1585 830 1703 869; x_wconf 91' lang='lat' dir='ltr'>Nonii</span> <span class='ocrx_word' id='word_1_96' title='bbox 1728 830 1840 869; x_wconf 89' lang='lat' dir='ltr'>libris</span> 
     </span>
     <span class='ocr_line' id='line_1_11' title="bbox 298 897 1841 951; baseline -0.003 -12"><span class='ocrx_word' id='word_1_97' title='bbox 298 912 416 939; x_wconf 89' lang='lat' dir='ltr'>manu</span> <span class='ocrx_word' id='word_1_98' title='bbox 444 901 603 951; x_wconf 86' lang='lat' dir='ltr'>scriptis</span> <span class='ocrx_word' id='word_1_99' title='bbox 630 904 841 950; x_wconf 85' lang='lat' dir='ltr'>propagata</span> <span class='ocrx_word' id='word_1_100' title='bbox 870 903 980 948; x_wconf 87' lang='lat' dir='ltr'>sunt,</span> <span class='ocrx_word' id='word_1_101' title='bbox 1013 910 1103 936; x_wconf 90' lang='lat' dir='ltr'>cum</span> <span class='ocrx_word' id='word_1_102' title='bbox 1130 902 1362 948; x_wconf 83' lang='lat' dir='ltr'>argumento</span> <span class='ocrx_word' id='word_1_103' title='bbox 1387 909 1433 935; x_wconf 85' lang='lat' dir='ltr'>ex</span> <span class='ocrx_word' id='word_1_104' title='bbox 1460 897 1637 935; x_wconf 88' lang='lat' dir='ltr'>historiis</span> <span class='ocrx_word' id='word_1_105' title='bbox 1664 901 1730 935; x_wconf 90' lang='lat' dir='ltr'>aut</span> <span class='ocrx_word' id='word_1_106' title='bbox 1755 908 1841 934; x_wconf 88' lang='lat' dir='ltr'>ora-</span> 
     </span>
     <span class='ocr_line' id='line_1_12' title="bbox 299 960 1838 1015; baseline -0.003 -11"><span class='ocrx_word' id='word_1_107' title='bbox 299 965 472 1004; x_wconf 86' lang='lat' dir='ltr'>tionibus</span> <span class='ocrx_word' id='word_1_108' title='bbox 494 977 538 1003; x_wconf 91' lang='lat' dir='ltr'>ea</span> <span class='ocrx_word' id='word_1_109' title='bbox 560 969 713 1015; x_wconf 89' lang='lat' dir='ltr'>sumpta</span> <span class='ocrx_word' id='word_1_110' title='bbox 736 976 823 1002; x_wconf 86' lang='lat' dir='ltr'>esse</span> <span class='ocrx_word' id='word_1_111' title='bbox 845 963 1055 1013; x_wconf 88' lang='lat' dir='ltr'>indicetur,</span> <span class='ocrx_word' id='word_1_112' title='bbox 1082 963 1214 1013; x_wconf 91' lang='lat' dir='ltr'>timeo,</span> <span class='ocrx_word' id='word_1_113' title='bbox 1240 975 1290 1001; x_wconf 89' lang='lat' dir='ltr'>ne</span> <span class='ocrx_word' id='word_1_114' title='bbox 1311 961 1468 1012; x_wconf 81' lang='lat' dir='ltr'>aliquod</span> <span class='ocrx_word' id='word_1_115' title='bbox 1489 960 1532 1000; x_wconf 90' lang='grc' dir='ltr'>Ο.</span> <span class='ocrx_word' id='word_1_116' title='bbox 1546 961 1723 1000; x_wconf 87' lang='lat' dir='ltr'>Ribbeck</span> <span class='ocrx_word' id='word_1_117' title='bbox 1745 960 1838 999; x_wconf 89' lang='lat' dir='ltr'>Cae-</span> 
     </span>
     <span class='ocr_line' id='line_1_13' title="bbox 302 1025 1841 1083; baseline -0.003 -14"><span class='ocrx_word' id='word_1_118' title='bbox 302 1030 392 1069; x_wconf 91' lang='lat' dir='ltr'>cilio</span> <span class='ocrx_word' id='word_1_119' title='bbox 413 1025 639 1083; x_wconf 78' lang='lat' dir='ltr'>uindicet.2)</span> <span class='ocrx_word' id='word_1_120' title='bbox 682 1028 727 1067; x_wconf 89' lang='lat' dir='ltr'>de</span> <span class='ocrx_word' id='word_1_121' title='bbox 749 1028 880 1067; x_wconf 91' lang='lat' dir='ltr'>Coelio</span> <span class='ocrx_word' id='word_1_122' title='bbox 902 1032 1031 1066; x_wconf 86' lang='lat' dir='ltr'>autem</span> <span class='ocrx_word' id='word_1_123' title='bbox 1052 1027 1153 1066; x_wconf 89' lang='lat' dir='ltr'>Rufo</span> <span class='ocrx_word' id='word_1_124' title='bbox 1174 1028 1291 1065; x_wconf 89' lang='lat' dir='ltr'>etiam</span> <span class='ocrx_word' id='word_1_125' title='bbox 1316 1027 1380 1065; x_wconf 91' lang='lat' dir='ltr'>hic</span> <span class='ocrx_word' id='word_1_126' title='bbox 1401 1027 1564 1077; x_wconf 83' lang='lat' dir='ltr'>cogitari</span> <span class='ocrx_word' id='word_1_127' title='bbox 1583 1026 1671 1064; x_wconf 88' lang='lat' dir='ltr'>ideo</span> <span class='ocrx_word' id='word_1_128' title='bbox 1693 1027 1841 1076; x_wconf 83' lang='lat' dir='ltr'>nequit,</span> 
     </span>
     <span class='ocr_line' id='line_1_14' title="bbox 306 1092 1843 1147; baseline -0.003 -13"><span class='ocrx_word' id='word_1_129' title='bbox 306 1095 411 1147; x_wconf 90' lang='lat' dir='ltr'>quod</span> <span class='ocrx_word' id='word_1_130' title='bbox 432 1094 535 1146; x_wconf 91' lang='lat' dir='ltr'>apud</span> <span class='ocrx_word' id='word_1_131' title='bbox 557 1094 727 1133; x_wconf 81' lang='lat' dir='ltr'>Nonium</span> <span class='ocrx_word' id='word_1_132' title='bbox 749 1094 822 1132; x_wconf 89' lang='lat' dir='ltr'>alia</span> <span class='ocrx_word' id='word_1_133' title='bbox 844 1095 928 1132; x_wconf 89' lang='lat' dir='ltr'>eius</span> <span class='ocrx_word' id='word_1_134' title='bbox 948 1094 1116 1143; x_wconf 83' lang='lat' dir='ltr'>uestigia</span> <span class='ocrx_word' id='word_1_135' title='bbox 1137 1105 1214 1131; x_wconf 93' lang='lat' dir='ltr'>non</span> <span class='ocrx_word' id='word_1_136' title='bbox 1236 1093 1502 1144; x_wconf 87' lang='lat' dir='ltr'>reperiuntur,</span> <span class='ocrx_word' id='word_1_137' title='bbox 1525 1104 1613 1130; x_wconf 90' lang='lat' dir='ltr'>cum</span> <span class='ocrx_word' id='word_1_138' title='bbox 1634 1104 1680 1130; x_wconf 84' lang='lat' dir='ltr'>ex</span> <span class='ocrx_word' id='word_1_139' title='bbox 1702 1092 1843 1129; x_wconf 86' lang='lat' dir='ltr'>oratio-</span> 
     </span>
     <span class='ocr_line' id='line_1_15' title="bbox 308 1152 1842 1211; baseline -0.003 -12"><span class='ocrx_word' id='word_1_140' title='bbox 308 1160 437 1210; x_wconf 91' lang='lat' dir='ltr'>nibus,</span> <span class='ocrx_word' id='word_1_141' title='bbox 466 1172 563 1211; x_wconf 88' lang='lat' dir='ltr'>quas</span> <span class='ocrx_word' id='word_1_142' title='bbox 584 1160 788 1210; x_wconf 84' lang='lat' dir='ltr'>Antipater</span> <span class='ocrx_word' id='word_1_143' title='bbox 814 1159 939 1209; x_wconf 86' lang='lat' dir='ltr'>finxit,</span> <span class='ocrx_word' id='word_1_144' title='bbox 966 1158 1070 1196; x_wconf 89' lang='lat' dir='ltr'>idem</span> <span class='ocrx_word' id='word_1_145' title='bbox 1098 1159 1215 1196; x_wconf 88' lang='lat' dir='ltr'>etiam</span> <span class='ocrx_word' id='word_1_146' title='bbox 1240 1157 1314 1196; x_wconf 87' lang='lat' dir='ltr'>alia</span> <span class='ocrx_word' id='word_1_147' title='bbox 1341 1158 1387 1196; x_wconf 88' lang='lat' dir='ltr'>sr.</span> <span class='ocrx_word' id='word_1_148' title='bbox 1408 1158 1631 1196; x_wconf 85' lang='lat' dir='ltr'>seruauerit</span> <span class='ocrx_word' id='word_1_149' title='bbox 1652 1152 1842 1210; x_wconf 63' lang='lat'>(2345).</span> 
     </span>
    </p>

    <p class='ocr_par' dir='ltr' id='par_1_3' title="bbox 301 1220 1849 2383">
     <span class='ocr_line' id='line_1_16' title="bbox 391 1220 1843 1275; baseline -0.003 -11"><span class='ocrx_word' id='word_1_150' title='bbox 391 1226 439 1264; x_wconf 85' lang='lat' dir='ltr'>At</span> <span class='ocrx_word' id='word_1_151' title='bbox 473 1225 588 1264; x_wconf 91' lang='lat' dir='ltr'>dubia</span> <span class='ocrx_word' id='word_1_152' title='bbox 622 1237 686 1262; x_wconf 87' lang='lat' dir='ltr'>res</span> <span class='ocrx_word' id='word_1_153' title='bbox 720 1230 796 1275; x_wconf 86' lang='lat' dir='ltr'>est,</span> <span class='ocrx_word' id='word_1_154' title='bbox 828 1236 924 1262; x_wconf 92' lang='lat' dir='ltr'>num</span> <span class='ocrx_word' id='word_1_155' title='bbox 952 1224 997 1262; x_wconf 83' lang='lat' dir='ltr'>fr.</span> <span class='ocrx_word' id='word_1_156' title='bbox 1020 1220 1195 1262; x_wconf 79' lang='lat'>61—65</span> <span class='ocrx_word' id='word_1_157' title='bbox 1229 1222 1276 1261; x_wconf 90' lang='lat' dir='ltr'>ad</span> <span class='ocrx_word' id='word_1_158' title='bbox 1302 1223 1549 1274; x_wconf 86' lang='lat' dir='ltr'>Antipatrum</span> <span class='ocrx_word' id='word_1_159' title='bbox 1583 1227 1689 1260; x_wconf 89' lang='lat' dir='ltr'>recte</span> <span class='ocrx_word' id='word_1_160' title='bbox 1722 1223 1843 1273; x_wconf 88' lang='lat' dir='ltr'>perti-</span> 
     </span>
     <span class='ocr_line' id='line_1_17' title="bbox 301 1287 1843 1338; baseline -0.003 -8"><span class='ocrx_word' id='word_1_161' title='bbox 301 1297 431 1330; x_wconf 90' lang='lat' dir='ltr'>neant.</span> <span class='ocrx_word' id='word_1_162' title='bbox 472 1291 617 1329; x_wconf 88' lang='lat' dir='ltr'>etenim</span> <span class='ocrx_word' id='word_1_163' title='bbox 640 1290 687 1327; x_wconf 86' lang='lat' dir='ltr'>fr.</span> <span class='ocrx_word' id='word_1_164' title='bbox 704 1288 756 1328; x_wconf 87' lang='grc'>61</span> <span class='ocrx_word' id='word_1_165' title='bbox 782 1290 898 1327; x_wconf 89' lang='lat' dir='ltr'>etiam</span> <span class='ocrx_word' id='word_1_166' title='bbox 920 1301 967 1328; x_wconf 77' lang='lat' dir='ltr'>ex</span> <span class='ocrx_word' id='word_1_167' title='bbox 988 1287 1112 1327; x_wconf 88' lang='lat' dir='ltr'>Coelii</span> <span class='ocrx_word' id='word_1_168' title='bbox 1131 1288 1219 1326; x_wconf 85' lang='lat' dir='ltr'>Rufi</span> <span class='ocrx_word' id='word_1_169' title='bbox 1242 1287 1485 1327; x_wconf 87' lang='lat' dir='ltr'>orationihus</span> <span class='ocrx_word' id='word_1_170' title='bbox 1507 1287 1734 1338; x_wconf 87' lang='lat' dir='ltr'>decerptum</span> <span class='ocrx_word' id='word_1_171' title='bbox 1756 1299 1843 1325; x_wconf 85' lang='lat' dir='ltr'>esse</span> 
     </span>
     <span class='ocr_line' id='line_1_18' title="bbox 301 1351 1845 1408; baseline -0.003 -14"><span class='ocrx_word' id='word_1_172' title='bbox 301 1361 441 1408; x_wconf 83' lang='lat' dir='ltr'>potest,</span> <span class='ocrx_word' id='word_1_173' title='bbox 462 1367 592 1406; x_wconf 88' lang='lat' dir='ltr'>quem,</span> <span class='ocrx_word' id='word_1_174' title='bbox 614 1367 703 1393; x_wconf 91' lang='lat' dir='ltr'>cum</span> <span class='ocrx_word' id='word_1_175' title='bbox 726 1354 772 1393; x_wconf 91' lang='lat' dir='ltr'>de</span> <span class='ocrx_word' id='word_1_176' title='bbox 800 1355 912 1405; x_wconf 88' lang='lat' dir='ltr'>aquis</span> <span class='ocrx_word' id='word_1_177' title='bbox 940 1355 1156 1392; x_wconf 89' lang='lat' dir='ltr'>orationem</span> <span class='ocrx_word' id='word_1_178' title='bbox 1183 1353 1376 1404; x_wconf 85' lang='lat' dir='ltr'>hahuerit,</span> <span class='ocrx_word' id='word_1_179' title='bbox 1403 1352 1506 1391; x_wconf 88' lang='lat' dir='ltr'>haud</span> <span class='ocrx_word' id='word_1_180' title='bbox 1532 1351 1845 1404; x_wconf 86' lang='lat' dir='ltr'>improbabiliter</span> 
     </span>
     <span class='ocr_line' id='line_1_19' title="bbox 302 1417 1844 1472; baseline -0.003 -13"><span class='ocrx_word' id='word_1_181' title='bbox 302 1421 434 1472; x_wconf 79' lang='lat' dir='ltr'>Meyer</span> <span class='ocrx_word' id='word_1_182' title='bbox 459 1434 496 1472; x_wconf 86' lang='lat' dir='ltr'>p.</span> <span class='ocrx_word' id='word_1_183' title='bbox 511 1417 598 1458; x_wconf 77' lang='lat'>470</span> <span class='ocrx_word' id='word_1_184' title='bbox 632 1421 671 1458; x_wconf 90' lang='lat' dir='ltr'>in</span> <span class='ocrx_word' id='word_1_185' title='bbox 699 1419 763 1458; x_wconf 92' lang='lat' dir='ltr'>illa</span> <span class='ocrx_word' id='word_1_186' title='bbox 796 1419 857 1457; x_wconf 91' lang='lat' dir='ltr'>his</span> <span class='ocrx_word' id='word_1_187' title='bbox 883 1418 1086 1457; x_wconf 89' lang='lat' dir='ltr'>uocabulis</span> <span class='ocrx_word' id='word_1_188' title='bbox 1116 1424 1356 1468; x_wconf 81' lang='lat' dir='ltr'>perpetuum</span> <span class='ocrx_word' id='word_1_189' title='bbox 1381 1420 1591 1457; x_wconf 77' lang='lat' dir='ltr'>salientem</span> <span class='ocrx_word' id='word_1_190' title='bbox 1616 1429 1731 1456; x_wconf 82' lang='lat' dir='ltr'>usum</span> <span class='ocrx_word' id='word_1_191' title='bbox 1759 1429 1844 1455; x_wconf 90' lang='lat' dir='ltr'>esse</span> 
     </span>
     <span class='ocr_line' id='line_1_20' title="bbox 302 1481 1844 1537; baseline -0.003 -12"><span class='ocrx_word' id='word_1_192' title='bbox 302 1487 536 1537; x_wconf 87' lang='lat' dir='ltr'>suspicatur.</span> <span class='ocrx_word' id='word_1_193' title='bbox 582 1487 707 1535; x_wconf 79' lang='lat' dir='ltr'>magis</span> <span class='ocrx_word' id='word_1_194' title='bbox 746 1486 925 1535; x_wconf 88' lang='lat' dir='ltr'>mireris,</span> <span class='ocrx_word' id='word_1_195' title='bbox 965 1483 1068 1535; x_wconf 91' lang='lat' dir='ltr'>quod</span> <span class='ocrx_word' id='word_1_196' title='bbox 1107 1484 1152 1522; x_wconf 85' lang='lat' dir='ltr'>fr.</span> <span class='ocrx_word' id='word_1_197' title='bbox 1174 1481 1230 1522; x_wconf 92' lang='grc'>62</span> <span class='ocrx_word' id='word_1_198' title='bbox 1263 1485 1302 1522; x_wconf 90' lang='lat' dir='ltr'>in</span> <span class='ocrx_word' id='word_1_199' title='bbox 1336 1485 1500 1522; x_wconf 90' lang='lat' dir='ltr'>incertis</span> <span class='ocrx_word' id='word_1_200' title='bbox 1533 1487 1687 1522; x_wconf 85' lang='lat' dir='ltr'>exstare</span> <span class='ocrx_word' id='word_1_201' title='bbox 1724 1481 1844 1520; x_wconf 89' lang='lat' dir='ltr'>uolui.</span> 
     </span>
     <span class='ocr_line' id='line_1_21' title="bbox 302 1547 1845 1602; baseline -0.004 -12"><span class='ocrx_word' id='word_1_202' title='bbox 302 1563 460 1602; x_wconf 89' lang='lat' dir='ltr'>semper</span> <span class='ocrx_word' id='word_1_203' title='bbox 491 1557 623 1589; x_wconf 91' lang='lat' dir='ltr'>tamen</span> <span class='ocrx_word' id='word_1_204' title='bbox 650 1550 897 1600; x_wconf 80' lang='lat' dir='ltr'>Priscianus,</span> <span class='ocrx_word' id='word_1_205' title='bbox 930 1551 994 1588; x_wconf 91' lang='lat' dir='ltr'>cui</span> <span class='ocrx_word' id='word_1_206' title='bbox 1020 1549 1094 1588; x_wconf 92' lang='grc'>1106</span> <span class='ocrx_word' id='word_1_207' title='bbox 1122 1549 1167 1587; x_wconf 91' lang='lat' dir='ltr'>fr.</span> <span class='ocrx_word' id='word_1_208' title='bbox 1195 1548 1401 1599; x_wconf 87' lang='lat' dir='ltr'>debemus,</span> <span class='ocrx_word' id='word_1_209' title='bbox 1433 1560 1511 1587; x_wconf 91' lang='lat' dir='ltr'>uno</span> <span class='ocrx_word' id='word_1_210' title='bbox 1538 1547 1660 1586; x_wconf 90' lang='lat' dir='ltr'>Coelii</span> <span class='ocrx_word' id='word_1_211' title='bbox 1685 1548 1845 1585; x_wconf 91' lang='lat' dir='ltr'>nomine</span> 
     </span>
     <span class='ocr_line' id='line_1_22' title="bbox 303 1612 1846 1667; baseline -0.003 -12"><span class='ocrx_word' id='word_1_212' title='bbox 303 1618 564 1667; x_wconf 86' lang='lat' dir='ltr'>Antipatrum,</span> <span class='ocrx_word' id='word_1_213' title='bbox 593 1617 710 1654; x_wconf 91' lang='lat' dir='ltr'>etiam</span> <span class='ocrx_word' id='word_1_214' title='bbox 736 1612 948 1666; x_wconf 76' lang='lat' dir='ltr'>p.38311.,</span> <span class='ocrx_word' id='word_1_215' title='bbox 978 1616 1046 1666; x_wconf 88' lang='lat' dir='ltr'>qui</span> <span class='ocrx_word' id='word_1_216' title='bbox 1072 1614 1182 1653; x_wconf 88' lang='lat' dir='ltr'>locus</span> <span class='ocrx_word' id='word_1_217' title='bbox 1208 1615 1386 1665; x_wconf 87' lang='lat' dir='ltr'>proxime</span> <span class='ocrx_word' id='word_1_218' title='bbox 1415 1612 1623 1664; x_wconf 87' lang='lat' dir='ltr'>antecedit,</span> <span class='ocrx_word' id='word_1_219' title='bbox 1650 1612 1846 1663; x_wconf 85' lang='lat' dir='ltr'>significa-</span> 
     </span>
     <span class='ocr_line' id='line_1_23' title="bbox 302 1672 1846 1734; baseline -0.003 -14"><span class='ocrx_word' id='word_1_220' title='bbox 302 1683 378 1734; x_wconf 80' lang='lat' dir='ltr'>uit3</span> <span class='ocrx_word' id='word_1_221' title='bbox 406 1683 537 1732; x_wconf 88' lang='lat' dir='ltr'>itaque</span> <span class='ocrx_word' id='word_1_222' title='bbox 559 1682 743 1732; x_wconf 84' lang='lat' dir='ltr'>quoniam</span> <span class='ocrx_word' id='word_1_223' title='bbox 771 1682 812 1718; x_wconf 88' lang='lat' dir='ltr'>in</span> <span class='ocrx_word' id='word_1_224' title='bbox 838 1680 861 1718; x_wconf 92' lang='lat' dir='ltr'>l.</span> <span class='ocrx_word' id='word_1_225' title='bbox 883 1689 947 1718; x_wconf 86' lang='lat' dir='ltr'>VII</span> <span class='ocrx_word' id='word_1_226' title='bbox 974 1679 1090 1730; x_wconf 89' lang='lat' dir='ltr'>paulo</span> <span class='ocrx_word' id='word_1_227' title='bbox 1112 1685 1201 1718; x_wconf 89' lang='lat' dir='ltr'>ante</span> <span class='ocrx_word' id='word_1_228' title='bbox 1227 1679 1273 1718; x_wconf 90' lang='lat' dir='ltr'>de</span> <span class='ocrx_word' id='word_1_229' title='bbox 1295 1678 1431 1717; x_wconf 88' lang='lat' dir='ltr'>eadem</span> <span class='ocrx_word' id='word_1_230' title='bbox 1453 1691 1495 1716; x_wconf 93' lang='lat' dir='ltr'>re</span> <span class='ocrx_word' id='word_1_231' title='bbox 1517 1690 1636 1729; x_wconf 79' lang='lat' dir='ltr'>agens</span> <span class='ocrx_word' id='word_1_232' title='bbox 1657 1675 1712 1729; x_wconf 86' lang='lat' dir='ltr'>(p.</span> <span class='ocrx_word' id='word_1_233' title='bbox 1728 1672 1846 1729; x_wconf 71' lang='lat'>380),</span> 
     </span>
     <span class='ocr_line' id='line_1_24' title="bbox 303 1739 1847 1796; baseline -0.003 -11"><span class='ocrx_word' id='word_1_234' title='bbox 303 1748 396 1785; x_wconf 91' lang='lat' dir='ltr'>item</span> <span class='ocrx_word' id='word_1_235' title='bbox 418 1748 522 1784; x_wconf 90' lang='lat' dir='ltr'>inter</span> <span class='ocrx_word' id='word_1_236' title='bbox 541 1745 664 1784; x_wconf 90' lang='lat' dir='ltr'>multa</span> <span class='ocrx_word' id='word_1_237' title='bbox 685 1745 759 1784; x_wconf 89' lang='lat' dir='ltr'>alia</span> <span class='ocrx_word' id='word_1_238' title='bbox 781 1746 1018 1795; x_wconf 85' lang='lat' dir='ltr'>testimonia,</span> <span class='ocrx_word' id='word_1_239' title='bbox 1039 1744 1206 1783; x_wconf 90' lang='lat' dir='ltr'>Lucium</span> <span class='ocrx_word' id='word_1_240' title='bbox 1228 1744 1437 1783; x_wconf 88' lang='lat' dir='ltr'>Caesarem</span> <span class='ocrx_word' id='word_1_241' title='bbox 1459 1739 1651 1796; x_wconf 76' lang='lat' dir='ltr'>citauit3),</span> <span class='ocrx_word' id='word_1_242' title='bbox 1675 1744 1715 1780; x_wconf 91' lang='lat' dir='ltr'>in</span> <span class='ocrx_word' id='word_1_243' title='bbox 1737 1746 1847 1781; x_wconf 89' lang='lat' dir='ltr'>sexto</span> 
     </span>
     <span class='ocr_line' id='line_1_25' title="bbox 304 1807 1847 1862; baseline -0.003 -12"><span class='ocrx_word' id='word_1_244' title='bbox 304 1816 434 1850; x_wconf 87' lang='lat' dir='ltr'>autem</span> <span class='ocrx_word' id='word_1_245' title='bbox 460 1824 497 1862; x_wconf 87' lang='lat' dir='ltr'>p.</span> <span class='ocrx_word' id='word_1_246' title='bbox 514 1809 600 1849; x_wconf 84' lang='grc'>270</span> <span class='ocrx_word' id='word_1_247' title='bbox 615 1810 659 1849; x_wconf 90' lang='grc' dir='ltr'>Η.</span> <span class='ocrx_word' id='word_1_248' title='bbox 688 1808 926 1850; x_wconf 77' lang='lat' dir='ltr'>‘Caesarem</span> <span class='ocrx_word' id='word_1_249' title='bbox 953 1813 993 1848; x_wconf 69' lang='lat' dir='ltr'>in</span> <span class='ocrx_word' id='word_1_250' title='bbox 1022 1807 1320 1859; x_wconf 67' lang='lat' dir='ltr'>auyuralibus’,</span> <span class='ocrx_word' id='word_1_251' title='bbox 1349 1821 1483 1847; x_wconf 90' lang='lat' dir='ltr'>errore</span> <span class='ocrx_word' id='word_1_252' title='bbox 1510 1808 1551 1847; x_wconf 90' lang='lat' dir='ltr'>L.</span> <span class='ocrx_word' id='word_1_253' title='bbox 1573 1807 1751 1847; x_wconf 87' lang='lat' dir='ltr'>Caesaris</span> <span class='ocrx_word' id='word_1_254' title='bbox 1779 1819 1847 1845; x_wconf 88' lang='lat' dir='ltr'>no-</span> 
     </span>
     <span class='ocr_line' id='line_1_26' title="bbox 304 1871 1847 1928; baseline -0.003 -13"><span class='ocrx_word' id='word_1_255' title='bbox 304 1889 395 1915; x_wconf 89' lang='lat' dir='ltr'>men</span> <span class='ocrx_word' id='word_1_256' title='bbox 415 1882 505 1928; x_wconf 89' lang='lat' dir='ltr'>post</span> <span class='ocrx_word' id='word_1_257' title='bbox 523 1877 655 1914; x_wconf 80' lang='lat' dir='ltr'>uarias</span> <span class='ocrx_word' id='word_1_258' title='bbox 677 1875 920 1926; x_wconf 87' lang='lat' dir='ltr'>corruptelas</span> <span class='ocrx_word' id='word_1_259' title='bbox 942 1874 982 1912; x_wconf 94' lang='lat' dir='ltr'>L.</span> <span class='ocrx_word' id='word_1_260' title='bbox 1005 1874 1134 1913; x_wconf 90' lang='lat' dir='ltr'>Caelio</span> <span class='ocrx_word' id='word_1_261' title='bbox 1156 1876 1325 1917; x_wconf 83' lang='lat' dir='ltr'>cessisse</span> <span class='ocrx_word' id='word_1_262' title='bbox 1346 1873 1517 1912; x_wconf 89' lang='lat' dir='ltr'>uidetur.</span> <span class='ocrx_word' id='word_1_263' title='bbox 1552 1873 1600 1912; x_wconf 89' lang='lat' dir='ltr'>cf.</span> <span class='ocrx_word' id='word_1_264' title='bbox 1622 1871 1847 1923; x_wconf 83' lang='lat' dir='ltr'>Nipperdey</span> 
     </span>
     <span class='ocr_line' id='line_1_27' title="bbox 305 1937 1848 1992; baseline -0.003 -12"><span class='ocrx_word' id='word_1_265' title='bbox 305 1944 346 1980; x_wconf 92' lang='lat' dir='ltr'>in</span> <span class='ocrx_word' id='word_1_266' title='bbox 373 1941 464 1980; x_wconf 88' lang='lat' dir='ltr'>edit.</span> <span class='ocrx_word' id='word_1_267' title='bbox 487 1941 595 1980; x_wconf 92' lang='lat' dir='ltr'>Caes.</span> <span class='ocrx_word' id='word_1_268' title='bbox 617 1942 706 1979; x_wconf 88' lang='lat' dir='ltr'>mai.</span> <span class='ocrx_word' id='word_1_269' title='bbox 726 1953 762 1992; x_wconf 89' lang='lat' dir='ltr'>p.</span> <span class='ocrx_word' id='word_1_270' title='bbox 782 1937 877 1979; x_wconf 79' lang='lat'>785.</span> <span class='ocrx_word' id='word_1_271' title='bbox 898 1963 957 1966; x_wconf 97' lang='lat'><strong>—</strong></span> <span class='ocrx_word' id='word_1_272' title='bbox 977 1940 1022 1978; x_wconf 83' lang='lat' dir='ltr'>fr.</span> <span class='ocrx_word' id='word_1_273' title='bbox 1045 1937 1100 1978; x_wconf 80' lang='lat'>63</span> <span class='ocrx_word' id='word_1_274' title='bbox 1123 1948 1162 1978; x_wconf 87' lang='lat' dir='ltr'>et</span> <span class='ocrx_word' id='word_1_275' title='bbox 1182 1937 1238 1978; x_wconf 88' lang='lat'>64</span> <span class='ocrx_word' id='word_1_276' title='bbox 1262 1939 1414 1978; x_wconf 90' lang='lat' dir='ltr'>lacunis</span> <span class='ocrx_word' id='word_1_277' title='bbox 1435 1940 1488 1977; x_wconf 89' lang='lat' dir='ltr'>ita</span> <span class='ocrx_word' id='word_1_278' title='bbox 1510 1943 1603 1977; x_wconf 89' lang='lat' dir='ltr'>sunt</span> <span class='ocrx_word' id='word_1_279' title='bbox 1624 1937 1848 1989; x_wconf 87' lang='lat' dir='ltr'>deprauata,</span> 
     </span>
     <span class='ocr_line' id='line_1_28' title="bbox 305 2001 1848 2054; baseline -0.003 -9"><span class='ocrx_word' id='word_1_280' title='bbox 305 2012 349 2045; x_wconf 91' lang='lat' dir='ltr'>ut</span> <span class='ocrx_word' id='word_1_281' title='bbox 376 2012 528 2045; x_wconf 91' lang='lat' dir='ltr'>certum</span> <span class='ocrx_word' id='word_1_282' title='bbox 561 2005 752 2044; x_wconf 91' lang='lat' dir='ltr'>iudicium</span> <span class='ocrx_word' id='word_1_283' title='bbox 786 2006 890 2044; x_wconf 87' lang='lat' dir='ltr'>ferre</span> <span class='ocrx_word' id='word_1_284' title='bbox 924 2018 1002 2043; x_wconf 89' lang='lat' dir='ltr'>non</span> <span class='ocrx_word' id='word_1_285' title='bbox 1036 2006 1110 2044; x_wconf 92' lang='lat' dir='ltr'>sim</span> <span class='ocrx_word' id='word_1_286' title='bbox 1141 2017 1271 2043; x_wconf 86' lang='lat' dir='ltr'>ausus.</span> <span class='ocrx_word' id='word_1_287' title='bbox 1311 2005 1357 2043; x_wconf 85' lang='lat' dir='ltr'>fr.</span> <span class='ocrx_word' id='word_1_288' title='bbox 1380 2002 1437 2043; x_wconf 82' lang='lat'>64</span> <span class='ocrx_word' id='word_1_289' title='bbox 1462 2016 1512 2042; x_wconf 90' lang='lat' dir='ltr'>ne</span> <span class='ocrx_word' id='word_1_290' title='bbox 1540 2003 1663 2042; x_wconf 88' lang='lat' dir='ltr'>Coelii</span> <span class='ocrx_word' id='word_1_291' title='bbox 1690 2001 1848 2054; x_wconf 88' lang='lat' dir='ltr'>quidem</span> 
     </span>
     <span class='ocr_line' id='line_1_29' title="bbox 306 2068 1848 2123; baseline -0.003 -13"><span class='ocrx_word' id='word_1_292' title='bbox 306 2084 450 2111; x_wconf 91' lang='lat' dir='ltr'>nomen</span> <span class='ocrx_word' id='word_1_293' title='bbox 484 2073 682 2121; x_wconf 86' lang='lat' dir='ltr'>integrum</span> <span class='ocrx_word' id='word_1_294' title='bbox 715 2072 877 2123; x_wconf 81' lang='lat' dir='ltr'>mansit3</span> <span class='ocrx_word' id='word_1_295' title='bbox 912 2070 1004 2109; x_wconf 88' lang='lat' dir='ltr'>solis</span> <span class='ocrx_word' id='word_1_296' title='bbox 1038 2071 1143 2108; x_wconf 88' lang='lat' dir='ltr'>enim</span> <span class='ocrx_word' id='word_1_297' title='bbox 1176 2070 1320 2109; x_wconf 90' lang='lat' dir='ltr'>litteris</span> <span class='ocrx_word' id='word_1_298' title='bbox 1353 2072 1432 2108; x_wconf 76' lang='lat' dir='ltr'>lius</span> <span class='ocrx_word' id='word_1_299' title='bbox 1465 2068 1556 2107; x_wconf 89' lang='lat' dir='ltr'>libri</span> <span class='ocrx_word' id='word_1_300' title='bbox 1582 2068 1689 2107; x_wconf 88' lang='lat' dir='ltr'>Festi</span> <span class='ocrx_word' id='word_1_301' title='bbox 1714 2069 1848 2106; x_wconf 90' lang='lat' dir='ltr'>incen-</span> 
     </span>
     <span class='ocr_line' id='line_1_30' title="bbox 308 2132 1848 2188; baseline -0.003 -13"><span class='ocrx_word' id='word_1_302' title='bbox 308 2137 414 2176; x_wconf 89' lang='lat' dir='ltr'>dium</span> <span class='ocrx_word' id='word_1_303' title='bbox 436 2138 626 2188; x_wconf 86' lang='lat' dir='ltr'>pepercit,</span> <span class='ocrx_word' id='word_1_304' title='bbox 654 2137 728 2174; x_wconf 85' lang='lat' dir='ltr'>etsi</span> <span class='ocrx_word' id='word_1_305' title='bbox 742 2135 1018 2174; x_wconf 86' lang='lat' dir='ltr'>Mercklinium</span> <span class='ocrx_word' id='word_1_306' title='bbox 1033 2134 1222 2188; x_wconf 65' lang='lat' dir='ltr'>(obsera.</span> <span class='ocrx_word' id='word_1_307' title='bbox 1239 2137 1295 2174; x_wconf 81' lang='lat' dir='ltr'>ad</span> <span class='ocrx_word' id='word_1_308' title='bbox 1308 2136 1411 2174; x_wconf 75' lang='lat' dir='ltr'>Fest.</span> <span class='ocrx_word' id='word_1_309' title='bbox 1426 2147 1462 2185; x_wconf 92' lang='lat' dir='ltr'>p.</span> <span class='ocrx_word' id='word_1_310' title='bbox 1482 2132 1535 2173; x_wconf 88' lang='grc'>14</span> <span class='ocrx_word' id='word_1_311' title='bbox 1556 2133 1634 2172; x_wconf 90' lang='lat' dir='ltr'>ind.</span> <span class='ocrx_word' id='word_1_312' title='bbox 1650 2133 1739 2172; x_wconf 86' lang='lat' dir='ltr'>leot.</span> <span class='ocrx_word' id='word_1_313' title='bbox 1753 2133 1848 2171; x_wconf 89' lang='lat' dir='ltr'>Dor-</span> 
     </span>
     <span class='ocr_line' id='line_1_31' title="bbox 307 2199 1847 2256; baseline -0.003 -15"><span class='ocrx_word' id='word_1_314' title='bbox 307 2209 383 2256; x_wconf 88' lang='lat' dir='ltr'>pat.</span> <span class='ocrx_word' id='word_1_315' title='bbox 407 2199 540 2256; x_wconf 77' lang='lat'>1860)</span> <span class='ocrx_word' id='word_1_316' title='bbox 568 2214 708 2241; x_wconf 88' lang='lat' dir='ltr'>uerum</span> <span class='ocrx_word' id='word_1_317' title='bbox 734 2201 884 2240; x_wconf 85' lang='lat' dir='ltr'>uidisse</span> <span class='ocrx_word' id='word_1_318' title='bbox 916 2203 984 2240; x_wconf 87' lang='lat' dir='ltr'>uix</span> <span class='ocrx_word' id='word_1_319' title='bbox 1011 2200 1223 2240; x_wconf 90' lang='lat' dir='ltr'>concedam</span> <span class='ocrx_word' id='word_1_320' title='bbox 1252 2199 1367 2239; x_wconf 92' lang='lat' dir='ltr'>Gellii</span> <span class='ocrx_word' id='word_1_321' title='bbox 1392 2201 1550 2238; x_wconf 85' lang='lat' dir='ltr'>nomine</span> <span class='ocrx_word' id='word_1_322' title='bbox 1576 2199 1756 2238; x_wconf 90' lang='lat' dir='ltr'>lacunam</span> <span class='ocrx_word' id='word_1_323' title='bbox 1784 2211 1847 2237; x_wconf 84' lang='lat' dir='ltr'>ex-</span> 
     </span>
     <span class='ocr_line' id='line_1_32' title="bbox 310 2262 1848 2319; baseline -0.003 -13"><span class='ocrx_word' id='word_1_324' title='bbox 310 2268 502 2319; x_wconf 81' lang='lat' dir='ltr'>plentem3</span> <span class='ocrx_word' id='word_1_325' title='bbox 531 2267 686 2305; x_wconf 90' lang='lat' dir='ltr'>Coelius</span> <span class='ocrx_word' id='word_1_326' title='bbox 713 2268 818 2305; x_wconf 91' lang='lat' dir='ltr'>enim</span> <span class='ocrx_word' id='word_1_327' title='bbox 843 2268 961 2305; x_wconf 87' lang='lat' dir='ltr'>etiam</span> <span class='ocrx_word' id='word_1_328' title='bbox 989 2266 1064 2304; x_wconf 92' lang='lat' dir='ltr'>alio</span> <span class='ocrx_word' id='word_1_329' title='bbox 1091 2266 1175 2305; x_wconf 90' lang='lat' dir='ltr'>loco</span> <span class='ocrx_word' id='word_1_330' title='bbox 1203 2262 1270 2318; x_wconf 83' lang='lat' dir='ltr'>(fr.</span> <span class='ocrx_word' id='word_1_331' title='bbox 1291 2262 1368 2318; x_wconf 76' lang='lat'>47)</span> <span class='ocrx_word' id='word_1_332' title='bbox 1391 2277 1410 2303; x_wconf 89' lang='lat' dir='ltr'>a</span> <span class='ocrx_word' id='word_1_333' title='bbox 1431 2265 1548 2303; x_wconf 87' lang='lat' dir='ltr'>Festo</span> <span class='ocrx_word' id='word_1_334' title='bbox 1575 2263 1755 2303; x_wconf 89' lang='lat' dir='ltr'>laudatus</span> <span class='ocrx_word' id='word_1_335' title='bbox 1777 2269 1848 2314; x_wconf 84' lang='lat' dir='ltr'>est,</span> 
     </span>
     <span class='ocr_line' id='line_1_33' title="bbox 309 2328 1849 2383; baseline -0.003 -13"><span class='ocrx_word' id='word_1_336' title='bbox 309 2332 424 2371; x_wconf 90' lang='lat' dir='ltr'>Gellii</span> <span class='ocrx_word' id='word_1_337' title='bbox 457 2333 644 2371; x_wconf 89' lang='lat' dir='ltr'>historiae</span> <span class='ocrx_word' id='word_1_338' title='bbox 678 2344 904 2383; x_wconf 87' lang='lat' dir='ltr'>numquam.</span> <span class='ocrx_word' id='word_1_339' title='bbox 933 2355 987 2358; x_wconf 97' lang='lat'><strong>—</strong></span> <span class='ocrx_word' id='word_1_340' title='bbox 1015 2337 1053 2371; x_wconf 88' lang='lat' dir='ltr'>at</span> <span class='ocrx_word' id='word_1_341' title='bbox 1080 2332 1125 2370; x_wconf 83' lang='lat' dir='ltr'>fr.</span> <span class='ocrx_word' id='word_1_342' title='bbox 1147 2328 1203 2370; x_wconf 81' lang='lat'>65</span> <span class='ocrx_word' id='word_1_343' title='bbox 1236 2330 1406 2369; x_wconf 88' lang='lat' dir='ltr'>libenter</span> <span class='ocrx_word' id='word_1_344' title='bbox 1433 2329 1556 2368; x_wconf 92' lang='lat' dir='ltr'>Gellio</span> <span class='ocrx_word' id='word_1_345' title='bbox 1582 2329 1721 2379; x_wconf 88' lang='lat' dir='ltr'>tribui,</span> <span class='ocrx_word' id='word_1_346' title='bbox 1755 2341 1849 2379; x_wconf 86' lang='lat' dir='ltr'>quo-</span> 
     </span>
    </p>
   </div>
   <div class='ocr_carea' id='block_1_3' title="bbox 448 2403 590 2406">
    <p class='ocr_par' dir='ltr' id='par_1_4' title="bbox 448 2403 590 2406">
     <span class='ocr_line' id='line_1_34' title="bbox 448 2403 590 2406; baseline 0 0"><span class='ocrx_word' id='word_1_347' title='bbox 448 2403 590 2406; x_wconf 95' lang='lat' dir='ltr'> </span> 
     </span>
    </p>
   </div>
   <div class='ocr_carea' id='block_1_4' title="bbox 311 2431 1851 2895">
    <p class='ocr_par' dir='ltr' id='par_1_5' title="bbox 311 2431 1851 2629">
     <span class='ocr_line' id='line_1_35' title="bbox 408 2431 1850 2479; baseline -0.002 -10"><span class='ocrx_word' id='word_1_348' title='bbox 408 2437 439 2479; x_wconf 87' lang='lat'>1)</span> <span class='ocrx_word' id='word_1_349' title='bbox 470 2435 511 2469; x_wconf 88' lang='lat' dir='ltr'>In</span> <span class='ocrx_word' id='word_1_350' title='bbox 549 2435 654 2469; x_wconf 89' lang='lat' dir='ltr'>codd.</span> <span class='ocrx_word' id='word_1_351' title='bbox 691 2434 875 2468; x_wconf 83' lang='lat' dir='ltr'>Prisciani</span> <span class='ocrx_word' id='word_1_352' title='bbox 910 2434 994 2468; x_wconf 87' lang='grc' dir='ltr'>ΧΙΠ</span> <span class='ocrx_word' id='word_1_353' title='bbox 1025 2446 1060 2478; x_wconf 90' lang='lat' dir='ltr'>p.</span> <span class='ocrx_word' id='word_1_354' title='bbox 1088 2434 1167 2468; x_wconf 84' lang='grc' dir='ltr'>8Η.</span> <span class='ocrx_word' id='word_1_355' title='bbox 1195 2433 1314 2467; x_wconf 78' lang='lat' dir='ltr'>oratio</span> <span class='ocrx_word' id='word_1_356' title='bbox 1350 2432 1536 2476; x_wconf 82' lang='lat' dir='ltr'>quaedam</span> <span class='ocrx_word' id='word_1_357' title='bbox 1573 2432 1621 2466; x_wconf 87' lang='lat' dir='ltr'>M.</span> <span class='ocrx_word' id='word_1_358' title='bbox 1654 2431 1769 2466; x_wconf 91' lang='lat' dir='ltr'>Coelii</span> <span class='ocrx_word' id='word_1_359' title='bbox 1804 2431 1850 2466; x_wconf 85' lang='lat' dir='ltr'>de</span> 
     </span>
     <span class='ocr_line' id='line_1_36' title="bbox 311 2485 1851 2530; baseline -0.003 -9"><span class='ocrx_word' id='word_1_360' title='bbox 311 2488 451 2522; x_wconf 81' lang='lat' dir='ltr'>uestitu</span> <span class='ocrx_word' id='word_1_361' title='bbox 477 2489 514 2522; x_wconf 89' lang='lat' dir='ltr'>et</span> <span class='ocrx_word' id='word_1_362' title='bbox 540 2487 723 2522; x_wconf 84' lang='lat' dir='ltr'>uehiculis</span> <span class='ocrx_word' id='word_1_363' title='bbox 751 2487 943 2530; x_wconf 77' lang='lat' dir='ltr'>laudatur,</span> <span class='ocrx_word' id='word_1_364' title='bbox 977 2487 1042 2521; x_wconf 82' lang='lat' dir='ltr'>sed</span> <span class='ocrx_word' id='word_1_365' title='bbox 1069 2498 1113 2521; x_wconf 87' lang='lat' dir='ltr'>ex</span> <span class='ocrx_word' id='word_1_366' title='bbox 1140 2486 1257 2520; x_wconf 82' lang='lat' dir='ltr'>altero</span> <span class='ocrx_word' id='word_1_367' title='bbox 1283 2485 1377 2529; x_wconf 79' lang='lat' dir='ltr'>loco,</span> <span class='ocrx_word' id='word_1_368' title='bbox 1402 2485 1469 2519; x_wconf 88' lang='lat' dir='ltr'>ubi</span> <span class='ocrx_word' id='word_1_369' title='bbox 1496 2485 1627 2519; x_wconf 85' lang='lat' dir='ltr'>eadem</span> <span class='ocrx_word' id='word_1_370' title='bbox 1653 2485 1769 2518; x_wconf 84' lang='lat' dir='ltr'>uerba</span> <span class='ocrx_word' id='word_1_371' title='bbox 1794 2485 1851 2518; x_wconf 90' lang='lat' dir='ltr'>in-</span> 
     </span>
     <span class='ocr_line' id='line_1_37' title="bbox 311 2537 1848 2585; baseline -0.003 -10"><span class='ocrx_word' id='word_1_372' title='bbox 311 2543 408 2576; x_wconf 83' lang='lat' dir='ltr'>serta</span> <span class='ocrx_word' id='word_1_373' title='bbox 440 2543 527 2575; x_wconf 79' lang='lat' dir='ltr'>eunt</span> <span class='ocrx_word' id='word_1_374' title='bbox 553 2541 601 2575; x_wconf 91' lang='lat' dir='ltr'>VI</span> <span class='ocrx_word' id='word_1_375' title='bbox 621 2544 740 2585; x_wconf 79' lang='lat' dir='ltr'>p.226</span> <span class='ocrx_word' id='word_1_376' title='bbox 755 2540 817 2583; x_wconf 90' lang='lat' dir='ltr'>H.‚</span> <span class='ocrx_word' id='word_1_377' title='bbox 850 2552 948 2574; x_wconf 90' lang='lat' dir='ltr'>nunc</span> <span class='ocrx_word' id='word_1_378' title='bbox 979 2541 1080 2575; x_wconf 86' lang='lat' dir='ltr'>recte</span> <span class='ocrx_word' id='word_1_379' title='bbox 1111 2541 1157 2574; x_wconf 91' lang='lat' dir='ltr'>M.</span> <span class='ocrx_word' id='word_1_380' title='bbox 1186 2539 1336 2574; x_wconf 79' lang='lat' dir='ltr'>Catonis</span> <span class='ocrx_word' id='word_1_381' title='bbox 1368 2549 1502 2573; x_wconf 85' lang='lat' dir='ltr'>nomen</span> <span class='ocrx_word' id='word_1_382' title='bbox 1534 2537 1748 2572; x_wconf 74' lang='lat' dir='ltr'>restitutum</span> <span class='ocrx_word' id='word_1_383' title='bbox 1782 2539 1848 2572; x_wconf 82' lang='lat' dir='ltr'>est.</span> 
     </span>
     <span class='ocr_line' id='line_1_38' title="bbox 311 2593 751 2629; baseline -0.002 -1"><span class='ocrx_word' id='word_1_384' title='bbox 311 2595 355 2629; x_wconf 89' lang='lat' dir='ltr'>cf.</span> <span class='ocrx_word' id='word_1_385' title='bbox 378 2595 490 2629; x_wconf 84' lang='lat' dir='ltr'>Hertz</span> <span class='ocrx_word' id='word_1_386' title='bbox 510 2594 594 2628; x_wconf 82' lang='lat' dir='ltr'>adn.</span> <span class='ocrx_word' id='word_1_387' title='bbox 616 2605 648 2629; x_wconf 85' lang='lat' dir='ltr'>a.</span> <span class='ocrx_word' id='word_1_388' title='bbox 670 2594 706 2628; x_wconf 88' lang='lat' dir='ltr'>h.</span> <span class='ocrx_word' id='word_1_389' title='bbox 728 2593 751 2627; x_wconf 91' lang='grc'>1.</span> 
     </span>
    </p>

    <p class='ocr_par' dir='ltr' id='par_1_6' title="bbox 311 2643 1848 2746">
     <span class='ocr_line' id='line_1_39' title="bbox 407 2643 1848 2691; baseline -0.003 -10"><span class='ocrx_word' id='word_1_390' title='bbox 407 2649 440 2691; x_wconf 82' lang='lat'>2)</span> <span class='ocrx_word' id='word_1_391' title='bbox 467 2647 604 2682; x_wconf 77' lang='lat' dir='ltr'>Contra</span> <span class='ocrx_word' id='word_1_392' title='bbox 624 2657 720 2691; x_wconf 83' lang='lat' dir='ltr'>quae</span> <span class='ocrx_word' id='word_1_393' title='bbox 740 2647 816 2681; x_wconf 80' lang='lat' dir='ltr'>alia</span> <span class='ocrx_word' id='word_1_394' title='bbox 830 2647 872 2681; x_wconf 89' lang='lat' dir='ltr'>fr.</span> <span class='ocrx_word' id='word_1_395' title='bbox 889 2646 1041 2682; x_wconf 85' lang='lat' dir='ltr'>Caecilii</span> <span class='ocrx_word' id='word_1_396' title='bbox 1056 2646 1272 2681; x_wconf 85' lang='lat' dir='ltr'>comoediae</span> <span class='ocrx_word' id='word_1_397' title='bbox 1287 2644 1528 2689; x_wconf 76' lang='lat' dir='ltr'>inscriptione</span> <span class='ocrx_word' id='word_1_398' title='bbox 1543 2644 1679 2678; x_wconf 79' lang='lat' dir='ltr'>omissa</span> <span class='ocrx_word' id='word_1_399' title='bbox 1693 2655 1715 2678; x_wconf 82' lang='lat' dir='ltr'>a</span> <span class='ocrx_word' id='word_1_400' title='bbox 1732 2643 1762 2677; x_wconf 90' lang='lat' dir='ltr'>N</span> <span class='ocrx_word' id='word_1_401' title='bbox 1765 2643 1848 2678; x_wconf 91' lang='lat' dir='ltr'>onio</span> 
     </span>
     <span class='ocr_line' id='line_1_40' title="bbox 311 2697 1735 2746; baseline -0.002 -11"><span class='ocrx_word' id='word_1_402' title='bbox 311 2700 562 2746; x_wconf 77' lang='lat' dir='ltr'>proferuntur,</span> <span class='ocrx_word' id='word_1_403' title='bbox 590 2702 717 2744; x_wconf 83' lang='lat' dir='ltr'>aperte</span> <span class='ocrx_word' id='word_1_404' title='bbox 742 2711 915 2734; x_wconf 78' lang='lat' dir='ltr'>numeros</span> <span class='ocrx_word' id='word_1_405' title='bbox 943 2701 981 2734; x_wconf 86' lang='lat' dir='ltr'>et</span> <span class='ocrx_word' id='word_1_406' title='bbox 1005 2699 1186 2745; x_wconf 82' lang='lat' dir='ltr'>originem</span> <span class='ocrx_word' id='word_1_407' title='bbox 1213 2699 1395 2734; x_wconf 82' lang='lat' dir='ltr'>comicam</span> <span class='ocrx_word' id='word_1_408' title='bbox 1419 2708 1510 2742; x_wconf 79' lang='lat' dir='ltr'>prae</span> <span class='ocrx_word' id='word_1_409' title='bbox 1537 2709 1575 2732; x_wconf 83' lang='lat' dir='ltr'>se</span> <span class='ocrx_word' id='word_1_410' title='bbox 1601 2697 1735 2732; x_wconf 83' lang='lat' dir='ltr'>ferunt.</span> 
     </span>
    </p>

    <p class='ocr_par' dir='ltr' id='par_1_7' title="bbox 311 2750 1850 2895">
     <span class='ocr_line' id='line_1_41' title="bbox 408 2750 1850 2798; baseline -0.003 -11"><span class='ocrx_word' id='word_1_411' title='bbox 408 2756 442 2798; x_wconf 82' lang='lat'>3)</span> <span class='ocrx_word' id='word_1_412' title='bbox 467 2753 509 2787; x_wconf 91' lang='lat' dir='ltr'>In</span> <span class='ocrx_word' id='word_1_413' title='bbox 536 2753 708 2788; x_wconf 83' lang='lat' dir='ltr'>omnibus</span> <span class='ocrx_word' id='word_1_414' title='bbox 734 2753 839 2787; x_wconf 85' lang='lat' dir='ltr'>libris</span> <span class='ocrx_word' id='word_1_415' title='bbox 866 2765 951 2788; x_wconf 76' lang='lat' dir='ltr'>mss.</span> <span class='ocrx_word' id='word_1_416' title='bbox 979 2755 1137 2797; x_wconf 85' lang='lat' dir='ltr'>utroque</span> <span class='ocrx_word' id='word_1_417' title='bbox 1162 2752 1243 2787; x_wconf 88' lang='grc'>1060</span> <span class='ocrx_word' id='word_1_418' title='bbox 1264 2751 1329 2785; x_wconf 88' lang='lat' dir='ltr'>ubi</span> <span class='ocrx_word' id='word_1_419' title='bbox 1349 2750 1484 2786; x_wconf 84' lang='lat' dir='ltr'>Lucius</span> <span class='ocrx_word' id='word_1_420' title='bbox 1506 2751 1641 2785; x_wconf 79' lang='lat' dir='ltr'>Caesar</span> <span class='ocrx_word' id='word_1_421' title='bbox 1666 2750 1850 2792; x_wconf 76' lang='lat' dir='ltr'>laudatur,</span> 
     </span>
     <span class='ocr_line' id='line_1_42' title="bbox 311 2803 1850 2851; baseline -0.003 -10"><span class='ocrx_word' id='word_1_422' title='bbox 311 2806 373 2842; x_wconf 88' lang='lat' dir='ltr'>uel</span> <span class='ocrx_word' id='word_1_423' title='bbox 400 2806 505 2841; x_wconf 87' lang='lat' dir='ltr'>Lucii</span> <span class='ocrx_word' id='word_1_424' title='bbox 530 2817 757 2851; x_wconf 82' lang='lat' dir='ltr'>praenomen</span> <span class='ocrx_word' id='word_1_425' title='bbox 789 2807 959 2841; x_wconf 81' lang='lat' dir='ltr'>omnibus</span> <span class='ocrx_word' id='word_1_426' title='bbox 992 2806 1129 2841; x_wconf 80' lang='lat' dir='ltr'>litteris</span> <span class='ocrx_word' id='word_1_427' title='bbox 1160 2807 1353 2840; x_wconf 79' lang='lat' dir='ltr'>exaratum</span> <span class='ocrx_word' id='word_1_428' title='bbox 1380 2806 1437 2838; x_wconf 75' lang='lat' dir='ltr'>est</span> <span class='ocrx_word' id='word_1_429' title='bbox 1468 2804 1529 2838; x_wconf 87' lang='lat' dir='ltr'>uel</span> <span class='ocrx_word' id='word_1_430' title='bbox 1557 2803 1690 2838; x_wconf 87' lang='lat' dir='ltr'>Lucilii</span> <span class='ocrx_word' id='word_1_431' title='bbox 1717 2803 1850 2838; x_wconf 81' lang='lat' dir='ltr'>substi-</span> 
     </span>
     <span class='ocr_line' id='line_1_43' title="bbox 312 2862 447 2895; baseline 0 0"><span class='ocrx_word' id='word_1_432' title='bbox 312 2862 447 2895; x_wconf 89' lang='lat' dir='ltr'>tutum.</span> 
     </span>
    </p>
   </div>
   <div class='ocr_carea' id='block_1_5' title="bbox 1933 0 2002 3342">
    <p class='ocr_par' dir='ltr' id='par_1_8' title="bbox 1933 0 2002 3342">
     <span class='ocr_line' id='line_1_44' title="bbox 1933 0 2002 3342; baseline 0 0"><span class='ocrx_word' id='word_1_433' title='bbox 1933 0 2002 3342; x_wconf 95' lang='lat' dir='ltr'> </span> 
     </span>
    </p>
   </div>
  </div>
 </body>
</html>
