2002 3342
671 219 710 254 P.
732 219 953 254 RVTILIVS
979 219 1137 254 RVFVS
1538 234 1673 264 CCLIX

140 330 259 369 multa
288 332 461 381 exposita
489 342 574 368 esse
602 331 781 381 sequitur
809 327 970 383 (Nissen
1005 332 1239 370 [lutet-such.
1260 344 1295 382 p.
1317 328 1405 386 43).
1441 333 1546 382 atqui
1573 345 1672 383 quae

140 397 239 434 inl'ra
262 396 388 434 Latini
411 396 626 445 fragmenta
648 395 809 433 collecta
832 402 934 445 sunt,
962 397 1091 434 onmia
1113 397 1410 447 inscriptionem
1433 398 1673 448 praeferunt,

138 461 324 512 pleraque
358 462 474 499 etiam
510 473 673 499 numero
701 460 791 498 libri
818 460 967 511 addito,
1002 461 1245 512 redeuntque
1274 462 1320 500 ad
1348 475 1469 500 unum
1502 461 1672 512 aliquem

138 527 455 576 g1·an1maticuni;
485 532 699 576 supersunt
727 526 770 563 l'r.
795 523 919 575 1—3,
947 538 1045 576 quae
1073 525 1218 564 indicio
1239 528 1404 577 originis
1431 528 1590 565 omnino
1612 540 1672 566 ca-

140 597 237 629 rent.
271 592 441 641 primum
471 590 688 629 dubitatum
717 596 778 629 est
803 602 896 628 num
919 603 1034 629 suum
1061 590 1189 629 locum
1217 593 1417 630 inuenerit
1438 590 1535 644 (uid.
1552 589 1673 647 adn),

139 655 304 694 alterum
339 661 468 694 tamen
503 662 539 693 et
574 657 733 694 tertium
764 668 853 694 cum
885 655 1035 706 Polybii
1063 658 1293 695 auctoritate
1322 658 1574 695 coniunctum
1603 664 1673 708 est,

137 727 218 759 tum
247 720 342 759 illud
370 726 531 771 propter
557 722 821 771 patrocinium
843 721 1015 759 Africani
1040 722 1217 772 minoris,
1244 722 1316 759 hoe
1338 729 1498 773 propter
1518 728 1673 773 tempus

139 788 198 824 rei
218 788 321 824 intra
343 788 447 824 uitae
470 788 556 824 eius
578 788 746 837 spatIum
769 792 901 836 gestae
930 799 1018 825 cum
1041 788 1126 825 eius
1147 788 1227 825 uita
1249 787 1443 826 cohaeret.
1478 788 1525 826 ad
1550 788 1673 826 uerba

138 857 267 889 tamen
304 851 481 890 Latinam
518 853 639 890 uitam
677 852 717 889 in
755 850 993 889 Graecorum
1025 864 1141 890 usum
1177 853 1243 890 uix
1282 854 1566 903 interpretatus
1602 859 1673 903 est,

137 916 206 954 sed
233 916 332 955 ultra
361 918 446 955 eius
480 918 579 955 tines
605 928 841 968 progressus
868 916 1005 955 latiore
1034 916 1181 956 ambitu
1209 929 1286 968 reS,
1320 930 1417 968 quae
1445 918 1547 968 apud
1574 918 1672 968 illos,

137 983 203 1032 qui
232 994 365 1020 rerum
391 981 536 1020 Romae
564 988 762 1033 gestarum
798 983 1048 1033 partiumque
1082 982 1255 1021 inuidiae
1288 984 1415 1033 ignari
1449 989 1592 1033 essent,
1626 983 1673 1021 ad

136 1059 178 1085 se
214 1046 503 1085 defendendum
536 1048 784 1085 necessariae
822 1053 955 1085 essent
988 1047 1277 1099 consiliumque
1314 1061 1428 1086 suum
1462 1048 1589 1099 aliqua
1626 1061 1670 1087 ex

135 1119 244 1162 parte
273 1112 518 1162 detegerent,
554 1112 765 1163 explicauit
793 1118 828 1150 et
857 1114 1068 1151 enarrauit.
1106 1112 1267 1151 uidetur
1300 1114 1417 1151 etiam
1446 1113 1518 1152 alia
1555 1126 1671 1152 causa

139 1178 278 1227 fuisse,
313 1190 387 1228 qua
421 1176 582 1216 Graecis
616 1179 865 1228 potissimum
902 1179 1008 1216 uitae
1045 1190 1138 1216 suae
1175 1179 1443 1229 integritatem
1476 1179 1671 1230 probaret.

136 1254 226 1280 nam
254 1242 524 1293 Theophanes,
558 1244 707 1281 amicus
741 1242 807 1281 Cn.
836 1243 1030 1294 Pompeii,
1068 1244 1109 1282 in
1141 1243 1378 1282 Mithridatis
1413 1246 1553 1283 castris
1587 1246 1672 1283 eius

136 1306 285 1346 litteras
313 1309 496 1346 inuentas
523 1321 610 1347 esse
635 1308 819 1359 prodidit,
847 1308 991 1359 quibus
1018 1321 1151 1359 regem
1180 1309 1227 1347 ad
1251 1308 1446 1348 Romanos
1473 1310 1671 1348 trucidan-

136 1372 205 1411 dos
232 1374 454 1423 incitasset,
489 1386 584 1424 quas
612 1373 827 1412 calumnias
864 1375 937 1412 etsi
965 1387 984 1412 a
1010 1374 1211 1425 plerisque
1246 1375 1434 1413 refutatas
1462 1387 1548 1414 esse
1583 1375 1671 1414 Plu-

136 1437 294 1476 tarchus
316 1437 474 1488 addidit,
496 1444 626 1477 tamen
647 1451 692 1477 ex
714 1438 875 1488 inuidia,
896 1451 971 1489 qua
992 1438 1163 1477 Rutilius
1177 1440 1218 1477 in
1238 1439 1470 1490 publicanos
1484 1441 1671 1479 incensus

136 1509 229 1553 erat,
253 1503 363 1541 facile
386 1503 474 1541 talis
498 1516 632 1542 rumor
652 1503 873 1542 redundare
895 1506 1033 1555 potuit.
1068 1503 1136 1542 sed
1152 1509 1239 1543 utut
1259 1504 1355 1543 haec
1378 1517 1441 1543 res
1463 1517 1503 1543 se
1525 1505 1670 1555 habuit,

95 1611 113 1621 ψ
135 1568 431 1618 offensionibus,
460 1581 555 1619 quas
583 1571 667 1619 ipse
694 1575 874 1607 mouerat
900 1569 963 1607 uel
990 1582 1132 1619 passus
1160 1575 1254 1620 erat,
1287 1583 1472 1621 magnum
1501 1572 1669 1622 spatium

136 1634 343 1683 concessit,
364 1633 477 1672 Marii
505 1631 644 1686 (11.4),
667 1646 782 1684 quem
805 1633 1077 1672 aduersarium
1100 1640 1137 1673 et
1158 1634 1314 1686 publice
1337 1641 1375 1673 et
1394 1637 1581 1686 priuatim
1605 1649 1669 1674 ex-

133 1703 270 1748 pertus
286 1704 380 1748 erat,
403 1698 469 1736 Cn.
486 1698 662 1750 Pompeii
678 1699 880 1737 Strabonis
905 1698 968 1741 (fr.
983 1696 1042 1752 ὃ),
1064 1697 1251 1739 ‘hominis
1272 1700 1378 1739 illius
1396 1701 1454 1739 dis
1470 1701 1669 1740 3611011111-

134 1765 203 1801 tati
224 1762 373 1814 inuisi',
393 1770 437 1802 ut
458 1764 595 1803 Cicero
616 1766 656 1803 in
672 1764 902 1803 Corneliana
920 1764 1017 1803 dixit
1032 1763 1189 1818 (Ascon.
1205 1778 1240 1816 p.
1257 1763 1313 1804 70
1328 1765 1480 1804 K.-Scl].
1505 1764 1557 1805 61
1582 1766 1669 1820 Sc),

133 1828 258 1879 Apicii
281 1826 386 1881 (adn.
408 1829 455 1867 ad
478 1831 522 1868 l'r.
540 1826 598 1883 6),
626 1832 693 1881 (1111
715 1843 734 1868 a
762 1829 981 1880 publicanis
1009 1836 1219 1881 corruptus
1246 1832 1377 1881 ipsum
1404 1833 1444 1870 in
1466 1833 1527 1870 ius
1553 1845 1669 1871 uoca—

134 1900 256 1932 uerat.
285 1894 354 1933 sed
375 1896 518 1933 stoicae
542 1895 773 1945 disciplinae
795 1895 1007 1934 obsecutus
1023 1893 1333 1934 ‘damnationem
1362 1909 1471 1935 suam
1494 1898 1549 1935 sic
1570 1897 1670 1949 tulit,

134 1965 331 2010 tamquam
352 1960 449 1998 nihil
471 1960 527 1998 illi
549 1960 756 1999 molestum
773 1966 877 1999 esset
897 1962 973 1999 nisi
990 1960 1093 2012 quod
1108 1961 1207 1999 male
1222 1960 1480 2001 iudicaretur'
1501 1958 1669 2015 (Seneca

134 2025 246 2075 epist.
268 2022 336 2075 24,
357 2022 416 2077 4),
444 2025 659 2076 eademque
694 2027 845 2064 ratione
873 2028 990 2064 etiam
1026 2028 1199 2077 priuatas
1227 2028 1456 2066 inimicitias
1484 2029 1540 2066 sic
1568 2034 1668 2067 trac-

133 2094 237 2128 tasse
263 2089 434 2141 uidetur,
462 2096 660 2141 tamquam
687 2092 745 2129 rei
772 2104 807 2142 p.
830 2091 966 2130 salutis
995 2093 1206 2130 interesset
1234 2093 1399 2131 crimina
1427 2093 1490 2131 uel
1519 2093 1667 2131 scelera

134 2154 349 2205 exprobare
376 2162 419 2194 ut
446 2155 764 2194 emendarentur.
1499 2161 1502 2164 ’

222 2218 333 2264 Quod
360 2226 490 2259 autem
518 2234 635 2272 supra
662 2223 888 2260 monuimus
917 2221 1146 2272 dignitatem
1173 2223 1329 2261 Aemilii
1357 2223 1493 2261 Scauri
1520 2236 1668 2262 memo-

134 2286 190 2323 ria
217 2284 453 2324 celebratam
483 2299 586 2337 esse,
620 2285 722 2325 idem
750 2288 790 2324 in
818 2286 1007 2325 Rutilium
1034 2286 1177 2327 Rufum
1207 2287 1326 2337 cadit,
1367 2288 1412 2326 de
1440 2301 1515 2339 quo
1549 2291 1666 2327 etiam

133 2349 245 2400 plura
280 2350 420 2389 tradita
460 2357 563 2401 sunt,
600 2365 675 2402 quo
713 2354 869 2403 saepius
907 2352 953 2391 de
990 2354 1074 2391 eius
1110 2352 1357 2391 damnatione
1395 2358 1431 2391 et
1472 2353 1587 2392 exilio
1627 2356 1666 2393 in

134 2414 277 2454 scholis
312 2415 572 2455 declamatum
606 2422 682 2467 est,
716 2417 755 2455 id
789 2417 893 2468 quod
925 2423 969 2456 ut
998 2419 1143 2456 rectius
1172 2420 1444 2469 existumetur,
1484 2420 1667 2458 ieiunitas

135 2478 308 2519 Sallustii
334 2481 595 2532 comparanda
629 2487 699 2532 est,
734 2495 808 2533 qua
835 2484 920 2521 eius
947 2484 986 2521 in
1014 2482 1115 2521 bello
1148 2483 1379 2534 Iugurthino
1407 2485 1559 2534 merita,
1593 2486 1666 2522 etsi

133 2545 190 2582 eis
217 2547 375 2583 0111111110
403 2558 480 2584 11011
507 2546 670 2597 inuidet,
697 2549 950 2598 persequitur
977 2544 1028 2597 (c.
1051 2546 1119 2598 50,
1143 2546 1178 2587 1.
1212 2546 1280 2599 52,
1302 2546 1340 2588 ἵ).
1374 2547 1442 2599 86,
1462 2547 1522 2601 4).
1556 2561 1667 2588 enar-

135 2615 240 2648 ratae
281 2611 401 2661 igitur
438 2617 529 2650 sunt
568 2610 665 2665 (uid.
693 2612 779 2650 Pais
811 2625 847 2663 p.
878 2610 1130 2665 114—119)
1171 2625 1234 2652 res
1273 2615 1358 2652 eius
1398 2614 1587 2665 quaedam
1626 2616 1665 2653 in

134 2672 318 2725 Hispania
352 2676 424 2714 sub
458 2676 639 2727 Scipione
673 2683 804 2727 gestae
838 2677 940 2728 apud
967 2679 1187 2729 Appianum
1213 2678 1313 2717 lber.
1335 2676 1402 2728 88,
1429 2679 1666 2730 colloquium

135 2750 222 2776 cum
255 2739 427 2779 Fimbria
465 2754 484 2779 a
518 2742 622 2780 Sulla
656 2744 880 2781 institutum
918 2742 1021 2794 apud
1057 2742 1226 2782 eundem
1261 2743 1433 2782 Mithrid.
1461 2742 1528 2794 60,
1565 2746 1665 2783 iusta

135 2802 419 2843 administratio
446 2807 558 2845 Asiae
586 2808 813 2858 prouinciae
841 2820 929 2846 cum
957 2807 1084 2846 Mucio
1109 2808 1296 2847 Scaeuola
1324 2809 1426 2860 apud
1453 2809 1665 2848 Diodorum

137 2868 180 2906 fr.
196 2866 263 2919 37,
277 2867 314 2920 ἶ),
335 2869 510 2909 laudatae
526 2873 610 2910 eius
625 2873 793 2911 uirtutes
814 2873 1004 2911 militares
1025 2873 1126 2924 apud
1147 2873 1462 2913 Ps.-Front.inum
1483 2873 1522 2925 4,
1541 2873 1575 2924 1,
1596 2872 1665 2925 123

1256 2940 1382 2975 XVII*
