2002 3342
272 209 325 249 10
905 200 1162 243 RELIQVIAE

267 317 424 371 μόνιόν
449 330 490 356 τι
517 319 658 368 χρῆμα
680 312 790 365 ὁρᾶν
810 311 1106 364 ὑπολαβόντες
1127 308 1344 363 ἐγγυτέρω
1365 305 1615 364 προσῄεσαν
1636 307 1795 360 ἀθρόοι

269 381 565 432 δεδιττόμενοι
587 380 666 432 βοῇ
687 377 736 418 τὸ
756 378 930 430 θηριόν.
969 375 994 428 ἡ
1017 372 1063 415 δὲ
1084 374 1272 415 λύκαινα
1292 374 1344 414 οὐ
1365 372 1479 425 μάλα
1506 372 1795 427 ἀγριαίνουσα

266 453 356 487 τῶν
381 444 635 521 ἀνθρώπων
664 449 715 496 τῆ
745 441 949 496 προσόδῳ
976 436 1067 480 ἀλλ’
1096 439 1299 492 ὡσπερὰν
1318 439 1552 492 χειροήθης
1572 437 1796 479 ἀποστᾶσα

266 518 355 551 τῶν
387 512 567 563 βρεφῶν
599 506 736 561 ηρέμα
767 522 837 547 και
870 505 978 547 κατὰ
1010 504 1179 556 πολλὴν
1211 503 1395 556 ἀλογίαν
1426 507 1505 543 τοῦ
1537 508 1795 556 ποιμενικοῦ

267 575 422 628 ὁμιλου
449 571 588 627 ἀπῄει.
633 576 688 625 ην
713 571 796 625 γάρ
823 586 887 619 τις
914 569 966 611 οὐ
994 570 1107 610 πολὺ
1134 568 1304 622 ἀπέχων
1330 567 1502 609 ἐκεῖθεν
1523 568 1638 621 ἱερὸς
1658 574 1796 621 χῶρος

267 640 352 695 ὕλῃ
379 640 540 693 βαθεία
567 637 820 691 συνηρεφὴς
844 634 914 677 καὶ
942 633 1077 687 πέτρα
1103 635 1227 686 κοίλη
1250 633 1390 686 πηγὰς
1416 631 1599 685 ἀνιεῖσα,
1626 631 1795 685 ἐλέγετο

268 703 315 746 δὲ
344 704 497 752 Πανὸς
524 700 636 744 εἶναι
663 703 710 743 τὸ
738 702 894 751 νάπος,
921 698 992 740 καὶ
1020 699 1163 752 βωμὸς
1188 695 1244 751 ἦν
1270 698 1430 739 αὐτόθι
1456 703 1534 738 τοῦ
1560 702 1690 738 θεοῦ·
1735 699 1796 749 είς

267 776 392 812 τοῦτο
428 769 478 810 τὸ
515 770 679 822 χωρίον
716 766 910 807 ἐλθοῦσα
946 764 1280 817 ἀποκρύπτεται.
1317 762 1394 816 <τὸ
1427 762 1506 814 μὲν
1545 759 1627 803 οὖν
1665 762 1797 811 ἄλσος

267 833 413 876 οὐκέτι
435 832 645 887 διαμένει,
668 833 717 874 τὸ
740 831 788 872 δὲ
809 832 986 884 ἄντρον,
1010 828 1052 879 ἐξ
1075 824 1127 870 οὗ
1148 828 1172 881 ἡ
1195 829 1319 882 λιβὰς
1340 827 1572 882 ἐκδίδοται,
1597 832 1656 884 τῷ
1677 829 1796 868 Παλ-

267 902 427 955 λαντίῳ
461 895 919 954 προσῳκοδομημένον
952 896 1177 936 δείκνυται
1208 894 1315 934 κατὰ
1346 894 1427 946 τὴν
1459 891 1527 934 ἐπὶ
1560 893 1639 934 τὸν
1672 893 1796 933 ἱππό-

266 965 432 1019 δρομον
459 963 686 1018 φέρουσαν
713 962 834 1013 ὁδόν,
860 959 931 1001 καὶ
958 959 1136 1013 τέμενός
1161 957 1281 1000 ἐστιν
1302 958 1438 999 αὐτοῦ
1459 959 1659 1011 πλησίον,
1686 959 1796 999 ἔνθα

266 1030 396 1071 εἰκὼν
427 1035 564 1070 κεῖται
596 1034 675 1069 τοῦ
709 1027 886 1074 πάθους
919 1026 1104 1066 λύκαινα
1130 1024 1324 1072 παιδίοις
1350 1021 1453 1064 δυσὶ
1479 1024 1582 1071 τοὺς
1606 1024 1798 1077 μαστοὺς

267 1094 516 1149 ἐπίσχουσα,
543 1095 680 1147 χαλκᾶ
707 1092 924 1145 ποιήματα
950 1094 1137 1138 παλαιᾶς
1164 1088 1379 1142 ἐργασίας.
1422 1085 1478 1141 ἧν
1499 1085 1547 1129 δὲ
1566 1088 1613 1128 τὸ
1635 1088 1797 1142 χωρίον

264 1167 353 1201 τῶν
385 1161 470 1200 σὺν
501 1158 720 1213 Εὐάνδρῳ
753 1155 859 1197 ποτε
891 1155 1155 1196 οἰκισάντων
1186 1154 1292 1194 αὐτὸ
1322 1152 1541 1207 Ἀρκάδων
1568 1153 1702 1231 ἱερόν,
1739 1153 1797 1202 ὡς

265 1224 444 1278 λέγεται.
448 1224 475 1278 >
513 1224 570 1272 ὡς
597 1223 645 1264 δὲ
671 1221 833 1275 ἀπέστη
857 1222 904 1262 τὸ
927 1222 1105 1299 θηρίον,
1127 1223 1332 1273 αἴρουσιν
1353 1219 1394 1259 οἱ
1414 1225 1563 1271 νομεῖς
1583 1218 1634 1258 τὰ
1654 1218 1797 1272 βρέφη

266 1290 467 1357 σπουδην
492 1289 752 1341 ποιούμενοι
778 1286 957 1340 τρέφειν
984 1286 1040 1334 ὡς
1061 1289 1181 1325 θεῶν
1208 1282 1317 1324 αὐτα
1344 1284 1561 1333 σώζεσθαι
1587 1282 1797 1337 βουλομέ-

264 1370 367 1395 νων.
406 1370 461 1407 ην
482 1353 533 1394 δέ
555 1369 620 1401 τις
648 1353 695 1394 έν
722 1352 872 1400 αὐτοῖς
893 1350 1179 1404 συοφορβίων
1199 1351 1439 1402 βασιλικῶν
1460 1347 1797 1401 ἐπιμελούμενος

265 1420 454 1473 ἐπιεικὴς
488 1419 618 1474 ἀνήρ,
656 1418 902 1466 Φαιστύλος
937 1418 1096 1468 ὄνομα,
1134 1414 1181 1463 ὃς
1214 1413 1261 1454 ἐν
1293 1419 1343 1468 τῇ
1375 1415 1499 1454 πόλει
1530 1414 1638 1453 κατὰ
1671 1413 1724 1466 δη
1756 1428 1796 1454 τι

266 1485 506 1538 ἀναγκαῖον
539 1484 731 1538 ἐγεγόνει
765 1480 865 1524 καθ’
899 1481 951 1522 ὃν
984 1482 1148 1535 χρόνον
1179 1480 1204 1533 ἡ
1239 1479 1391 1532 φθορὰ
1423 1484 1497 1532 τῆς
1519 1477 1647 1527 Ἰλίας
1675 1478 1747 1519 καὶ
1773 1477 1795 1519 ὁ

265 1552 390 1599 τόκος
415 1551 637 1604 ἠλέγχετο,
670 1549 741 1589 καὶ
767 1548 872 1600 μετὰ
898 1552 1035 1588 ταῦτα
1067 1543 1363 1598 κομιζομένων
1396 1543 1464 1585 ἐπὶ
1497 1543 1575 1584 τὸν
1600 1544 1796 1597 ποταμὸν

264 1623 353 1657 τῶν
368 1618 547 1669 βρεφῶν
562 1623 652 1663 τοῖς
668 1614 885 1667 φέρουσιν
900 1611 1010 1652 αὐτὰ
1024 1612 1131 1652 κατὰ
1145 1612 1277 1651 θείαν
1291 1609 1429 1664 τύχην
1443 1609 1528 1661 ἅμα
1544 1609 1797 1661 διεληλύθει

265 1682 345 1734 τὴν
372 1680 512 1733 αὐτὴν
539 1679 645 1721 ὁδὸν
671 1680 734 1728 εἰς
759 1679 807 1719 τὸ
829 1676 1113 1719 Παλλάντιον
1141 1676 1236 1716 ἰών·
1279 1674 1326 1724 ὃς
1352 1675 1507 1727 ἥκιστα
1533 1680 1623 1723 τοῖς
1650 1675 1798 1722 ἄλλοις

265 1746 518 1799 καταφανὴς
545 1745 780 1798 γενόμενος
806 1744 863 1792 ὡς
890 1741 1118 1783 ἐπίσταταί
1141 1757 1181 1781 τι
1214 1746 1293 1781 τοῦ
1319 1740 1585 1795 πράγματος,
1611 1738 1797 1789 ἀξιώσας

265 1884 424 1919 λάσσετο.
469 1890 533 1918 τοῦ
562 1882 600 1918 δὲ
628 1888 797 1927 ποταμοῦ
830 1881 1123 1922 κατακλύζοντος
1149 1881 1170 1925 ἡ
1197 1879 1395 1924 πλημμύρα
1426 1878 1492 1923 τὴν
1525 1878 1674 1923 σκαφην
1706 1880 1796 1914 ὑπο-

264 1933 429 1976 λαβοῦσα
461 1932 524 1965 καὶ
558 1930 806 1975 ιιετεωρίσασα
838 1929 967 1976 πρᾴως
998 1927 1226 1972 κατήνεγκεν
1257 1927 1308 1966 εἰς
1339 1925 1474 1972 χωρίον
1506 1927 1674 1967 ἐπιεικῶς
1692 1929 1796 1975 μαλ-

264 1979 408 2022 θακόν,
445 1978 462 2014 ὃ
497 1984 566 2013 νῦν
600 1978 793 2021 Κερμαλὸν
825 1979 996 2018 καλοῖσι,
1028 1975 1144 2010 πάλαι
1176 1975 1216 2010 δὲ
1251 1974 1453 2018 Γερμανόν.
1481 1995 1525 1999 -
1553 1976 1598 2017 (c.
1619 1977 1656 2017 4)
1684 1976 1729 2017 ἠν
1757 1975 1796 2008 δὲ

265 2025 419 2071 πλησίον
452 2025 608 2069 ἐριιεός
643 2024 686 2060 ὃν
706 2023 948 2069 Ρωμινάλιον
981 2023 1148 2058 ἐκάλουν.
1174 2020 1436 2056 -Ἐνταῦθα
1468 2021 1515 2065 δὴ
1546 2027 1623 2061 τοῖς
1648 2021 1799 2067 βρέφεσι

265 2073 448 2118 κειμένοις
473 2087 541 2118 την
565 2087 602 2107 τε
630 2073 810 2107 λύκαιναν
838 2071 1022 2114 ἱστοροῦσι
1048 2069 1305 2114 θηλαζομένην
1326 2069 1390 2103 καὶ
1410 2067 1693 2113 δρυοκολάπτην
1712 2068 1798 2103 τινὰ

265 2128 442 2164 παρεῖναι
470 2120 764 2164 συνεκτρέφοντα
786 2120 847 2154 καὶ
870 2119 1115 2163 φυλάττοντα.
1130 2139 1173 2142 -
1194 2129 1222 2152 c.
1239 2120 1279 2151 6:
1309 2116 1364 2150 Τὰ
1385 2117 1424 2151 δὲ
1446 2116 1564 2161 βρέφη
1588 2117 1798 2156 Φαυστύλος

265 2167 451 2213 Αμουλίου
484 2168 672 2213 συφορβὸς
704 2167 866 2202 ἀνείλετο
900 2169 1028 2200 λαθών
1062 2165 1241 2203 ἅπαντας.
1267 2185 1312 2189 —-
1338 2166 1526 2208 κληθῆναι
1559 2163 1599 2197 δε
1625 2164 1687 2197 καὶ
1713 2163 1797 2198 τού-

265 2230 351 2256 τους
383 2215 458 2250 ἀπὸ
491 2222 554 2274 τῆς
585 2217 704 2259 θηλης
737 2214 922 2258 ιστοροῦσι
950 2212 1134 2256 Ρωμύλον
1166 2213 1229 2246 καὶ
1250 2210 1390 2255 Ρῶμον
1418 2211 1455 2269 <,
1489 2209 1543 2245 ότι
1573 2211 1798 2270 θηλάζοντες

266 2264 452 2307 ὤφθησαν
478 2261 518 2297 τὸ
552 2262 730 2308 θηρίον>.
772 2262 793 2307 ἡ
827 2262 892 2306 μὲν
925 2264 992 2296 οὐν
1018 2262 1058 2295 ἐν
1083 2266 1159 2300 τοῖς
1185 2261 1347 2304 σώμασιν
1373 2258 1539 2303 εὐγένεια
1564 2259 1627 2292 καὶ
1653 2257 1797 2302 νηπίων

266 2311 384 2346 ὀντων
410 2311 526 2350 είθυς
552 2310 722 2353 ἐξέφαινε
748 2309 897 2354 μεγεθει
922 2309 986 2342 καὶ
1013 2306 1095 2342 ἰδέα
1115 2307 1182 2352 τὴν
1208 2307 1337 2351 φύσιν·
1366 2304 1563 2350 αὐξόμενοι
1583 2306 1623 2340 δὲ
1643 2308 1797 2349 θυμοει-

266 2360 343 2398 δεῖς
369 2369 462 2403 ησαν
489 2356 693 2401 ἀμφότεροι
718 2357 782 2391 καὶ
809 2357 1013 2398 ἀνδρώδεις
1044 2369 1108 2389 και
1134 2354 1356 2399 φρονήματα
1386 2351 1479 2396 πρὸς
1508 2352 1554 2387 τὰ
1586 2351 1798 2397 φαινόμενα

267 2404 373 2440 δεινὰ
405 2406 469 2439 καὶ
500 2403 637 2449 τόλμαν
671 2404 760 2444 ὅλως
794 2402 1046 2447 ἀνέκπληκτον
1080 2403 1237 2447 ἔχοντες
1282 2400 1301 2436 ὁ
1329 2400 1368 2435 δὲ
1392 2399 1572 2444 Ρωμύλος
1603 2401 1727 2445 γνώμη
1758 2413 1796 2434 τε

266 2456 431 2498 χρῆσθαι
457 2455 593 2496 μᾶλλον
620 2450 741 2486 ἐδόκει
773 2465 836 2485 και
862 2450 1054 2494 πολιτικὴν
1082 2450 1177 2495 εχειν
1203 2449 1365 2490 σύνεσιν,
1400 2449 1440 2482 ἐν
1465 2453 1547 2487 ταῖς
1570 2449 1655 2490 περὶ
1681 2447 1797 2491 νομὰς

266 2501 330 2534 καὶ
356 2499 535 2544 κυνηγίας
560 2497 652 2542 πρὸς
677 2500 763 2539 τοὺς
792 2504 1028 2542 γειτνιῶντας
1059 2496 1258 2540 ἐπιμιξίαις
1290 2494 1427 2539 πολλὴν
1460 2494 1594 2529 ἑαυτοῦ
1625 2494 1797 2539 παρέχων

267 2546 494 2591 κατανόησιν
519 2547 742 2603 ἡγεμονικοῦ
769 2548 905 2590 μᾶλλον
931 2559 953 2589 η
980 2548 1229 2592 πειθαρχικοῦ
1256 2543 1365 2586 φύσει
1390 2541 1594 2586 γεγονότος.
1634 2541 1693 2577 διὸ
1719 2547 1797 2582 τοῖς

267 2594 331 2639 μὲν
359 2593 590 2639 ὁμοφύλοις
579 2608 600 2638 η
621 2593 896 2636 ταπεινοτέροις
914 2594 1129 2636 προσφιλεῖς
1149 2593 1254 2635 ἠσαν,
1281 2589 1477 2630 ἐπιστάτας
1497 2589 1537 2624 δὲ
1558 2590 1621 2624 καὶ
1642 2587 1797 2629 διόπους

359 2737 381 2773 5
410 2734 475 2773 καὶ
501 2731 551 2787 ἦν
576 2735 648 2787 γάρ
677 2750 733 2781 τις
758 2736 878 2783 παῖ-90
904 2732 969 2772 καὶ
995 2746 1065 2771 om.
1088 2733 1219 2770 Vrbt'v.
1346 2732 1396 2768 13
1425 2729 1635 2781 ἐπισχοῦσα
1662 2730 1794 2769 Vrbin.

270 2796 322 2833 14
350 2794 593 2845 οἰκησάντων
621 2795 710 2832 Vrb.
728 2795 828 2833 Oltis.
844 2805 939 2832 corr.
954 2792 1171 2841 Stephanus
1270 2792 1322 2828 1ss
1344 2789 1442 2828 αὐτὰ
1462 2788 1514 2836 ὡς
1533 2793 1640 2828 θεῶν
1662 2789 1794 2828 Vrbin.

267 2853 460 2900 σώζεσθαι
481 2852 732 2904 βουλομένων
759 2865 830 2890 om.
854 2853 986 2890 Vrbz‘n.
1063 2853 1117 2889 20
1147 2848 1322 2902 ἠλέγχετο
1353 2848 1452 2887 Oltis.
1486 2847 1633 2901 ἐγένετο
1661 2849 1795 2887 Vrbin.

1817 911 1850 936 10

1817 1237 1850 1262 15

1817 1562 1850 1587 20
