2002 3342
186 428 259 480 Q

189 488 257 518 559

190 629 255 660 194

186 677 257 719 ἐῶ

187 1151 254 1181 193

286 212 372 253 254
922 209 1185 251 RELIQVIAE

286 323 429 373 uiginti
461 321 569 359 milia
597 326 835 359 armatorum
868 321 989 359 fuisse
1016 320 1194 359 Valerius
1221 320 1377 372 scribit,
1411 320 1616 359 duodecim
1642 321 1746 360 milia
1775 335 1820 360 ex

285 389 334 425 iis
362 399 490 437 caesa,
523 385 711 436 oppidum
740 386 891 436 Iliturgi
923 391 1124 436 receptum
1153 391 1192 424 et
1224 386 1394 436 puberes
1427 387 1553 424 omnis
1580 387 1820 426 interfectos.

377 447 480 491 36³².
515 453 603 490 Liu.
626 452 792 500 34,15,
812 452 849 489 1).
894 450 1072 489 Valerius
1105 451 1240 489 Antias
1273 463 1390 502 supra
1425 450 1681 501 quadraginta
1714 451 1820 490 milia

284 517 456 555 hostium
484 529 596 555 caesa
624 529 669 555 eo
701 516 761 555 die
788 514 886 568 [quo
914 528 939 555 α
971 517 1121 555 Catone
1148 518 1310 555 consule
1337 518 1393 554 ad
1416 517 1629 565 Emporias
1648 517 1822 566 Hispani

284 585 387 621 uicti
411 580 525 634 sunl]
551 581 699 620 scribit.
1841 594 1859 620 5
1994 582 2002 783 ι

374 643 478 686 37³².
512 648 657 685 Ascon.
680 649 722 685 in.
751 646 830 684 Cic.
857 646 1011 684 Cornel.
1024 658 1068 695 p.
1085 646 1138 683 61
1155 647 1204 684 K.
1226 647 1283 684 55
1299 647 1353 685 St.
1392 645 1473 684 Hoc
1504 646 1647 684 factum
1675 651 1734 684 est
1761 658 1820 684 se-

284 711 412 750 cundo
434 711 639 750 consulatu
660 710 856 761 Scipionis
876 707 1091 762 [Africani
1110 708 1310 763 mctioris]‚
1336 716 1424 762 post
1444 712 1653 762 septimum
1675 724 1820 750 annum

283 790 398 828 quam
421 775 815 827 Carthaginiensibus
841 775 943 814 bello
971 775 1144 814 secundo
1174 775 1261 814 data
1289 781 1348 815 est
1374 789 1457 827 pax.
1499 777 1644 815 lactum
1671 776 1709 814 id
1734 788 1819 814 esse

281 847 411 881 autem
438 842 573 881 Antias
600 841 762 880 tradidit
790 840 892 880 ludis
918 840 1123 892 Romaim,
1157 854 1254 892 quos
1282 842 1463 880 fecerunt
1490 841 1635 880 aediles
1662 840 1820 880 curules

281 906 379 959 <C.>
400 907 540 946 Atilius
574 907 786 956 Serranus,
821 906 861 945 L.
890 905 1121 945 Scribonius
1148 906 1262 957 Libo,
1296 912 1334 945 et
1366 906 1405 945 id
1439 919 1505 945 eos
1539 907 1679 945 secisse
1708 908 1818 944 iussu
1840 919 1877 945 ιο

282 985 490 1011 censorum
519 972 606 1011 Sex.
633 971 717 1010 Aeli
744 971 864 1022 Paeti,
892 971 931 1010 C.
955 971 1111 1010 Corneli
1134 971 1280 1023 Cetegi.
1321 978 1359 1010 et
1384 971 1544 1011 uidetur
1569 973 1609 1010 in
1636 972 1707 1010 hac
1735 972 1818 1022 qui-

282 1037 370 1076 dem
398 1039 574 1076 oratione
601 1038 705 1076 hunc
735 1042 935 1075 auctorem
963 1043 1123 1076 secutus
1146 1037 1283 1075 Cicero
1313 1037 1469 1088 dixisse,
1495 1035 1712 1088 (passum)
1733 1048 1819 1075 esse

284 1103 509 1154 Scipionem
539 1103 695 1141 secerni
723 1115 741 1140 a
771 1107 903 1140 cetero
929 1100 1177 1154 <consessu>
1204 1102 1427 1154 spectacula
1455 1108 1690 1141 senatorum.

373 1165 478 1208 38²³.
511 1169 600 1207 Liu.
623 1169 691 1216 35,
706 1168 745 1215 2,
760 1167 797 1205 8.
839 1167 1016 1206 Valerius
1036 1168 1171 1206 Antias
1199 1174 1237 1206 et
1265 1169 1303 1206 in
1327 1167 1501 1206 Siciliam
1528 1168 1736 1218 nauigasse
1764 1166 1818 1205 di-

281 1233 407 1272 lectus
435 1246 550 1272 causa
573 1233 612 1271 C.
635 1232 872 1271 Flaminium
898 1230 1167 1284 [praetorem
1195 1236 1265 1282 qui
1291 1245 1315 1272 a
1341 1239 1486 1272 senatu
1513 1236 1554 1272 in
1579 1233 1818 1282 Hispaniam
1838 1242 1875 1270 15

280 1302 425 1338 missus
451 1296 561 1351 erat]
588 1297 725 1337 scribit
754 1303 790 1336 et
820 1310 865 1336 ex
888 1297 1020 1336 Sicilia
1042 1297 1269 1349 Hispaniam
1296 1303 1497 1349 petentem
1526 1303 1757 1349 tempestate
1778 1298 1818 1335 in

280 1364 452 1403 Africam
489 1364 660 1403 delatum
693 1376 814 1414 uagos
848 1362 994 1402 milites
1030 1363 1076 1402 de
1104 1365 1280 1402 exercitu
1307 1363 1346 1402 P.
1373 1363 1547 1401 Africani
1574 1369 1818 1401 sacramento

377 1525 442 1560 36.
469 1526 712 1570 Subsequitur
737 1527 855 1571 ipsius
883 1526 1032 1560 Catonis
1058 1526 1301 1560 testimonium
1324 1525 1384 1567 (fr.
1408 1527 1485 1568 92),
1517 1536 1561 1558 ex
1586 1525 1691 1559 cuius
1715 1525 1821 1559 libris
1995 1518 1997 1564 l

274 1585 426 1619 puynae
459 1574 653 1618 descriptio
685 1585 756 1609 esse
787 1574 920 1608 hausta
946 1573 1101 1607 uidetur.
1145 1572 1403 1617 Quaclrayinta
1427 1573 1583 1606 hostium
1608 1572 1712 1606 milia
1737 1582 1817 1606 cum
1995 1567 1996 1614 l

281 1622 417 1656 Catone
437 1633 624 1667 puynasse
645 1623 846 1666 Appianas
866 1621 992 1656 Hiber.
1014 1623 1061 1654 40
1079 1621 1218 1655 rettulit
1237 1621 1435 1664 multosque
1454 1621 1594 1654 occisos.
1622 1619 1667 1662 cf.
1683 1619 1819 1654 Nissen
1995 1634 1997 1680 Ι

275 1672 604 1751 915g7sermiuS
625 1719 682 1759 34,
698 1719 791 1758 MA
823 1720 967 1750 secutus
998 1719 1048 1750 est
1074 1716 1280 1749 Antiatem:
1313 1714 1514 1749 Censorum
1546 1714 1634 1748 inde
1666 1714 1818 1748 comitia

279 1764 366 1797 sunt
392 1763 534 1797 habita.
576 1763 692 1797 creati
726 1773 896 1797 censores
924 1762 1002 1796 Sex.
1026 1762 1153 1797 Aelius
1184 1762 1319 1797 Paetus
1347 1763 1384 1796 et
1410 1761 1445 1796 C.
1468 1761 1658 1796 Cornelius
1685 1761 1816 1795 Cethe-

279 1822 357 1855 gus.
386 1811 593 1855 principem
622 1812 772 1845 senatus
800 1810 838 1844 P.
861 1809 1072 1854 Scipionem
1100 1809 1299 1847 consulem,
1324 1819 1432 1852 quem
1460 1811 1498 1843 et
1522 1809 1662 1853 priores
1689 1819 1815 1842 censo-

276 1869 334 1892 res
360 1857 539 1902 legerant,
567 1858 749 1903 legerunt.
778 1878 821 1883 —
849 1858 1012 1901 gratiam
1039 1867 1186 1900 quoque
1212 1857 1402 1901 ingentem
1423 1856 1522 1901 apud
1544 1867 1627 1890 eum
1648 1856 1814 1890 ordinem

276 1908 512 1950 pepererunt,
540 1906 639 1949 quod
666 1905 764 1939 ludis
786 1905 964 1939 Romanis
986 1904 1170 1939 aedilibus
1192 1904 1383 1938 curulibus
1403 1904 1643 1948 imperarunt,
1671 1906 1713 1937 ut
1731 1903 1817 1937 loca

277 1953 465 1987 senatoria
501 1955 735 1988 secernerent
764 1963 786 1987 a
820 1952 970 1997 populo.
1008 1963 1094 1986 nam
1128 1953 1240 1986 antea
1271 1951 1309 1985 in
1341 1951 1551 1996 promiscuo
1585 1950 1814 1995 spectabant,

275 2012 303 2035 c.
326 2004 384 2043 54,
399 2003 431 2043 3,
458 2001 524 2035 ubi
548 2001 590 2035 de
616 2002 738 2035 eadem
758 2012 797 2036 re
816 2002 946 2035 iterum
967 2000 1139 2044 loquitur,
1165 2000 1279 2034 alium
1301 2004 1498 2041 auctorem,
1525 1999 1589 2043 qui
1611 1998 1815 2043 Scipionem

276 2053 458 2083 auctorem
489 2049 567 2083 eius
598 2050 653 2083 rei
682 2049 796 2091 fuisse
828 2048 1049 2090 tradiderat,
1083 2058 1235 2090 quocum
1259 2048 1405 2090 faciunt
1438 2047 1559 2082 Cicero
1592 2046 1634 2081 cle
1664 2046 1813 2090 harusp,

275 2107 366 2140 resp.
388 2099 446 2138 12,
460 2098 519 2139 24,
547 2099 622 2130 tum
650 2096 818 2131 Valerius
840 2096 947 2130 Max.
968 2097 1004 2137 2,
1019 2098 1052 2137 4,
1068 2097 1091 2128 3
1119 2095 1200 2137 (ubi
1219 2098 1339 2129 tamen
1357 2095 1452 2137 falso
1472 2105 1527 2129 res
1546 2094 1613 2128 illa
1633 2094 1682 2128 ad
1695 2097 1812 2138 poste—

278 2144 410 2178 riorem
436 2144 660 2186 Africanum
685 2144 858 2186 refertur)
885 2147 918 2177 et
943 2146 976 2185 4,
991 2146 1024 2184 5,
1041 2146 1070 2177 1.
1110 2144 1156 2186 cf.
1176 2143 1224 2185 fr.
1245 2144 1300 2176 40.

372 2190 436 2225 38.
475 2191 565 2226 Tota
596 2191 783 2235 particula
816 2191 894 2225 eius
933 2191 1020 2224 libri
1051 2201 1077 2224 c.
1100 2193 1215 2224 1-11
1249 2201 1292 2224 ex
1326 2190 1525 2224 annalibus
1556 2192 1721 2233 eaecerpla
1753 2192 1815 2231 est,

274 2238 409 2272 Nissen
429 2241 612 2283 p.166'sq.

367 2394 387 2428 1
417 2391 563 2442 uiginti
589 2403 659 2429 om.
681 2391 822 2430 Bamb.
947 2393 970 2428 2
998 2391 1060 2428 his
1087 2391 1227 2428 Bamb.
1290 2389 1447 2439 Liturgi
1474 2390 1614 2427 Bamb.

366 2446 443 2502 37,
473 2452 495 2488 9
533 2450 715 2489 traduxit
749 2450 920 2498 (apoqr.)
955 2450 1141 2498 S(ozom.)
1227 2449 1394 2487 fecerint
1431 2448 1601 2496 (apogr.)
1636 2448 1811 2496 P(099‘²'2⁰)

274 2510 486 2558 M(0nlep.)
612 2511 666 2548 10
700 2509 740 2546 G.
767 2510 858 2548 add.
878 2510 1090 2547 Manutius
1157 2509 1312 2547 attilius
1337 2508 1421 2546 SM
1483 2509 1662 2545 sertanus
1688 2507 1718 2544 S

274 2569 316 2606 L.
343 2570 555 2607 Manutius
619 2568 658 2607 O.
686 2569 776 2606 libri
839 2570 879 2606 et
904 2568 944 2605 id
971 2581 1035 2607 eos
1062 2569 1201 2606 Baiter
1234 2568 1363 2606 eideos
1391 2568 1479 2605 libri
1539 2569 1599 2604 ius
1626 2567 1716 2604 libri

277 2630 327 2666 11
357 2628 469 2666 Paeti
495 2629 707 2666 IlIanutz'us
738 2628 809 2666 leti
835 2628 926 2666 libri
1050 2629 1184 2666 11.12
1220 2627 1379 2676 quidem
1411 2628 1452 2664 rin
1477 2626 1631 2674 P(oyyiz'
1658 2625 1808 2673 apoyr.)

274 2690 550 2735 transpositum
570 2690 660 2734 post
684 2687 790 2725 hunc
878 2689 929 2725 12
960 2689 1134 2725 secutum
1160 2687 1197 2724 P
1254 2698 1413 2735 passum
1439 2685 1529 2723 SM
1552 2687 1591 2722 in
1612 2685 1642 2722 S
1665 2685 1808 2723 lacuma

276 2748 332 2784 12
357 2747 424 2784 litt.
550 2748 601 2784 13
632 2759 815 2785 concessu
841 2747 878 2784 P
906 2759 1097 2785 consensu
1122 2747 1173 2783 M
1196 2747 1236 2783 in
1263 2745 1294 2783 S
1317 2746 1387 2783 lac.
1411 2747 1466 2782 10
1491 2745 1559 2783 litt.

364 2801 441 2856 38,
472 2808 523 2843 14
557 2802 613 2856 et]
642 2807 762 2843 etiam
787 2806 894 2854 Moy.
957 2805 1086 2843 sieilia
1111 2805 1251 2843 Bamb.
1379 2805 1429 2842 16
1459 2804 1617 2853 scripsit
1642 2803 1747 2850 Moy.

277 2866 328 2902 17
357 2865 398 2902 P.
419 2865 611 2903 Affricani
638 2865 683 2903 de
711 2865 885 2903 exercitu
911 2860 1071 2903 Bamb.¹
1104 2864 1150 2902 de
1178 2877 1234 2904 ex.
1260 2863 1301 2902 P.
1323 2863 1515 2901 Affricani
1543 2857 1702 2900 Banzb?
