2002 3342
282 208 308 248 2
312 208 336 248 8
920 206 1178 248 RELIQVIAE

281 318 391 356 illum
425 319 541 356 etiam
576 316 744 355 debilem
778 318 922 356 sactum
955 329 1038 356 rem
1072 317 1119 356 ad
1152 319 1298 357 amicos
1332 318 1537 370 detulisse,
1572 331 1739 370 quorum
1766 320 1813 358 de

282 383 478 422 sententia
498 382 678 420 lecticula
700 383 740 420 in
762 383 911 421 curiam
933 395 1020 421 esse
1043 382 1225 434 delatum,
1252 396 1419 434 cumque
1444 385 1597 423 senatui
1618 385 1813 423 somnium

281 449 562 497 enarrauisset,
601 446 770 498 pedibus
802 449 885 486 suis
918 447 1069 486 saluum
1097 449 1322 487 reuertisse.
1373 450 1504 500 itaque
1531 450 1682 488 somnio
1709 462 1812 488 com-

279 512 442 564 probato
476 525 495 551 a
529 518 667 551 senatu
704 512 815 551 ludos
848 512 935 551 11103
973 514 1118 551 iterum
1157 514 1394 552 instauratos
1433 516 1644 553 memoriae
1682 514 1813 564 prodi-

278 584 361 617 tum
390 584 459 616 est.
1831 592 1847 619 5

278 698 341 732 καὶ
374 699 523 743 ἀγῶνας
555 697 591 739 ἐξ
618 698 733 743 ἀρχῆς
760 696 906 741 ἑτέρως
931 698 1005 732 ἀπὸ
1033 695 1236 733 aina-amam
1262 697 1458 744 χρημάτων
1485 696 1506 742 ἢ
1532 697 1712 742 πρότερον
1738 699 1813 745 ἐγέ-

278 758 398 780 νοντο.
439 746 675 790 Dionysium,
702 747 742 779 in
768 756 837 789 quo
859 747 932 779 iani
952 746 1097 780 inuenit
1116 756 1245 780 nomen
1269 747 1406 789 falsum
1426 750 1598 789 Λατῖνος,
1624 747 1814 801 descripsit

278 794 501 828 Plutarchus
517 793 647 828 Coriol
661 795 755 827 24-
758 796 817 827 25.
846 794 1014 837 conqrznt
1033 794 1266 838 Auyustinus
1287 793 1329 828 de
1348 795 1418 828 ciu
1435 793 1467 827 d.
1484 797 1516 836 4,
1530 797 1592 837 26,
1609 796 1673 839 qui
1692 799 1813 830 tamen

277 841 373 885 quod
397 842 470 884 fine
495 841 602 875 addit
627 840 747 874 Tanto
775 840 1007 884 stupefactus
1037 840 1217 874 miraculo
1250 842 1401 875 senatus
1428 841 1717 885 quadruplicata
1748 853 1812 886 pe-

277 888 388 922 cunia
415 888 522 922 ludos
549 888 694 922 censuit
719 887 932 930 instaurari,
960 888 1126 922 dissentit
1146 899 1170 922 α
1189 888 1385 934 Dionysio,
1412 890 1475 933 qui
1500 889 1728 933 duplicatam
1747 901 1812 934 pe-

276 937 426 971 cuniam
458 948 481 969 a
511 940 642 970 senatu
680 946 752 970 esse
788 936 990 978 scripserat.
1043 936 1084 969 in
1114 937 1250 979 paucis
1286 936 1393 970 aliter
1429 937 1524 971 lianc
1557 948 1630 971 rem
1664 942 1812 972 enarrat

276 983 364 1018 Liu.
384 986 420 1025 ,2,
441 986 498 1027 36,
527 985 579 1017 ita
605 988 646 1017 ut
672 983 813 1018 duobus
838 984 988 1017 sonmiis
1015 983 1210 1017 Latinium
1235 985 1413 1018 monitum
1438 995 1510 1018 csse
1534 985 1686 1027 referat:
1715 984 1811 1018 Ludi

275 1030 372 1065 forte
393 1041 436 1064 ex
456 1030 728 1065 instauratione
749 1030 876 1074 magni
900 1030 1036 1064 Romae
1056 1030 1296 1074 parabantur.
1332 1031 1568 1065 instaurandi
1587 1032 1678 1065 haec
1699 1043 1811 1066 causa

274 1078 414 1112 fuerat:
459 1078 558 1112 ludis
591 1089 699 1111 mane
732 1089 879 1112 seruum
912 1077 1065 1121 quidam
1097 1079 1205 1122 pater
1231 1077 1398 1113 familiae
1424 1079 1588 1113 nondum
1615 1079 1810 1113 commisso

275 1125 582 1170 spectaculosub
606 1125 711 1159 furca
732 1136 881 1159 caesum
902 1125 1024 1159 medio
1045 1127 1173 1168 egerat
1193 1125 1301 1160 circo.
1341 1126 1462 1170 coepti
1482 1126 1569 1160 inde
1589 1126 1681 1169 ludi,
1707 1127 1812 1161 uelut

275 1184 320 1207 ea
345 1184 402 1207 res
429 1173 524 1206 nihil
551 1173 599 1205 ad
624 1172 844 1217 religionem
870 1173 1123 1217 pertinuisset.
1169 1173 1268 1206 haud
1295 1173 1349 1207 ita
1374 1174 1492 1208 multo
1518 1176 1604 1218 post
1630 1174 1714 1208 Tito
1741 1175 1809 1208 La-

273 1221 381 1263 tinio,
408 1221 453 1254 de
479 1220 588 1264 plebe
615 1220 769 1263 homini,
796 1220 981 1254 somnium
1007 1220 1089 1254 fuit.
1136 1220 1240 1254 uisus
1266 1221 1434 1265 Iuppiter
1461 1221 1584 1256 dicere
1613 1221 1684 1255 sibi
1709 1221 1810 1256 ludis

274 1268 584 1313 praesultatorem
613 1267 867 1312 displicuisse;
900 1267 971 1301 nisi
998 1267 1193 1312 magnifice
1219 1268 1518 1303 instaurarentur
1543 1269 1570 1303 ii
1596 1269 1687 1309 ludi,
1713 1270 1809 1313 peri-

275 1316 399 1350 culum
427 1315 509 1349 urbi
535 1316 632 1357 ξοπιες
665 1316 754 1358 iret,
783 1326 828 1350 ea
854 1314 1068 1349 consulibus
1095 1315 1296 1350 nuntiaret.
1339 1327 1566 1360 quamquam
1592 1316 1694 1350 haud
1721 1327 1810 1351 sane

274 1363 368 1397 liber
394 1365 474 1397 erat
500 1363 681 1407 religione
707 1363 864 1402 animus,
890 1362 1118 1397 uerecundia
1143 1365 1267 1397 tamen
1295 1364 1503 1398 maiestatis
1523 1365 1809 1409 magistratuum

273 1411 456 1454 timorque
482 1410 591 1453 uicit,
619 1421 665 1444 ne
691 1410 729 1443 in
757 1421 820 1444 ora
846 1410 1037 1444 hominum
1064 1421 1130 1454 pro
1157 1409 1319 1445 ludibrio
1347 1411 1477 1445 abiret.
1521 1422 1657 1456 magno
1684 1411 1740 1446 illi
1767 1422 1810 1446 ea

274 1458 461 1492 cunctatio
488 1459 609 1501 stetit,
639 1457 757 1491 filium
783 1469 943 1502 namque
970 1458 1070 1491 intra
1095 1468 1233 1501 paucos
1260 1458 1339 1492 dies
1367 1459 1501 1493 amisit.
1548 1460 1653 1493 cuius
1679 1470 1810 1504 repen-

273 1506 375 1540 tinae
403 1505 521 1540 cladis
548 1517 593 1539 ne
621 1517 732 1539 causa
765 1505 880 1539 dubia
912 1508 1027 1547 esset,
1064 1516 1174 1550 aegro
1209 1506 1324 1540 animi
1357 1507 1487 1541 eadem
1513 1506 1580 1540 illa
1606 1507 1644 1540 in
1672 1507 1809 1541 somnis

273 1554 471 1588 obuersata
492 1553 633 1598 species
653 1554 736 1587 uisa
757 1555 813 1587 est
832 1553 1007 1597 rogitare,
1029 1553 1127 1587 satin
1148 1564 1322 1598 magnam
1345 1555 1459 1597 spreti
1473 1554 1635 1588 numinis
1655 1554 1810 1588 haberet

272 1602 498 1642 mercedemg
525 1601 705 1636 maiorem
731 1600 883 1643 instare,
910 1601 948 1635 ni
976 1603 1037 1635 eat
1062 1611 1217 1645 propere
1238 1612 1282 1635 ac
1302 1601 1451 1636 nuntiet
1471 1601 1694 1637 consulibus
1734 1603 1810 1636 iam

272 1649 504 1693 praesentior
522 1659 580 1682 res
602 1651 691 1683 erat.
720 1650 957 1683 cunctantem
978 1651 1104 1682 tamen
1126 1658 1168 1682 ac
1188 1648 1440 1692 prolatantem
1460 1649 1592 1694 ingens
1612 1650 1669 1684 uis
1689 1650 1810 1684 morbi

272 1697 403 1730 adorta
430 1699 486 1730 est
512 1696 710 1730 debilitate
737 1696 873 1730 subita.
907 1698 996 1730 tunc
1024 1696 1212 1729 enimuero
1240 1697 1391 1730 deorum
1418 1697 1473 1730 ira
1500 1697 1705 1731 admonuit.
1738 1698 1808 1731 fes-

272 1755 333 1778 sus
360 1744 473 1788 igiter
499 1744 606 1777 malis
632 1743 846 1788 praeteritis
873 1743 1176 1786 instantibusque
1197 1743 1352 1777 consilio
1379 1745 1672 1789 propinquorum
1699 1745 1807 1778 adhi-

270 1791 350 1825 bito
371 1803 455 1825 cum
475 1791 556 1825 uisa
577 1793 687 1835 atque
709 1791 839 1825 audita
860 1792 897 1825 et
917 1791 1156 1825 obseruatum
1171 1791 1306 1825 totiens
1328 1791 1366 1825 in
1386 1802 1513 1826 somno
1534 1792 1669 1834 Iouem,
1685 1792 1806 1826 minas

272 1838 421 1882 irasque
448 1839 628 1874 caelestes
653 1840 952 1883 repraesentatas
979 1838 1127 1873 casibus
1151 1839 1227 1872 suis
1249 1839 1489 1883 exposuisset,
1518 1851 1698 1873 consensu
1718 1840 1807 1875 inde

270 1886 373 1920 haud
400 1886 512 1920 dubie
539 1886 703 1920 omnium
731 1886 795 1930 qui
821 1887 979 1920 aderant
1003 1887 1042 1920 in
1068 1886 1189 1919 forum
1216 1886 1263 1920 ad
1284 1886 1454 1921 consules
1474 1886 1610 1921 lectica
1631 1888 1806 1922 defertur.

271 1934 358 1968 inde
384 1934 423 1967 in
450 1934 592 1968 curiam
618 1934 721 1968 iussu
748 1934 941 1968 consulum
963 1934 1109 1968 delatus
1130 1931 1259 1967 eadem
1280 1933 1346 1967 illa
1366 1945 1450 1968 cum
1469 1934 1639 1978 patribus
1660 1935 1807 1979 ingenti

270 1981 435 2016 omnium
462 1981 711 2016 admiratione
739 1983 956 2023 enarrasset,
984 1992 1068 2016 ecce
1095 1981 1199 2014 aliud
1226 1981 1464 2017 miraculum:
1492 1981 1555 2025 qui
1577 1983 1706 2027 captus
1728 1993 1806 2017 om-

270 2029 380 2063 nibus
414 2029 589 2064 membris
622 2029 769 2063 delatus
801 2029 839 2063 in
867 2029 1007 2063 curiam
1040 2031 1154 2071 esset
1194 2040 1277 2062 eum
1304 2029 1473 2063 functum
1501 2030 1620 2064 officio
1647 2029 1806 2074 pedibus

271 2077 347 2110 suis
373 2076 524 2110 domum
550 2076 690 2110 redisse
717 2076 897 2110 traditum
924 2077 1123 2111 memoriae
1151 2078 1216 2110 est.
1256 2076 1351 2110 Lud1
1378 2089 1490 2131 quam
1517 2077 1742 2120 amplissimi
1764 2079 1807 2111 ut

269 2124 417 2167 fierent,
445 2126 595 2158 senatus
623 2125 800 2158 decreuit
840 2135 883 2159 ecc
902 2136 940 2159 60
969 2125 1002 2159 V
998 2126 1135 2159 alerius
1156 2125 1263 2158 Max.
1286 2128 1317 2165 1,
1364 2128 1416 2166 ,4
1443 2126 1499 2168 (in
1519 2125 1664 2159 duabus
1686 2130 1806 2160 tamen

269 2173 374 2206 rebus
401 2183 544 2214 err,ans
570 2173 667 2216 quod
692 2183 839 2207 seruum
859 2173 1011 2216 plebeiis
1037 2172 1134 2206 ludis
1161 2176 1193 2206 et
1212 2183 1280 2216 per
1305 2184 1440 2206 circum
1465 2173 1716 2215 Flaminium,
1743 2173 1807 2217 qui

269 2224 346 2254 tum
380 2221 541 2254 nondum
581 2224 784 2254 ezr-structus
822 2224 915 2262 erat,
954 2221 1102 2254 ductum
1141 2231 1212 2254 esse
1241 2221 1416 2264 sc‘ltipszt).
1467 2232 1547 2254 cum
1585 2231 1623 2255 60
1659 2221 1807 2263 faciunt

272 2268 408 2302 Arnob.
439 2270 471 2309 7,
492 2270 548 2301 39.
596 2268 768 2302 Lactant.
795 2269 878 2302 inst.
905 2247 941 2310 ’2,
964 2271 996 2309 7,
1015 2270 1065 2302 20
1092 2267 1173 2310 (ubi
1202 2267 1298 2309 falso
1329 2268 1432 2302 homo
1461 2268 1521 2302 ille
1553 2268 1595 2302 de
1620 2268 1724 2312 plebe
1749 2267 1803 2302 Ti.

269 2315 418 2348 Atinius
451 2315 622 2358 dicitur),
659 2315 812 2359 denique
843 2316 918 2349 nisi
950 2315 1046 2359 quod
1078 2327 1109 2349 a.
1138 2317 1217 2348 474.
1237 2317 1312 2349 280
1350 2315 1447 2349 illud
1477 2315 1651 2349 accidisse
1680 2315 1805 2350 scribit

270 2366 388 2406 (quem
420 2374 560 2396 annum
587 2374 610 2396 a
642 2363 874 2406 quorundam
900 2364 1115 2397 coniecturis
1141 2361 1304 2404 defendit
1335 2365 1533 2397 ,Mommsen
1570 2364 1590 2397 l.
1621 2364 1725 2405 infra
1758 2366 1803 2406 3.)

270 2410 486 2444 illam-obius
505 2414 572 2444 sat.
594 2414 627 2452 1,
649 2413 705 2451 11,
727 2413 759 2452 3,
788 2422 890 2454 quem
915 2422 959 2444 ex
987 2411 1149 2445 Varrone
1168 2421 1237 2444 sua
1257 2411 1420 2444 hausisse
1442 2411 1580 2445 Merkel
1605 2412 1646 2444 in
1665 2411 1802 2455 proleg).

268 2458 317 2492 ad
346 2458 453 2492 Ouid.
480 2459 565 2500 fast.
589 2458 717 2493 CLIX
742 2462 833 2492 recte
857 2459 1065 2502 suspicatus
1097 2461 1162 2499 est,
1195 2458 1260 2500 qui
1290 2457 1437 2492 addidit
1465 2459 1562 2500 (cum
1589 2458 1803 2500 Lactantio)

267 2506 376 2539 etiam
401 2516 531 2539 nomen
556 2505 696 2540 domini
714 2507 814 2540 serui
832 2506 947 2547 illius,
972 2506 1153 2540 Autronii
1172 2505 1347 2547 Mummi
1372 2505 1469 2547 falso
1490 2509 1608 2540 tamen
1627 2506 1805 2540 hominem

263 2553 442 2596 plebeium
462 2553 632 2587 Annium
657 2553 869 2597 appellauit.
903 2553 1000 2597 quod
1019 2554 1157 2588 Liuius
1181 2563 1254 2586 rem
1279 2553 1382 2586 illam
1407 2564 1440 2587 a.
1461 2555 1544 2587 491.
1569 2556 1643 2588 ,263
1667 2554 1805 2596 factam

267 2611 338 2634 esse
363 2601 463 2642 uult,
494 2611 584 2635 caue
608 2601 766 2634 nimium
789 2601 876 2635 huic
902 2601 1169 2644 discrepantiae
1193 2599 1352 2642 tribuas,
1387 2611 1467 2634 cum
1494 2600 1632 2635 Liuius
1657 2601 1803 2635 omuino

261 2648 492 2691 praeterierit
523 2649 685 2682 consules
716 2649 811 2682 anni
842 2651 923 2682 490.
950 2651 1022 2683 264
1055 2652 1086 2682 et
1120 2648 1351 2690 insequentis.
1409 2647 1454 2690 cf.
1492 2648 1522 2681 Τ
1523 2648 1555 2682 h.
1590 2648 1804 2690 Mommsen,

267 2694 389 2729 Roem.
412 2695 674 2740 Forschunyen
699 2696 747 2730 II
764 2707 802 2740 p.
826 2698 895 2730 113
907 2707 979 2740 sqq.
1009 2699 1079 2731 123
1091 2706 1141 2740 sq.

359 2808 381 2843 2
410 2806 450 2843 in
477 2808 589 2844 curia
614 2808 725 2845 Lcid.
746 2808 793 2844 H
912 2809 935 2845 3
964 2808 1121 2845 saluum
1149 2807 1309 2845 domum
1334 2808 1542 2845 reuertisse
1572 2809 1677 2846 Voss.
1703 2809 1743 2846 B
1770 2811 1807 2846 et

267 2877 341 2903 exc.
361 2866 511 2904 Pithoei
633 2868 657 2903 4
685 2868 911 2904 instaurato
940 2867 1045 2906 Voss.
1065 2867 1104 2904 A
