2002 3342
278 198 339 227 XL
846 184 1244 221 PROLEGOMENON

280 295 506 334 nominibus
534 308 597 334 res
624 297 777 335 notauit.
804 291 914 349 (uide
941 296 1043 334 infra
1071 296 1116 335 de
1145 293 1328 350 Catone),
1363 297 1454 336 hinc
1481 298 1617 336 Cicero
1645 300 1683 337 in
1711 298 1814 338 libro

280 361 402 400 altero
432 361 477 399 de
506 374 547 399 re
575 374 611 412 p.
641 356 692 414 (c.
717 357 760 413 1)
791 360 959 399 eundem
994 362 1222 412 exposuisse
1257 362 1409 401 rettulit
1440 362 1488 401 ob
1521 363 1621 401 hanc
1654 376 1808 402 causam

277 432 478 477 praestare
507 439 599 465 suae
627 427 797 464 ciuitatis
819 431 962 464 statum
984 427 1138 476 ceteris,
1166 426 1269 477 quod
1290 439 1367 465 non
1388 428 1506 466 unius
1528 433 1633 466 esset
1653 429 1813 479 ingenio

279 490 347 530 sed
380 491 593 530 multorum
627 503 699 529 nec
731 492 850 529 unius
883 491 1053 529 hominis
1084 492 1164 529 uita
1199 491 1268 530 sed
1295 492 1440 542 aliquot
1468 494 1679 531 constituta
1706 499 1813 532 esset

278 556 446 595 saeculis
472 561 510 594 et
537 555 730 594 aetatibus
758 578 811 582 —
841 557 1028 594 nimirum
1056 568 1130 606 qua
1158 556 1280 606 gloria
1309 556 1558 607 fruebantur,
1594 557 1694 596 hanc
1721 571 1741 596 a
1769 570 1813 596 re

277 634 313 672 p.
335 621 382 659 ad
406 622 513 672 ipsos
535 620 755 659 redundare
778 620 972 659 sentiebat
992 643 1059 671 —,
1086 621 1178 659 hinc
1199 622 1405 671 pontifices
1426 623 1586 660 maximi
1606 624 1646 660 in
1668 622 1814 661 tabulis

277 688 359 725 suis
393 685 637 736 singulorum
670 687 848 724 uirorum
881 685 984 724 laudi
1019 687 1115 723 satis
1151 687 1356 737 prouisum
1393 699 1478 725 esse
1513 687 1814 738 existumabant,

278 753 311 789 si
339 752 498 790 nomina
525 751 730 789 consulum
758 752 798 788 in
826 763 977 789 summa
1005 750 1136 789 tabula
1161 748 1568 805 praescripsissent&
1602 752 1814 790 accedebat

278 816 381 867 quod
409 817 626 867 antiquitus
654 815 836 854 consules
863 816 1088 866 prouincias
1111 828 1188 854 non
1210 816 1477 855 sortiebantur
1497 816 1565 855 sed
1587 817 1698 855 ambo
1721 829 1813 856 con-

276 882 402 920 iuncti
429 881 533 932 quod
560 881 706 919 bellum
741 870 1037 931 suscipiendum
1071 886 1155 919 erat
1188 881 1377 931 gerebant
1411 893 1539 932 neque
1576 883 1609 920 si
1643 881 1816 921 diuersis

277 947 388 997 locis,
408 946 522 985 binos
544 948 747 985 nominare
769 948 969 985 intererat.
1003 959 1119 997 quam
1142 946 1300 996 quidem
1322 947 1514 984 rationem
1537 948 1654 985 etiam
1669 947 1815 986 Fabius

278 1012 409 1051 Pictor
431 1013 605 1062 retinnit,
632 1017 675 1050 ut
696 1024 741 1050 ex
763 1011 875 1050 Liuio
900 1009 965 1061 10,
987 1009 1055 1062 37,
1080 1010 1133 1050 14
1154 1012 1250 1050 baec
1273 1011 1318 1049 de
1341 1012 1544 1050 consulatu
1565 1011 1605 1050 L.
1621 1012 1813 1051 Postumii

278 1083 317 1116 et
342 1077 389 1115 M.
412 1077 517 1116 Atilii
546 1090 577 1116 a.
600 1075 696 1115 294.
718 1074 805 1115 460
831 1076 1021 1127 prodente
1056 1077 1346 1127 cognoscimus:
1380 1079 1431 1115 Et
1457 1079 1579 1116 huius
1611 1081 1710 1116 anni
1733 1090 1812 1128 pa-

276 1155 366 1181 rum
399 1149 589 1182 constans
626 1144 820 1181 memoria
859 1147 927 1180 est.
980 1142 1226 1180 Postumium
1259 1147 1406 1180 auctor
1444 1147 1501 1180 cst
1545 1143 1738 1181 Claudius
1770 1145 1811 1182 in

278 1210 443 1248 Samnio
470 1211 600 1256 captis
627 1209 779 1255 aliquot
806 1208 973 1245 urbibus
1000 1206 1040 1245 2¹72
1067 1205 1218 1255 Apulia
1240 1207 1377 1256 fusum
1399 1206 1683 1256 fugatumque,
1717 1220 1812 1246 sau-

277 1277 382 1312 cium
404 1276 531 1322 ipsum
553 1284 642 1311 cum
654 1274 807 1321 paucis
826 1271 1044 1310 Luceriam
1065 1274 1331 1320 compulsum
1358 1273 1407 1310 ab
1429 1274 1553 1310 Atilio
1576 1275 1616 1311 in
1638 1273 1814 1312 Etruria

276 1351 343 1377 res
367 1343 503 1387 §estas
531 1349 698 1385 cumque
726 1338 1005 1385 triumphasse.
1050 1337 1204 1375 Fabius
1231 1338 1345 1375 ambo
1373 1339 1557 1376 consules
1583 1340 1624 1376 in
1647 1338 1815 1376 Samnio

277 1409 315 1442 et
347 1405 403 1442 ad
433 1403 650 1441 Luceriam
683 1414 750 1440 res
779 1404 952 1450 qessztssc
982 1402 1144 1451 scribit,
1184 1403 1496 1450 traductumque
1530 1405 1572 1441 in
1600 1404 1813 1441 Etruriam

278 1471 503 1507 exercitum
542 1468 634 1514 (sed
671 1468 720 1505 ab
760 1472 851 1505 utro
891 1469 1071 1515 consule,
1109 1478 1189 1504 non
1229 1468 1398 1514 adiecit)
1433 1471 1471 1505 et
1509 1469 1565 1505 ad
1594 1467 1813 1506 Luceriam

279 1536 478 1582 utrimque
503 1534 646 1571 multos
671 1535 825 1571 occisos
852 1537 890 1570 et
916 1544 951 1582 q.
974 1544 1002 1569 s.
1013 1527 1046 1585 2)
1081 1543 1296 1582 omnesque
1329 1543 1461 1570 rerum
1496 1533 1709 1583 scriptores
1743 1545 1812 1571 ue·

279 1605 405 1637 terum
434 1604 666 1649 temporum,
692 1602 736 1635 ut
761 1596 866 1635 idem
893 1596 1030 1635 Liuius
1058 1596 1104 1635 de
1131 1609 1162 1634 a.
1185 1594 1281 1635 502.
1305 1593 1390 1635 252
1417 1602 1586 1635 testatur
1616 1596 1652 1648 2,
1677 1596 1742 1647 17,
1765 1595 1814 1636 3:

278 1667 408 1703 uineis
435 1666 620 1711 incensae,
646 1665 781 1702 multis
805 1664 977 1701 hostium
1003 1664 1232 1701 uulneratz‘s
1258 1666 1296 1700 et
1315 1664 1462 1700 occisis
1482 1664 1688 1701 consulum
1715 1675 1815 1711 quo·

277 1742 354 1779 quc
381 1732 553 1768 alterum
580 1729 670 1775 (secl
694 1734 829 1766 utrum
856 1733 1045 1766 auctores
1069 1738 1149 1766 non
1180 1728 1384 1774 adiciunt)
1410 1730 1537 1775 oraui
1562 1730 1733 1767 uulnere
1760 1741 1815 1767 ex

277 1806 378 1844 equo
405 1796 602 1833 deiectum
626 1805 759 1843 prope
785 1793 1119 1842 interfecerunt),
1159 1793 1226 1842 qui
1260 1791 1418 1842 quidem
1453 1793 1569 1830 etiam
1603 1794 1687 1844 ipse
1720 1795 1813 1831 anni

276 1860 446 1911 proximi
480 1871 543 1898 res
577 1860 681 1896 inter
714 1857 895 1896 consules
934 1870 1012 1896 non
1052 1856 1187 1895 diuisit
1223 1852 1274 1910 (c.
1304 1854 1370 1907 16,
1399 1853 1589 1911 7—9>.³)
1641 1857 1816 1909 denique

278 1925 407 1976 aliqua
434 1937 480 1963 ex
506 1929 617 1975 parte
645 1923 920 1962 excusabimus
948 1922 1051 1973 quod
1078 1927 1216 1973 gentes
1247 1921 1418 1973 nobiles,
1444 1927 1488 1961 ut
1513 1922 1717 1962 titulorum
1743 1923 1815 1962 ho—

277 2002 394 2029 nores
421 1994 628 2040 augerent,
654 1990 695 2027 in
723 1988 806 2027 loca
833 1993 1082 2026 stemmatum
1110 1975 1379 2038 fastorumque
1406 2000 1530 2026 uacua
1558 1989 1818 2039 inrepserunt

278 2061 392 2106 atque
421 2056 537 2093 etiam
565 2054 690 2093 aliena
717 2066 788 2105 per
814 2053 991 2092 fraudem
1019 2057 1324 2104 occupauerunt.

360 2119 459 2158 Tum
492 2131 587 2157 uero
622 2119 902 2169 cognomina
934 2119 974 2156 in
1008 2117 1292 2156 consuetudine
1326 2117 1536 2156 cottidiana
1567 2131 1587 2156 a
1613 2118 1816 2157 nobilibus

278 2185 497 2235 antiquitus
523 2183 832 2234 usurpabantur,
864 2184 905 2221 in
931 2182 1056 2221 titulis
1084 2182 1369 2233 sepulcralibus
1397 2188 1436 2221 et
1460 2183 1682 2222 honorariis
1708 2189 1745 2222 et
1771 2185 1812 2222 in

277 2250 408 2288 numis
434 2261 511 2288 non
540 2254 628 2287 ante
656 2248 802 2287 bellum
828 2248 1075 2299 Hannibalis,
1111 2249 1151 2286 in
1178 2247 1330 2298 legibus
1364 2253 1402 2286 et
1428 2252 1588 2286 senatus
1621 2248 1816 2288 consultis

377 2418 409 2461 1)
437 2416 521 2450 Vid.
550 2428 575 2449 s.
602 2428 638 2460 p.
660 2429 697 2449 m
712 2428 765 2460 sq.
794 2415 838 2451 cf.
868 2415 981 2451 Cicer.
1009 2415 1054 2449 de
1085 2425 1124 2449 re
1150 2426 1185 2459 p.
1208 2418 1240 2457 2,
1263 2418 1317 2457 18,
1339 2418 1399 2449 33:
1437 2419 1633 2459 temporum
1664 2416 1815 2450 illorum.

277 2473 421 2504 tantum
447 2470 520 2512 fere
544 2481 668 2514 reglum
693 2470 893 2504 inlustrata
918 2473 1005 2504 suut
1029 2469 1190 2502 nomina.

373 2524 407 2567 2)
435 2522 531 2556 Hinc
557 2522 667 2555 huius
693 2522 811 2566 ipsius
838 2522 927 2556 anni
952 2521 1133 2556 memoria
1159 2520 1342 2565 suppletis
1376 2520 1567 2555 consulum
1600 2521 1817 2556 nominibus

278 2575 432 2610 confusa
459 2577 531 2618 est,
572 2575 616 2609 cf.
646 2575 729 2610 adn.
759 2576 807 2609 ad
834 2575 921 2610 Fab.
949 2576 991 2610 fr.
1016 2579 1077 2618 19,
1116 2585 1235 2618 neque
1267 2573 1401 2618 igitur,
1440 2574 1470 2607 si
1502 2574 1632 2608 eadem
1658 2585 1715 2609 res
1743 2575 1810 2609 sub

279 2629 435 2663 diuersis
469 2628 681 2663 nominibus
712 2628 832 2663 relata
865 2628 930 2672 sit,
970 2629 1145 2663 continuo
1179 2627 1224 2661 de
1256 2627 1415 2661 ueritate
1441 2626 1558 2671 ipsius
1583 2627 1637 2662 rei
1664 2628 1817 2662 dubita--

277 2682 412 2716 bimus.

374 2737 407 2779 3)
435 2735 490 2769 De
515 2735 586 2768 hac
618 2734 836 2778 quaestione
868 2734 1037 2779 pluribus
1070 2733 1281 2779 disputauit
1305 2733 1394 2768 Ben.
1415 2733 1596 2770 Nieserin
1629 2733 1816 2768 Obserua-

277 2788 442 2824 tionibus
469 2787 683 2833 (prioribus)
711 2788 755 2822 de
789 2787 987 2822 annalibus
1013 2787 1191 2822 Romanis
1219 2786 1270 2831 (in
1299 2786 1422 2822 indice
1449 2786 1532 2821 lect.
1554 2787 1809 2831 Marburgens„

278 2843 369 2876 aest.
397 2852 428 2875 a.
458 2843 572 2885 1886).
