2002 3342
597 200 634 233 L.
657 197 854 232 COELIVS
882 195 1161 230 ANTIPATER
1515 208 1651 236 (χχιχ

119 326 213 351 uero
241 312 435 363 polliticus
461 317 539 348 erat
564 322 603 347 se
628 309 687 347 'ex
711 309 868 359 scriptis
892 320 1027 345 eorum
1050 308 1115 357 qui
1137 308 1223 344 ucri
1245 302 1502 343 arbitrantur'
1524 302 1588 351 (l'r.
1605 305 1649 357 2)

119 379 349 415 hausturum
383 388 487 425 esse,
525 374 705 412 Hecataei
738 374 917 411 ueritatis
951 372 1234 422 professionem
1270 366 1335 423 (t'r.
1359 366 1464 422 332)
1492 371 1530 407 in
1565 382 1651 419 pro-

120 444 247 480 oemio
276 442 462 490 imitatus,
490 452 615 490 neque
645 451 732 477 eum
761 440 799 476 in
821 450 899 476 uuo
928 438 1032 475 sonte
1055 436 1313 474 exscribendo
1336 435 1581 486 acquieuisse
1606 447 1651 472 ex

122 509 231 545 Liuio
259 506 324 555 (t'r.
347 503 422 557 29)
452 505 657 553 discimus,
692 503 757 542 ubi
787 503 832 541 de
860 502 1033 541 Marcelli
1061 507 1185 539 morte
1215 501 1409 551 triplicem
1438 505 1568 550 gestae
1596 501 1653 538 rei

121 573 347 611 memoriam
382 570 427 608 ab
463 583 507 608 eo
542 569 685 607 editam
721 570 909 607 certiores
940 580 1012 606 nos
1039 567 1149 616 fecit,
1182 578 1300 604 unam
1328 565 1509 603 traditam
1538 567 1650 611 sama,

120 637 280 675 alteram
309 637 497 686 scriptam
526 634 747 672 laudatione
776 634 857 683 tilii,
886 634 951 684 qui
980 634 1036 670 rei
1058 637 1190 683 gestae
1213 633 1468 681 interfuisset,
1498 632 1652 669 tertiam

120 715 234 753 quam
262 703 345 752 ipse
369 696 562 753 (Coelius)
592 712 661 750 pro
682 700 868 750 inquisita
891 712 934 736 ac
956 698 1030 736 sibi
1052 703 1251 748 comperta
1273 696 1478 735 attulisset.
1513 695 1654 746 quibus

119 766 253 805 uerbis
282 766 413 804 hercle
439 765 542 803 baud
570 766 708 815 exigua
736 771 777 802 ut
806 764 882 802 illis
910 762 1153 814 temporibus
1183 761 1363 800 laudatur
1391 761 1589 811 diligentia
1619 766 1654 798 et

121 832 332 882 industria,
365 836 407 869 ut
435 842 572 881 perse
601 829 789 868 credibile
817 831 867 867 sit
900 829 1140 867 clarissimos
1173 828 1406 877 scriptores,
1444 827 1510 876 qui
1543 831 1654 864 antea

122 897 265 935 bellum
287 895 587 934 Hannibalicum
615 896 822 945 scripsere,
851 896 887 932 ei
908 894 1011 932 baud
1032 895 1186 943 ignotos
1207 893 1339 931 fuisse.
1378 904 1421 929 ac
1444 892 1489 930 de
1511 891 1654 929 Catone

122 962 279 1013 quidem
302 961 340 999 id
362 966 524 999 constat.
562 962 708 998 etenim
730 960 833 1011 quod
853 965 943 1011 post
962 960 1168 997 uictoriam
1191 958 1438 996 Cannensem
1460 956 1656 994 Maharbal

122 1027 329 1065 Hannibali
356 1031 551 1075 suaserat,
584 1026 624 1063 A.
647 1025 769 1063 Gellio
797 1030 896 1064 teste
924 1036 1047 1076 paene
1075 1023 1122 1062 ad
1148 1023 1315 1062 uerbum
1344 1022 1560 1061 secundum
1588 1021 1656 1059 Ca-

122 1100 253 1131 tonem
280 1098 509 1131 narrauerat
537 1087 602 1145 (fr.
626 1089 680 1129 25
709 1104 740 1130 c.
761 1088 867 1143 adn.)
879 1086 925 1143 1),
952 1095 1035 1129 tum
1063 1089 1206 1128 Fabius
1234 1086 1299 1141 (fr.
1320 1086 1394 1140 49)
1422 1089 1474 1126 ita
1501 1100 1519 1125 a
1549 1087 1656 1125 Cice-

124 1170 217 1196 rone
246 1171 334 1196 cum
363 1158 493 1196 Coelio
529 1158 793 1207 consociatur,
830 1161 873 1194 ut
905 1157 938 1194 si
970 1167 1048 1193 non
1082 1157 1211 1205 ipsum
1244 1166 1387 1192 nomen
1415 1153 1524 1192 Fabii
1557 1152 1657 1203 apud

122 1223 297 1261 Coelium
325 1229 361 1261 at
395 1235 632 1261 consensum
667 1228 796 1260 tamen
825 1221 1020 1272 quendam
1054 1222 1159 1258 inter
1191 1232 1257 1258 eos
1284 1219 1422 1257 Cicero
1456 1219 1658 1257 inuenisse

122 1287 322 1340 uideatur3
363 1288 499 1326 Liuius
533 1292 661 1326 autem
694 1292 901 1337 postquam
929 1284 997 1333 22,
1019 1283 1057 1336 8,
1078 1284 1104 1325 ἵ)
1138 1286 1280 1323 famam
1314 1284 1360 1322 ad
1394 1283 1503 1322 Fabii
1533 1283 1658 1322 Cunc-

124 1354 260 1391 tatoris
289 1352 442 1391 laudem
470 1364 705 1403 propensam
733 1353 818 1390 sine
853 1350 1095 1390 dubitatione
1130 1351 1298 1401 recepit,
1338 1351 1378 1387 in
1412 1349 1658 1387 adnotatione

125 1431 156 1456 c.
179 1416 246 1467 31,
269 1416 430 1468 8—11,
469 1418 537 1456 ubi
570 1419 654 1468 ipse
694 1430 779 1455 eam
812 1417 1016 1467 refutauit,
1055 1415 1160 1454 illam
1199 1427 1277 1453 non
1316 1414 1441 1452 solum
1480 1420 1659 1465 posteros

124 1485 279 1521 auxisse
316 1485 511 1521 concessit
545 1482 613 1521 sed
647 1483 763 1520 etiam
791 1481 966 1520 Coelium
995 1477 1061 1534 (fr.
1084 1476 1159 1534 21)
1189 1479 1365 1518 eiusdem
1394 1480 1542 1517 erroris
1571 1491 1659 1529 pro-

126 1549 344 1599 pagationis
364 1548 620 1586 insimulauit.
655 1546 778 1598 quid?
811 1547 925 1598 quod,
947 1548 1131 1598 quoniam
1152 1547 1194 1584 in
1215 1558 1259 1584 ea
1281 1545 1367 1583 libr.
1389 1544 1476 1582 XXI
1497 1549 1537 1582 et
1557 1543 1660 1582 XXII

124 1620 253 1664 parte,
288 1626 386 1664 quae
421 1626 465 1652 ex
499 1613 658 1664 Polybio
691 1625 769 1650 non
801 1624 916 1650 uersa
951 1618 1027 1663 est,
1061 1611 1172 1650 Liuio
1201 1610 1376 1649 Coelium
1410 1611 1658 1661 potissimum

126 1678 266 1717 ducem
294 1679 414 1717 fuisse
443 1679 542 1716 infra
567 1677 804 1727 uidebimus,
830 1677 903 1715 hac
925 1683 1054 1715 autem
1076 1676 1245 1714 Fabiana
1266 1675 1359 1713 belli
1379 1674 1541 1726 gerendi
1563 1676 1660 1712 ratio

126 1746 292 1782 summis
332 1743 512 1782 laudibus
552 1743 790 1793 celebratur,
834 1742 1152 1781 aduersariorum
1192 1740 1367 1780 consiliis
1408 1740 1661 1790 obtrectatur,

125 1814 232 1847 certe
260 1811 347 1847 ueri
374 1809 501 1847 simile
529 1814 589 1847 est
615 1808 782 1846 Fabiana
811 1808 978 1846 lectione
1007 1820 1096 1846 eum
1124 1807 1171 1845 ad
1203 1807 1304 1845 hanc
1332 1806 1379 1844 de
1406 1805 1524 1844 rebus
1556 1805 1660 1843 illius

126 1876 263 1913 aetatis
290 1874 476 1912 Romanis
503 1875 738 1913 sententiam
766 1873 1002 1924 perductum
1029 1869 1172 1926 essef')
1214 1874 1321 1911 iuxta
1341 1870 1504 1910 Fabium
1531 1877 1661 1909 tamen

128 1940 359 1989 primarium
387 1941 491 1978 inter
518 1940 602 1978 eius
629 1939 756 1977 fontes
782 1939 912 1977 locum
933 1938 1083 1976 obtinet
1109 1937 1301 1976 Silenus
1323 1933 1536 1989 Siculus.³)
1573 1948 1661 1974 nam

128 2010 163 2042 et
199 2004 308 2042 illum
343 2010 380 2043 et
407 2004 587 2055 Sosylum
614 2003 968 2042 Lacedaemonium
1000 2004 1041 2041 in
1068 2002 1298 2041 Hannibalis
1333 2003 1473 2040 castris
1502 2003 1662 2051 uixisse,

128 2069 314 2119 quamdiu
338 2070 493 2107 fortuna
513 2082 627 2120 passa
650 2074 765 2119 esset,
793 2070 956 2119 eiusque
978 2068 1072 2107 belli
1093 2074 1201 2119 gesta
1222 2073 1266 2107 ut
1285 2067 1430 2106 multos
1451 2068 1662 2105 memoriae

128 2134 350 2185 prodidisse
378 2147 424 2173 ex
452 2134 633 2173 Cornelio
660 2134 808 2185 Nepote
835 2130 923 2187 (uit.
946 2133 1069 2172 Hann.
1095 2131 1159 2183 13,
1182 2129 1227 2186 3)
1256 2133 1532 2183 comperimus.
1575 2132 1662 2169 imi-

129 2204 232 2237 tatus
260 2201 380 2250 igitur
405 2199 470 2238 ille
492 2199 755 2238 Alexandrum
776 2199 957 2250 Magnum
986 2204 1024 2237 et
1050 2201 1133 2249 ipse
1162 2211 1225 2237 res
1253 2210 1390 2248 gerere
1419 2202 1457 2235 et
1484 2202 1614 2247 gestas
1644 2209 1663 2234 a

128 2266 289 2303 uirtutis
316 2277 408 2303 suae
436 2264 698 2316 praeconibus
726 2264 929 2303 inlustrari
956 2266 1171 2315 eupiuerat.
1217 2264 1311 2314 quin
1334 2264 1451 2301 etiam
1471 2274 1596 2313 usque
1618 2274 1663 2299 eo

129 2332 294 2381 uestigia
323 2343 471 2381 eorum,
499 2332 565 2381 qui
591 2329 800 2369 Alexandri
827 2342 889 2368 res
917 2331 1075 2380 scriptis
1103 2334 1353 2379 ornauerant,
1385 2328 1579 2378 pressisse
1606 2328 1664 2365 ui-

230 2488 262 2530 1)
293 2485 354 2521 Vis
380 2488 505 2520 tamen
532 2486 729 2520 uerborum
757 2485 1045 2520 Catonianorum
1072 2484 1257 2518 inminuta.
1284 2491 1338 2517 est
1365 2494 1386 2517 a
1413 2482 1547 2517 Coelio.

227 2542 262 2584 2)
288 2539 396 2574 Falso
423 2540 547 2573 Nanta
573 2551 608 2583 p.
632 2544 674 2574 16
708 2541 744 2573 et
773 2538 913 2573 Krause
940 2550 974 2582 p.
998 2541 1064 2572 186
1090 2537 1139 2572 Μ.
1160 2537 1285 2571 Fuluii
1311 2535 1516 2570 Nobilioris
1549 2535 1663 2569 fastos

133 2592 169 2625 in
202 2592 367 2626 fontibus
401 2604 422 2626 a
454 2592 578 2627 Coelio
612 2592 792 2626 adhibitis
826 2592 1152 2632 enumeranerunt,
1191 2590 1271 2625 loco
1308 2590 1471 2633 quodam
1510 2589 1665 2623 Charisii

133 2649 165 2689 (1
194 2657 229 2688 p.
253 2650 318 2680 138
335 2646 390 2690 K.)
418 2645 486 2680 usi.
532 2645 596 2689 qui
622 2656 851 2689 quamquam
876 2645 1042 2679 nondum
1069 2646 1218 2678 sanatus
1245 2646 1308 2686 est,
1335 2646 1459 2677 tamen
1485 2642 1555 2676 hoc
1582 2652 1665 2676 con-

134 2699 218 2740 stat,
241 2698 354 2733 Coelii
376 2710 509 2734 nomen
529 2698 634 2733 nulla
654 2699 875 2733 auctoritate
896 2708 918 2731 a
939 2697 1107 2732 Fabricio
1128 2697 1312 2731 intrusum
1333 2707 1424 2731 esse.
1462 2695 1538 2729 uid.
1556 2694 1665 2729 Keilii

135 2751 260 2786 adnot.
282 2763 312 2786 a.
335 2752 367 2786 h.
390 2751 411 2786 l.

230 2806 263 2847 3)
290 2804 372 2839 Vid.
401 2805 441 2840 G.
464 2805 608 2850 Bujack
645 2806 703 2840 De
735 2805 855 2840 Sileno
892 2806 1064 2849 scriptore
1095 2805 1339 2839 Hannibalis.
1391 2802 1533 2848 Regim.
1564 2804 1664 2836 1859.

134 2868 171 2900 p.
192 2861 222 2891 5.
246 2861 299 2891 14.
324 2862 376 2892 18.
416 2858 594 2893 Zielinski
619 2860 692 2894 Die
719 2859 842 2894 Zetzten
867 2859 980 2893 Jahre
1006 2870 1040 2902 p.
1060 2861 1125 2892 120
1140 2869 1218 2901 sqq.
