2002 3342
602 180 639 215 L.
662 180 859 215 COELIVS
887 179 1165 214 ANTIPATER
1469 193 1657 223 ccxxvn

123 302 257 331 tenore
286 291 407 330 Coelii
435 292 602 341 uestigia
629 290 717 341 plus
744 291 926 328 minusue
949 303 1134 340 expressa
1162 292 1421 341 agnoscimus.
1463 292 1573 329 cuius
1603 294 1658 329 rei

123 359 269 408 aliquot
296 356 472 407 exempla
499 355 595 393 libet
622 367 854 406 proponere.

212 422 324 460 Velut
348 433 518 472 pugnam
547 420 593 459 ad
614 420 929 458 Trasumennum
958 422 1207 459 commissam
1236 421 1434 472 explicans
1456 421 1592 460 Liuius
1619 423 1658 460 in

122 489 302 539 plurimis
330 485 448 525 rebus
475 487 528 524 ita
556 486 751 523 consentit
778 498 867 523 cum
892 485 1062 536 Polybio,
1090 491 1143 536 ut,
1171 488 1355 536 quoniam
1382 486 1478 525 mihi
1499 486 1659 537 quidem

123 565 211 591 eum
239 565 259 590 a
281 551 390 590 Liuio
417 553 457 589 in
484 563 599 589 usum
626 556 810 589 uocatum
839 563 924 588 esse
946 549 1100 589 abunde
1123 557 1286 602 constat,
1313 553 1431 590 etiam
1456 551 1521 590 hic
1542 565 1660 603 quae-

124 618 210 656 dam
245 630 289 655 ex
324 617 395 655 hoc
429 617 566 655 hausta
593 628 680 654 esse
709 612 940 668 censeaml)
987 616 1034 654 cf.
1056 615 1139 653 Liu.
1162 613 1217 653 22
1240 630 1271 654 c.
1291 615 1378 667 1‚3.
1408 630 1438 654 c.
1461 615 1498 656 2.
1526 630 1557 655 c.
1579 614 1618 668 3,
1636 616 1656 655 1

123 680 226 735 —33
254 680 410 721 5—10.
439 695 470 720 c.
491 679 530 732 4,
550 680 591 733 13
619 679 740 732 3—43
769 678 895 718 6-—7.
930 693 960 719 c.
982 678 1022 731 5,
1037 678 1075 719 3.
1103 694 1134 719 c.
1157 678 1195 731 6,
1211 678 1367 720 5-12.
1396 695 1427 720 c.
1452 680 1487 732 Τ,
1506 681 1547 734 13
1574 680 1661 719 5-

123 751 325 793 iussissem
357 745 469 786 6-7
506 759 594 785 cum
621 745 750 797 Polyb.
776 744 815 796 3,
839 743 1024 784 77—85.
1068 745 1108 784 Si
1143 758 1265 784 unum
1292 746 1496 798 Polybium
1529 753 1661 785 aucto-

123 826 206 853 rem
240 814 324 850 eius
358 824 512 863 pugnae
545 811 800 862 haberemus,
838 810 902 849 diu
938 823 1001 849 res
1035 818 1139 849 esset
1171 811 1430 863 conclamata,
1462 824 1552 850 nam
1585 813 1662 850 iam

124 884 212 916 ante
246 878 316 915 hos
351 882 508 915 centum
542 888 664 914 annos
695 877 730 914 is
763 875 872 915 locus
905 877 1092 915 inuentus
1126 882 1163 915 et
1192 882 1327 927 postea
1354 889 1470 928 saepe
1497 889 1662 915 numero

125 942 420 982 commendatus
453 947 530 992 est,
567 954 683 992 quem
719 953 822 979 nunc
860 942 979 980 certis
1016 943 1258 992 argumentis
1292 940 1507 993 Kromayer
1543 944 1664 981 euicit

125 1010 291 1062 (Antike
314 1007 638 1056 Schlaelztselder
657 1006 708 1045 ΙΙΙ
733 1005 752 1044 1
777 1019 812 1057 p.
832 1003 1095 1060 148—213).
1135 1012 1195 1045 est
1221 1008 1260 1045 in
1283 1009 1390 1058 ripae
1418 1007 1525 1046 lacus
1553 1013 1663 1058 parte

124 1073 322 1122 orientali,
361 1072 428 1111 ubi
461 1073 524 1110 uia
557 1074 661 1110 inter
698 1073 829 1110 uicum
862 1071 1077 1110 Torricella
1113 1078 1366 1123 montemque
1400 1071 1608 1123 Colognola
1642 1085 1662 1111 a

124 1138 210 1177 lacu
238 1137 415 1189 discedit,
442 1143 486 1176 ut
512 1137 559 1176 ad
586 1137 789 1175 Perusiam
817 1149 933 1175 uersa
960 1138 1096 1187 iugum
1124 1137 1320 1176 ascendat.
1358 1137 1423 1176 hic
1444 1137 1664 1189 Hannibali,

124 1210 166 1244 ut
202 1215 415 1254 sequamur
452 1202 674 1253 Polybium,
709 1202 801 1241 dum
828 1203 904 1240 iter
935 1203 1042 1241 inter
1073 1208 1229 1241 montes
1257 1202 1520 1242 Cortonenses
1553 1215 1572 1242 a
1613 1204 1662 1241 si-

124 1271 246 1308 nistra
278 1274 407 1319 parte,
445 1268 572 1306 lacum
605 1267 921 1306 Trasumennum
958 1281 978 1306 a
1018 1267 1153 1306 dextra
1190 1268 1300 1319 facit,
1339 1267 1468 1307 locum
1507 1268 1664 1307 insidiis

126 1333 344 1386 speculanti
383 1333 447 1372 ille
488 1331 595 1372 κατὰ
627 1331 708 1384 τὴν
741 1330 896 1372 δίοδον
928 1345 970 1371 se
1004 1332 1148 1372 obtulit
1179 1330 1329 1372 αὐλὼν
1361 1330 1584 1385 ἐπίπεδος,
1624 1335 1663 1372 in

126 1412 243 1450 quem
281 1398 328 1437 ab
363 1398 545 1437 omnibus
579 1397 768 1436 lateribus
801 1397 866 1436 uel
900 1403 1040 1437 natura
1072 1398 1137 1437 uel
1170 1397 1217 1437 ab
1250 1398 1431 1437 hostibus
1467 1398 1665 1438 inclusum

127 1464 342 1503 Flaminius
374 1465 498 1514 prima
533 1463 620 1501 luce
654 1475 700 1501 ex
734 1464 875 1501 castris
903 1463 950 1501 ad
979 1464 1109 1514 ipsum
1143 1463 1271 1502 lacum
1298 1465 1438 1515 positis
1464 1465 1667 1515 profectus

127 1531 202 1568 iter
242 1531 349 1568 iuxta
384 1542 473 1568 eum
509 1540 744 1579 permensus
783 1529 945 1567 intrauit
978 1534 1016 1567 et
1054 1529 1210 1567 fortiter
1246 1541 1333 1568 cum
1368 1530 1451 1568 suis
1485 1541 1666 1580 pugnans

126 1594 346 1633 trucidatus
380 1600 457 1645 est,
493 1606 580 1632 cum
615 1595 739 1632 ceteri
771 1595 810 1631 in
844 1594 985 1632 itinere
1017 1595 1123 1632 inter
1155 1594 1281 1633 lacum
1315 1600 1354 1633 et
1385 1600 1539 1633 montes
1568 1590 1610 1648 (i.
1633 1608 1665 1633 e.

127 1662 231 1699 inter
262 1661 373 1698 uicos
400 1659 612 1709 Montigeto
640 1664 678 1697 et
704 1656 938 1711 Torrieella)
968 1660 1139 1710 turpiter
1164 1661 1352 1711 perirent.
1391 1659 1585 1698 Turbauit
1611 1665 1666 1698 ta-

127 1738 217 1764 men
246 1737 329 1763 rem
351 1724 499 1763 Liuius.
535 1736 625 1762 nam
653 1735 742 1762 eum
764 1723 839 1762 alio
866 1723 951 1762 loco
975 1723 1217 1763 decertatum
1239 1736 1326 1763 esse
1348 1726 1503 1776 opinari
1528 1726 1605 1763 iam
1625 1726 1666 1763 in

127 1790 298 1829 editione
330 1792 462 1841 priore
491 1785 545 1842 (p.
569 1785 776 1843 CCXXVH)
811 1790 992 1840 exposui,
1024 1795 1114 1840 post
1149 1802 1211 1829 me
1245 1791 1363 1828 etiam
1396 1785 1667 1842 Kromayer2),

128 1855 231 1907 quod
264 1856 393 1894 locum
419 1855 531 1893 illum
563 1860 699 1893 natum
727 1854 883 1893 insidiis
913 1855 1035 1893 fuisse
1064 1855 1173 1905 dixit,
1207 1853 1290 1893 ‘ubi
1317 1857 1486 1894 maxime
1513 1860 1667 1893 montes

128 1922 390 1960 Cortonenses
412 1920 708 1958 Trasumennus
736 1918 915 1971 subiret',
942 1919 1217 1972 Romanosque
1246 1919 1423 1959 ‘uixdum
1445 1921 1540 1959 satis
1561 1925 1667 1958 certa

129 1987 214 2025 luce
247 1987 439 2037 angustiis
472 1986 686 2037 superatis,
719 1991 927 2036 postquam
960 1987 1000 2024 in
1026 1987 1287 2037 patentiorem
1318 1998 1501 2037 campum
1528 1997 1667 2036 agmen

127 2051 247 2103 pandi
268 2049 477 2102 coepisset’
501 2047 552 2104 (c.
573 2048 613 2101 4,
628 2048 653 2088 2
668 2047 785 2103 sqq.),
813 2048 848 2089 ‘a
872 2050 1062 2090 lateribus
1082 2051 1282 2090 montibus
1304 2064 1348 2090 ac
1370 2051 1467 2102 lacu,
1494 2063 1513 2089 a
1540 2051 1668 2089 fronte

131 2124 169 2156 et
189 2116 235 2156 ab
257 2122 367 2167 tergo
388 2116 560 2155 hostium
583 2117 665 2154 acie
682 2115 835 2155 clausos
857 2114 960 2155 esse’
976 2113 1027 2170 (c.
1043 2113 1082 2167 5,
1098 2113 1156 2170 6).
1186 2116 1365 2155 diuersae
1387 2118 1508 2167 igitur
1523 2115 1569 2154 de
1591 2117 1668 2154 situ

130 2183 204 2221 loci
226 2183 431 2233 opiniones
453 2181 564 2219 Liuio
585 2180 824 2232 Polybioque
846 2181 1046 2221 subiectae
1068 2187 1190 2221 erant.
1231 2181 1341 2221 illum
1362 2187 1493 2220 tamen
1514 2193 1591 2219 non
1612 2187 1668 2219 te-

128 2260 237 2286 mere
259 2247 305 2285 ab
327 2247 401 2285 hoc
423 2246 667 2297 discessisse,
690 2246 759 2285 sed
781 2253 934 2286 certum
950 2247 1120 2298 aliquem
1143 2253 1344 2286 auctorem
1367 2252 1546 2285 secutum
1569 2258 1669 2296 esse,

129 2315 197 2364 qui
217 2312 282 2351 illa
298 2312 381 2351 loca
396 2311 497 2350 bene
519 2312 650 2361 sciret,
666 2324 712 2350 ex
728 2311 861 2350 multis
883 2311 1215 2363 disputationibus
1230 2318 1402 2363 apparet,
1419 2311 1561 2363 quibus
1581 2317 1670 2362 post

130 2378 225 2417 alios
245 2379 413 2417 maxime
436 2390 455 2416 a
470 2376 652 2415 Nissenio
669 2373 787 2430 (mus.
802 2376 926 2416 Rhen.
942 2377 1046 2416 XXII
1067 2390 1103 2428 p.
1117 2373 1372 2431 565—582)
1394 2383 1432 2416 et
1447 2390 1466 2415 a
1482 2377 1668 2416 Stueren-

128 2443 268 2494 burgio
291 2438 350 2496 (in
371 2454 566 2493 program.
582 2441 717 2480 Tliom.
734 2442 839 2493 Lips.
858 2439 982 2481 1883.
1007 2439 1140 2496 1889)
1163 2442 1298 2481 multis
1318 2444 1418 2481 uiris
1432 2441 1559 2481 doctis
1580 2454 1668 2493 per-

131 2521 289 2548 suasum
323 2515 383 2547 est
415 2513 542 2546 castra
575 2519 594 2545 a
621 2507 812 2546 Flaminio
846 2513 954 2546 extra
987 2513 1160 2547 montem
1191 2507 1431 2558 Gualandro,
1463 2507 1531 2546 ubi
1564 2519 1669 2545 nunc

129 2575 194 2612 uia
221 2587 240 2612 a
268 2573 435 2612 Cortona
462 2572 664 2611 Perusiam
699 2571 847 2611 ducens
881 2572 1007 2612 lacum
1035 2575 1175 2624 tangit,
1208 2572 1335 2624 pridie
1362 2584 1516 2624 pugnae
1543 2573 1668 2624 posita

229 2725 260 2766 1)
288 2723 371 2758 Vid.
393 2723 429 2758 C.
451 2723 559 2756 Peter
580 2722 708 2756 Kritilt·
734 2735 767 2766 p.
785 2726 936 2758 29—33.

227 2778 260 2820 2)
286 2777 337 2811 N.
357 2776 484 2811 Jahrb.
505 2774 606 2809 XXV
625 2787 660 2819 p.
680 2778 764 2818 189,
796 2777 928 2820 postea
960 2778 1087 2810 tamen
1116 2777 1218 2821 (Ant.
1240 2776 1432 2819 Schlachtf.
1454 2787 1488 2820 p.
1507 2777 1588 2819 154>
1621 2774 1668 2808 ab

133 2841 176 2865 ea
202 2830 388 2864 sententia
414 2828 594 2864 discessit.

1290 2894 1380 2927 XV*
