2002 3342
351 183 393 218 Π.
421 183 484 217 DE
510 182 826 217 LITTERARVM
851 182 1173 217 MONVMENTIS
1201 182 1422 217 PRIVATIS
1579 198 1657 227 ΗΧ

128 292 226 349 6,2)
255 294 365 333 illum
393 306 456 332 res
484 299 571 344 post
604 292 743 331 urbem
772 292 968 331 conditam
995 305 1120 343 usque
1155 292 1201 331 ad
1229 305 1338 331 suam
1367 300 1530 332 aetatem
1560 293 1654 333 ‘ca-

127 357 390 411 pitulatim'
429 353 781 411 (κεφαλαιωδῶς)
817 359 1063 408 percurrisse
1104 357 1267 408 iudicat,
1306 370 1383 396 non
1420 358 1653 398 breuitatem

126 425 243 464 huius
270 426 388 463 totius
416 425 538 475 partis
566 423 752 461 historiae
781 422 875 460 dicit
896 422 965 461 sed
992 423 1308 473 inaequalitatem
1331 426 1518 462 materiae
1540 424 1654 462 modo

127 492 284 541 copiose
310 488 425 528 modo
458 488 614 527 exiliter
646 489 844 538 expositae
871 483 969 540 (uid.
991 488 1091 526 infra
1118 501 1153 538 p.
1176 486 1350 540 LXXIV).
1394 490 1509 527 etiam
1544 489 1655 527 Liuio

128 554 321 606 displicet,
349 553 452 605 quod
473 553 631 604 quidam
653 552 812 591 annales
834 565 865 590 a.
880 549 978 591 438.
995 550 1242 591 316—434‘5.
1257 550 1341 591 318
1364 551 1489 592 ‘uelut
1510 554 1657 593 funesti

127 620 224 658 nihil
258 625 414 671 praeter
446 618 652 657 consulum
691 619 847 656 nomina
887 615 1115 668 suggerant'
1147 614 1205 671 (4,
1221 615 1289 669 c20,
1305 615 1369 671 9),
1399 619 1467 657 sed
1501 632 1549 658 ne
1582 621 1656 670 ipsi

127 685 285 736 quidem
319 685 499 734 contigit,
532 689 575 722 ut
607 683 711 721 illam
745 682 1062 733 inaequalitatem
1096 685 1135 721 in
1162 684 1288 734 prima
1323 683 1467 723 decade
1497 686 1656 723 omnino

127 756 305 800 exueret,
339 751 379 788 in
407 762 481 800 qua
508 751 615 787 iuxta
643 749 749 787 fusas
776 749 1023 787 narrationes
1049 748 1153 787 haud
1181 761 1268 787 raro
1296 748 1439 787 breues
1467 751 1656 800 epitomas

127 828 216 854 cum
242 815 410 853 Diodoro
444 815 736 853 consentientes
769 810 1000 866 hahemusl)
1036 819 1151 864 atque
1180 815 1296 852 etiam
1323 827 1428 852 nunc
1454 816 1657 853 iuncturas

127 880 370 932 dispicimuS,
397 879 540 931 quibus
567 878 719 929 singula
747 880 874 930 capita
896 884 1164 929 coagmentata
1185 879 1248 917 uel
1271 881 1532 918 contaminata
1554 886 1656 919 sunt.

125 946 235 984 uelut
260 945 353 984 belli
378 945 568 996 Veientis,
595 944 700 983 illius
727 940 970 982 ‘familiaris'
995 943 1204 982 Fabiorum
1230 950 1389 995 praeter
1414 947 1543 983 omnia
1572 946 1657 983 fini-

126 1012 221 1049 tima
254 1010 381 1049 facilis
414 1016 473 1049 est
506 1010 706 1049 distinctio
740 1010 988 1060 maximeque
1021 1008 1060 1047 id
1092 1009 1279 1048 historiae
1308 1009 1383 1048 tide
1411 1009 1572 1060 dignum
1599 1018 1657 1049 est

126 1073 371 1129 (Schwegler
395 1075 429 1114 ΙΙ
456 1089 492 1127 p.
511 1071 632 1129 740),
669 1074 737 1113 sed
771 1075 867 1113 haec
899 1086 977 1112 non
1010 1074 1112 1112 ultra
1147 1086 1210 1112 res
1244 1074 1434 1113 Fabianas
1470 1077 1658 1128 pertinet,

126 1154 225 1193 quae
253 1146 485 1192 excurrunt,
519 1147 585 1179 aut
612 1140 728 1179 dubia
756 1146 821 1178 aut
847 1140 936 1178 ficta
964 1144 1055 1178 sunt
1081 1139 1505 1191 interpolationemque
1533 1142 1657 1191 capita

126 1208 429 1257 coniungentem
452 1204 634 1257 produnt.
675 1205 739 1244 Sic
760 1207 881 1255 igitur
906 1204 1095 1256 paulatim
1116 1211 1393 1244 succrescente
1422 1211 1459 1244 et
1483 1207 1659 1257 gentium

126 1271 387 1311 aemulatione
403 1276 441 1310 et
461 1272 704 1309 inuentionis
725 1269 959 1308 inmodestia
981 1276 1019 1308 et
1040 1271 1135 1309 artis
1156 1272 1350 1309 oratoriae
1369 1271 1475 1310 cultu
1496 1271 1660 1310 historia

127 1336 408 1388 cupiditatibus
440 1336 644 1375 hominum
676 1336 821 1374 infecta
854 1337 894 1374 in
922 1336 1137 1374 factionum
1167 1337 1375 1374 seruitium
1405 1336 1561 1388 delapsa
1589 1343 1658 1376 est.

217 1401 295 1441 Sed
319 1407 363 1440 ut
388 1401 503 1440 breui
530 1400 910 1452 comprehendamus
932 1413 1031 1452 quae
1059 1400 1332 1452 disseruimus,
1360 1415 1406 1440 ex
1428 1401 1580 1441 duobus
1601 1404 1660 1441 in-

126 1469 208 1506 itiis
235 1479 413 1506 exorsam
442 1478 528 1505 esse
555 1466 761 1505 historiam
781 1466 997 1505 Romanam
1023 1466 1210 1516 uidimus,
1238 1479 1283 1505 ex
1305 1467 1511 1506 annalibus
1532 1469 1660 1518 ponti-

127 1533 245 1571 ficum
271 1532 440 1584 publicis
468 1537 506 1570 et
527 1544 573 1570 ex
594 1533 887 1570 commentariis
908 1533 1085 1582 gentium
1105 1531 1370 1571 Romanarum
1397 1534 1577 1584 priuatis,
1604 1533 1660 1572 id-

127 1610 202 1649 que
236 1599 306 1648 ita,
339 1603 382 1636 ut
414 1597 621 1648 pontifices
654 1609 743 1635 cum
771 1596 914 1635 tabulis
942 1598 1024 1636 suis
1052 1598 1161 1635 ciues
1189 1609 1281 1635 suae
1304 1599 1442 1636 aetatis
1470 1599 1661 1637 certiores

128 1663 174 1701 de
202 1662 320 1702 rebus
347 1662 461 1701 modo
489 1663 610 1713 gestis
637 1662 837 1712 fecissent,
865 1674 930 1700 eas
957 1663 998 1700 in
1025 1661 1204 1700 ordinem
1231 1664 1462 1701 continuum
1483 1663 1661 1702 redactas

126 1729 369 1780 posteritatis
402 1728 443 1766 in
468 1740 586 1766 usum
613 1728 831 1778 aperirent,
865 1733 1002 1777 gentes
1030 1733 1160 1766 autem
1190 1727 1381 1778 quaedam
1415 1727 1661 1767 documentis

126 1793 295 1845 publicis
321 1794 567 1844 priuatisque
594 1793 635 1830 in
662 1792 835 1831 tabulina
864 1792 1078 1831 domestica
1100 1794 1284 1844 repositis
1306 1799 1344 1832 et
1363 1793 1560 1844 publicam
1581 1807 1661 1832 me-

126 1860 292 1897 moriam
325 1857 555 1909 supplerent
588 1863 626 1896 et
656 1857 849 1896 uberibus
882 1857 1174 1896 narrationibus
1206 1857 1271 1896 uel
1303 1858 1572 1897 tabulinorum
1598 1859 1662 1898 uel

126 1925 375 1975 ingeniorum
409 1924 492 1962 suis
520 1924 700 1974 repetitis
727 1923 933 1962 historiam
961 1929 1214 1974 exornarent,
1248 1925 1361 1962 cuius
1390 1923 1557 1975 duplicis
1584 1926 1661 1963 ori-

127 1990 229 2040 ginis
256 1988 402 2027 indicia
428 2000 477 2026 ne
505 1988 707 2027 rhetorum
735 1987 894 2039 quidem
922 1994 1004 2027 arte
1032 1990 1163 2027 omnia
1191 1988 1410 2028 oblitterari
1435 1995 1660 2040 potuerunt.

127 2053 414 2093 Similitudines
448 2059 577 2092 autem
604 2053 767 2092 aliarum
802 2055 1008 2092 ciuitatum
1036 2055 1153 2092 etiam
1184 2054 1248 2093 hic
1275 2055 1315 2092 in
1342 2061 1526 2106 promptu
1560 2061 1662 2105 sunt,

126 2118 247 2169 uelut,
274 2119 314 2156 in
341 2131 438 2169 quas
466 2118 625 2157 fortuito
652 2118 786 2169 incidi,
814 2119 841 2157 F
845 2119 1063 2158 lorentinae
1091 2124 1129 2158 et
1155 2115 1557 2173 Norimhergensisfl)

224 2257 255 2299 1)
284 2255 336 2290 Cf.
364 2267 393 2291 e.
421 2268 474 2301 gr.
503 2259 535 2299 9,
556 2259 612 2299 20,
633 2260 653 2290 4
682 2267 765 2290 cum
791 2257 955 2292 Diodoro
984 2260 1109 2300 19,10.
1153 2257 1418 2292 Binneboessel
1444 2258 1468 2292 l.
1495 2270 1522 2292 s.
1549 2270 1584 2303 p.
1606 2262 1661 2294 45.

126 2309 261 2344 Kaerst
286 2309 323 2343 in
350 2308 581 2344 Fleckeiseni
608 2309 729 2354 suppl.
750 2310 835 2344 XIII
861 2322 895 2355 p.
918 2314 995 2346 762.

223 2364 256 2406 2)
282 2362 398 2407 Voigt
417 2363 707 2398 Humanismus²
727 2363 742 2397 Ι
761 2367 847 2398 4⁶28:
878 2364 1019 2399 ‘Kazem
1040 2366 1099 2399 em
1119 2365 1272 2400 anderer
1291 2365 1399 2400 Staat
1418 2370 1501 2410 truy
1520 2365 1579 2400 die
1594 2366 1663 2400 Be-

126 2416 339 2461 dinyunyen
353 2416 533 2451 derselben
549 2416 628 2459 (der
641 2418 974 2452 vaterlaendischen
990 2418 1405 2464 Geschichtschreibungs)
1425 2420 1465 2453 ‘in
1483 2429 1521 2453 so
1541 2419 1662 2453 holtem

128 2471 253 2505 Massa
279 2471 319 2504 in
344 2471 419 2505 sich
445 2471 501 2504 als
527 2471 589 2504 der
614 2481 683 2505 von
708 2470 787 2506 San
815 2472 958 2506 Blarco.
1010 2472 1186 2506 Demzoch
1212 2472 1302 2506 blieb
1329 2483 1363 2506 es
1393 2473 1447 2507 bei
1472 2472 1660 2515 officiellen

127 2524 301 2558 Annalem
327 2524 412 2558 oder
432 2524 487 2558 bei
510 2523 690 2568 yeheimen
711 2525 924 2567 Memoz'ren,
950 2526 1007 2559 (lie
1028 2526 1227 2570 Eiyentum
1248 2525 1311 2560 der
1330 2525 1490 2559 chzilz'e
1514 2525 1664 2559 wurden

127 2577 205 2611 und
225 2581 295 2612 erst
313 2578 419 2622 lanye
438 2578 529 2611 nach
552 2577 629 2611 clem
654 2577 686 2611 T
684 2578 749 2612 ode
769 2578 831 2613 der
852 2578 1037 2620 Verfasser
1056 2591 1107 2612 an
1126 2579 1184 2613 die
1207 2578 1487 2621 Oeffentlz'chlceit
1506 2578 1660 2612 kametz?

128 2628 283 2674 Wegele
309 2630 488 2664 Deutsche
508 2631 828 2676 Historioyraphie
847 2643 882 2675 p.
898 2634 959 2665 48:
985 2632 1073 2666 ‘Die
1095 2632 1496 2677 Geschichtscln·eibzm9
1515 2632 1662 2666 Nuern-

128 2683 245 2728 berys,
278 2684 482 2728 ausyehend
512 2695 582 2719 von
614 2684 677 2718 der
709 2684 1115 2728 Geschlechterhistorz'e‚
1147 2686 1195 2720 ist
1227 2696 1295 2720 von
1322 2686 1478 2730 Anfany
1506 2696 1556 2719 an
1587 2686 1664 2719 eine

127 2737 326 2771 wesentlich
345 2737 556 2772 staedtische
575 2749 731 2782 yewesen
750 2738 828 2772 und
847 2739 910 2773 hat
930 2739 1011 2773 sehr
1031 2739 1116 2773 bald
1135 2740 1240 2773 einen
1260 2738 1451 2781 offaciellen
1472 2738 1665 2772 Character

128 2790 400 2834 anyenommen'
431 2789 526 2835 (coll.
548 2790 667 2835 Hegel
701 2792 904 2826 Chronilcen
931 2792 993 2825 der
1017 2792 1268 2835 s'raenlcc'schen
1294 2791 1438 2826 Staedte
1464 2791 1479 2824 I
1510 2791 1663 2825 Einlez't.

130 2853 166 2886 p.
187 2854 258 2876 xxx
273 2854 351 2886 sqq.
379 2844 416 2877 et.
443 2842 488 2876 al.
511 2842 606 2887 lom).
