2002 3342
304 211 475 240 cxnvm
633 195 696 229 DE
725 193 1032 229 scair'roaVM
1058 193 1180 228 vrris
1207 193 1267 228 ET
1295 193 1501 227 semesis

304 308 494 346 bellorum
519 306 650 355 duces,
677 306 743 355 qui
768 305 888 343 multo
910 317 997 343 cum
1018 304 1151 342 labore
1174 317 1218 342 ex
1241 304 1326 342 aliis
1347 303 1550 342 annalibus
1573 304 1832 354 conquirendi

307 378 428 411 erant.
472 373 590 410 nimis
617 376 728 408 aucta
757 375 868 408 erant
894 370 1052 408 Catonis
1079 371 1119 407 in
1147 382 1228 407 rem
1256 368 1453 419 publicam
1480 370 1631 418 merita,
1659 381 1757 419 quae
1785 369 1833 407 ad

309 438 466 476 modum
494 435 688 486 quendam
716 434 935 473 reuocanda
963 440 1084 484 erant,
1110 436 1312 484 maiorque
1340 434 1437 471 ratio
1460 433 1590 471 habita
1612 439 1833 472 ceterarum

307 504 513 540 ciuitatum
530 500 764 539 Italicarum.
798 499 967 550 denique
983 499 1222 550 capitulatim
1245 511 1308 537 res
1331 498 1456 537 dictae
1477 504 1598 547 erant,
1619 503 1662 537 ut
1677 499 1833 537 aliunde

306 574 418 605 tenor
445 572 483 604 et
509 565 722 616 aequalitas
754 566 991 603 narrationis
1024 563 1239 615 supplenda
1273 569 1387 602 esset.
1433 565 1563 614 itaque
1590 565 1721 614 magni
1748 566 1833 614 qui·

307 632 396 670 dem
425 644 581 682 semper
604 630 819 669 ducebatur
840 630 996 668 Catonis
1024 631 1247 680 auctoritas,
1275 628 1343 667 sed
1364 634 1407 667 ut
1426 641 1518 679 prae
1540 630 1681 667 ceteris
1704 641 1833 667 exem-

306 697 413 748 plum
441 702 480 735 et
506 697 591 734 sons
618 696 830 746 primarius
858 700 972 744 esset,
998 696 1117 733 nimis
1144 694 1351 732 molestum
1378 695 1508 732 uisum
1536 700 1605 732 est.

395 762 460 800 Sic
486 762 631 800 factum
656 766 727 811 est,
753 767 807 810 ut,
835 772 1070 811 quamquam
1091 759 1367 798 lectitabantur
1387 760 1559 809 origines
1580 765 1695 810 atque
1717 771 1835 810 quae-

304 826 393 866 dam
426 826 590 865 frustula
624 839 669 864 ex
704 827 761 863 eis
795 824 1125 875 decerpebantur,
1158 825 1225 875 qui
1257 830 1391 875 postea
1423 824 1582 863 annales
1609 823 1835 874 condidere,

304 892 352 930 ad
385 892 494 930 Fabii
534 891 694 929 annales
733 890 862 928 redire
903 896 941 928 et
979 889 1048 927 lios
1084 903 1154 940 pro
1188 889 1453 928 fundamentis
1486 889 1629 927 habere
1662 889 1834 928 mallent.

304 970 432 1008 neque
465 958 568 996 enim
603 956 648 994 ab
682 956 743 993 his
776 956 934 993 0111111110
967 954 1163 1005 neglectas
1197 967 1283 993 esse
1317 955 1489 1005 origines
1522 967 1566 993 ex
1604 955 1835 1005 fragmentis

304 1021 538 1073 quibusdam
561 1021 685 1059 Cassii
707 1020 893 1059 Heminae
921 1025 959 1058 et
985 1019 1107 1058 Coelii
1127 1021 1322 1070 Antipatri
1343 1016 1585 1073 discimus.¹)
1625 1032 1715 1058 nani
1736 1032 1835 1070 quae

303 1087 351 1125 de
385 1088 511 1138 campi
544 1086 720 1124 Tiburtis
755 1085 954 1124 fertilitate
988 1091 1222 1136 exposuerat
1255 1086 1347 1123 Cato
1382 1080 1447 1138 (fr.
1474 1080 1569 1138 57),
1608 1086 1750 1135 partim
1790 1084 1837 1123 ad

302 1152 469 1191 uerbum
498 1153 536 1189 in
566 1152 724 1189 tertium
752 1150 950 1189 annalium
977 1150 1120 1188 librum
1141 1151 1413 1201 transscripsit
1434 1149 1591 1188 Cassius
1611 1146 1670 1203 (lu
1695 1161 1835 1199 eampo

308 1218 475 1267 Tiburti,
503 1219 573 1255 ubi
597 1218 791 1255 hordeum
819 1218 1031 1254 demessuit
1058 1215 1162 1253 Cato.
1208 1218 1247 1254 2'72
1276 1227 1416 1264 erumpo
1449 1216 1621 1263 Tiburte,
1649 1217 1717 1254 ubi
1742 1217 1836 1254 leor-

303 1284 421 1321 deum
455 1284 756 1320 demessuerunt
790 1281 894 1319 Cass.
929 1281 973 1319 fr.
1001 1276 1076 1334 29)
1091 1276 1144 1334 2),
1183 1286 1221 1319 et
1258 1280 1361 1331 quod
1401 1280 1609 1318 consilium
1648 1281 1837 1331 magister

401 1415 433 1458 1)
459 1413 641 1457 Polybii
673 1412 846 1448 notitiam
876 1412 1036 1457 origines
1063 1412 1213 1447 omnino
1240 1412 1381 1457 fugisse
1407 1412 1471 1446 uix
1496 1423 1561 1446 nos
1587 1422 1684 1446 nunc
1711 1412 1836 1447 crede-

304 1479 396 1511 mus,
423 1467 643 1511 praesertim
669 1466 701 1501 si
726 1467 801 1500 tres
827 1466 968 1511 priores
995 1465 1110 1500 libros
1136 1465 1248 1510 paulo
1269 1467 1355 1509 post
1374 1476 1407 1500 a.
1430 1469 1508 1500 168.
1530 1469 1596 1499 586
1625 1465 1780 1509 scriptos
1801 1468 1839 1499 et

304 1520 514 1564 publicatos
536 1530 613 1554 esse
634 1519 926 1564 probauerimus.
956 1519 1084 1563 itaque
1104 1518 1178 1553 iam
1199 1518 1315 1553 Seeck
1330 1519 1620 1563 (Kalendertafel
1640 1530 1674 1563 p.
1694 1521 1760 1552 178
1769 1520 1837 1562 sq.)

305 1573 495 1608 Gallorum
520 1573 622 1607 bella
649 1572 695 1606 ab
722 1572 786 1606 1110
809 1577 839 1615 2,
864 1576 1000 1606 18-22
1028 1573 1231 1606 secundum
1257 1571 1417 1616 origines
1444 1571 1583 1616 scripta
1604 1583 1681 1606 esse
1701 1571 1838 1616 posuit,

304 1628 559 1671 patronusque
587 1627 664 1660 eius
692 1626 923 1660 coniecturae
949 1626 1092 1660 exstitit
1119 1625 1160 1659 G.
1181 1625 1308 1659 Soltau
1334 1626 1607 1671 (Proleyomena
1638 1636 1667 1660 Ζ.
1695 1636 1722 1660 e.
1748 1628 1836 1659 ro'm.

305 1681 542 1725 Clzfronozoyszte
576 1692 612 1724 p,
641 1683 798 1722 64—75‚
838 1680 950 1714 Neam
983 1680 1136 1723 Kapitez
1166 1691 1234 1714 aus
1268 1679 1375 1714 Gatos
1410 1679 1506 1724 Oriy.
1535 1679 1782 1714 lsVoehenschr.
1809 1679 1836 1720 f.

303 1734 410 1768 Mass.
438 1734 567 1768 thssloz.
605 1736 694 1768 1886
728 1744 758 1766 6.
792 1736 991 1767 886—891.
1025 1736 1223 1767 916—925.
1280 1733 1368 1767 Cato
1400 1744 1436 1766 u.
1463 1733 1590 1777 Polyb.
1623 1732 1712 1766 ibid.
1747 1735 1838 1766 1888

306 1798 335 1821 c.
359 1788 574 1830 373-381),
602 1785 665 1830 qui
686 1786 911 1830 quibusdam
939 1786 1168 1831 argumentis
1190 1785 1327 1820 additis
1348 1785 1461 1820 etiam
1480 1785 1627 1829 Polybii
1647 1797 1676 1819 c.
1700 1788 1837 1819 14—17

305 1839 354 1873 ad
380 1850 442 1873 eas
468 1839 615 1873 rettulit
641 1841 678 1873 et
699 1840 921 1873 sententiam
943 1850 1048 1873 suam
1069 1841 1198 1873 contra
1218 1839 1259 1873 Β.
1274 1838 1442 1873 Ν166111111
1463 1839 1592 1882 (Goett.
1613 1840 1675 1883 (tel.
1698 1839 1838 1873 Naehr.

308 1896 397 1927 1887
430 1904 465 1937 p.
493 1894 575 1937 828)
610 1892 810 1927 defendere
842 1894 997 1927 conatus
1031 1894 1104 1935 est,
1143 1893 1207 1926 sed
1245 1903 1291 1926 116
1330 1892 1381 1926 616
1416 1892 1566 1936 quidem
1597 1892 1655 1926 Fr.
1681 1892 1838 1927 Reussio

305 1945 452 1990 (Philol.
474 1949 529 1988 60,
556 1957 591 1990 p.
614 1948 695 1990 126)
728 1946 922 1990 persuasit.
968 1946 1048 1990 ipse
1080 1945 1199 1980 multa
1232 1945 1279 1981 ab
1311 1945 1385 1979 illis
1417 1946 1506 1979 uiris
1539 1945 1657 1980 doctis
1690 1945 1838 1990 prolata

306 2010 385 2034 esse
418 1999 598 2043 concedo,
636 2010 732 2043 quae
765 2011 889 2033 eorum
924 1999 1091 2043 opinioni
1122 1999 1291 2041 faueant,
1331 2009 1624 2042 consensumque
1650 1999 1838 2043 quendam

305 2052 465 2087 maxime
487 2053 532 2087 de
554 2052 746 2086 Gallorum
771 2052 935 2086 moribus
962 2053 1061 2096 apud
1086 2054 1286 2096 utrumque
1305 2053 1404 2086 recte
1426 2052 1726 2087 animaduersum
1747 2062 1838 2094 esse,

306 2117 425 2149 neque
460 2117 519 2140 me
553 2105 647 2139 illud
683 2105 840 2140 offendit
876 2106 1052 2140 Catonem
1091 2117 1272 2150 nusquam
1309 2117 1330 2140 a
1364 2105 1520 2149 Polybio
1556 2105 1712 2140 citatum
1746 2116 1837 2148 esse,

307 2159 344 2193 id
380 2159 479 2202 quod
511 2170 577 2203 per
609 2170 646 2193 se
678 2158 773 2193 leuis
807 2159 986 2193 momenti
1018 2161 1090 2202 est,
1127 2161 1207 2193 tum
1239 2170 1326 2193 uero
1352 2158 1463 2193 facile
1495 2159 1717 2203 explicatur-3
1749 2170 1833 2193 nam

307 2212 482 2255 Polybius
507 2212 666 2246 materia
699 2212 857 2247 collecta
889 2214 926 2247 et
958 2213 1139 2247 rationem
1173 2212 1292 2257 operis
1325 2212 1382 2246 sui
1407 2212 1481 2246 iam
1512 2212 1775 2257 designa-uerat
1800 2213 1838 2246 et

306 2265 493 2300 scribendi
518 2266 666 2300 initium
692 2265 848 2308 fecerat,
881 2277 965 2300 eum
990 2265 1211 2310 posteriores
1239 2265 1388 2300 Catonis
1415 2265 1499 2299 libri
1524 2266 1689 2300 nondum
1714 2264 1839 2310 publi-

307 2319 383 2353 cati
404 2321 533 2354 essent
578 2320 617 2353 at
637 2330 681 2354 ea
703 2319 747 2354 de
769 2330 881 2354 631163
901 2319 1080 2354 iudicium
1099 2330 1223 2353 meum
1242 2319 1411 2363 fluctuat,
1436 2320 1538 2363 quod
1557 2321 1703 2364 praeter
1723 2331 1838 2353 unum

307 2373 430 2407 locum
455 2372 631 2417 Polybius
663 2373 701 2406 in
733 2372 811 2407 sola
838 2375 972 2417 quarta
1005 2373 1143 2408 decade
1170 2373 1320 2407 Catonis
1353 2373 1579 2407 mentionem
1604 2372 1694 2407 feeit
1719 2383 1839 2416 neque

306 2436 402 2469 quae
433 2426 529 2459 ratio
562 2426 659 2460 inter
690 2437 773 2460 eum
802 2426 1063 2470 Corneliosque
1090 2426 1299 2470 Scipiones,
1339 2438 1420 2460 cum
1452 2426 1516 2460 ille
1547 2425 1586 2459 in
1617 2425 1721 2460 libris
1754 2436 1840 2460 con-

307 2479 511 2513 scribendis
547 2482 771 2521 uersaretur,
806 2479 1060 2516 intercesserit
1094 2479 1184 2513 satis
1223 2480 1385 2522 constat3
1422 2478 1701 2513 inimicitiarum
1737 2479 1838 2523 apud

308 2532 518 2566 Cornelium
550 2532 733 2576 Nepotem
768 2532 859 2577 (Cat.
883 2536 914 2576 3,
937 2537 975 2575 2,
1007 2533 1083 2567 uid.
1103 2532 1319 2577 Nipperdey
1347 2544 1378 2567 a.
1399 2532 1434 2567 h.
1455 2531 1492 2575 1.)
1526 2534 1563 2566 61
1594 2531 1837 2566 Plutarchum

308 2584 400 2629 (Cat.
419 2589 451 2619 2.
468 2589 523 2619 11.
540 2589 593 2619 16.
612 2589 665 2620 18.
681 2588 740 2629 27)
760 2586 975 2621 testimonia
995 2587 1153 2628 exstant,
1169 2586 1232 2630 qui
1252 2586 1419 2630 pluribus
1440 2596 1502 2620 eas
1523 2595 1544 2618 3
1561 2585 1668 2619 Fabii
1688 2585 1839 2619 Maximi

307 2638 553 2672 admiratione
584 2639 753 2683 repetiit3
787 2639 832 2686 de
859 2639 1057 2673 Fabiorum
1091 2641 1215 2673 autern
1249 2641 1286 2673 et
1312 2638 1561 2673 Corneliorum
1588 2638 1838 2673 aemulatione

308 2691 393 2725 uide
420 2703 447 2726 6.
467 2703 502 2735 p.
524 2704 609 2725 xmx
623 2703 674 2735 sq.

403 2746 438 2788 2)
465 2744 600 2778 Fateor
625 2747 749 2779 tamen
773 2745 866 2780 haec
887 2745 1004 2780 Cassii
1023 2745 1137 2780 uerba
1158 2745 1405 2790 suspicionem
1425 2744 1562 2780 habere
1583 2747 1696 2789 atque
1716 2755 1838 2780 errore

306 2797 367 2831 uel
393 2797 590 2841 Prisciani,
623 2799 688 2842 qui
712 2798 805 2833 haec
832 2799 982 2833 Catonis
1011 2800 1047 2833 et
1074 2798 1190 2833 Cassii
1214 2798 1423 2844 fragmenta
1448 2799 1606 2842 utroque
1631 2798 1728 2840 loco,
1765 2809 1838 2842 quo

308 2852 458 2895 propter
483 2850 639 2895 perfecti
665 2851 822 2886 somnam
850 2852 1025 2887 demessui
1050 2852 1218 2896 exempla
1245 2851 1383 2896 attulit,
1411 2851 1585 2886 continua
1610 2851 1745 2896 posuit,
1770 2851 1839 2897 *uel
