2002 3342
1 2797 17 3064 l

705 207 744 248 Q.
772 207 941 242 FABIVS
968 207 1141 242 PICTOR
1492 224 1684 254 Lxxxvn

152 316 199 357 3¹³
222 314 362 372 (unum
385 319 515 357 Seruii
536 314 614 372 fin).
649 319 694 356 fr.
713 314 810 371 12¹)
832 318 871 355 in
892 317 965 356 hoc
986 330 1151 357 numero
1174 324 1327 357 exstare
1349 319 1557 370 uoluimus,
1580 321 1682 371 quod

151 384 199 423 ad
227 384 396 435 aliquem
424 383 587 422 Fabium
615 382 822 422 reserenda
850 388 978 433 erant,
1006 389 1045 421 et
1070 389 1114 422 ut
1140 383 1237 421 nihil
1264 396 1334 434 pro
1362 383 1510 422 Latinis
1537 386 1683 424 annali-

150 449 224 488 bus
258 448 438 499 saciebat,
463 446 527 487 'ita
554 448 651 487 nihil
677 447 933 499 impediebat,
971 449 1180 498 quominus
1214 447 1374 487 Graecis
1409 448 1683 489 tribueremus,

151 515 341 553 asterisco
371 519 500 552 tamen
527 513 623 552 haec
651 513 913 551 distinximus.

244 578 320 617 Sed
346 584 390 617 ut
416 578 640 629 redeamuS,
673 577 776 617 unde
805 577 1066 627 deuertimus,
1097 576 1305 628 Dionysius
1333 574 1389 631 (1,
1419 576 1485 629 79,
1506 575 1552 632 4>
1582 580 1683 617 hunc

151 643 345 682 Fabium
375 649 566 682 secutos
593 655 697 682 esse
725 644 764 680 in
790 641 947 680 Romuli
971 641 1162 693 Remique
1190 641 1308 681 rebus
1334 655 1459 693 usque
1481 643 1528 682 ad
1550 643 1684 682 Numi-

151 709 247 747 toris
281 709 591 759 recognitionem
618 707 841 758 Amuliique
875 706 1034 745 caedem
1063 703 1114 760 (c.
1137 703 1211 759 83)
1246 707 1476 746 enarrandis
1509 708 1548 746 L.
1578 709 1683 747 Cin·

149 774 289 823 cium,
323 772 539 812 Porcium
573 772 813 823 Catonem,
847 771 1157 823 Calpurnium
1190 771 1426 822 Pisonem,
1459 778 1681 813 ceterorum

149 839 387 889 scriptorum
421 839 609 876 maiorem
644 843 794 889 partem
822 838 1084 876 existumauit.
1137 842 1175 875 at
1202 836 1248 875 de
1276 836 1410 875 Cincio
1438 837 1596 888 quidem
1624 845 1683 878 est

147 915 220 941 cur
245 903 503 942 uehementer
531 902 772 953 dubitemus,
809 915 898 941 cum
925 901 1043 940 Fabio
1077 902 1251 953 aequalis
1286 902 1421 953 suerit,
1462 902 1507 941 de
1541 906 1683 943 ceteris

147 968 338 1007 iudicium
365 974 471 1007 certe
499 968 724 1019 ambiguum
761 973 838 1020 est3
878 980 967 1006 nam
1003 967 1204 1018 popularis
1237 968 1357 1017 sama,
1390 980 1507 1018 quam
1540 968 1683 1008 Fabius

147 1033 395 1084 uulgauerat,
429 1046 518 1072 cum
546 1034 630 1071 eius
657 1034 817 1072 nomine
843 1034 956 1084 quasi
983 1033 1198 1083 coaluerat,
1234 1038 1277 1071 ut
1304 1032 1442 1071 Graeci
1470 1035 1682 1085 scriptores

147 1110 233 1136 eam
260 1098 366 1137 illius
393 1098 540 1137 celebri
567 1100 799 1137 auctoritate
830 1098 1064 1136 confirmare
1097 1098 1202 1136 soliti
1235 1099 1325 1136 sint.
1376 1099 1507 1149 itaque
1540 1112 1559 1137 a
1593 1113 1682 1150 pro-

145 1162 346 1202 babilitate
368 1175 445 1202 non
467 1163 651 1202 abhorret
671 1165 748 1202 iam
768 1163 1009 1214 Dionysium,
1036 1176 1126 1202 cum
1147 1176 1216 1202 sua
1244 1169 1368 1202 aetate
1395 1164 1481 1202 fieri
1509 1165 1682 1203 animad-

147 1230 352 1279 uertisset,
388 1234 431 1267 ut
457 1228 657 1279 popularis
684 1229 784 1266 fama
811 1241 882 1279 pro
908 1228 1078 1267 Fabiana
1103 1230 1277 1279 ueniret,
1314 1241 1551 1268 consensum
1579 1232 1683 1269 inter

146 1293 309 1332 Fabium
349 1306 493 1345 eosque
532 1294 763 1344 scriptores,
796 1294 864 1344 qui
897 1294 933 1332 ei
966 1300 1257 1345 successerant,
1292 1306 1337 1332 ex
1372 1294 1477 1333 illius
1511 1307 1585 1334 usu
1621 1308 1680 1334 re-

145 1360 348 1409 petiuisse.
363 1355 395 1411 2)

236 1423 290 1462 Ex
319 1425 376 1462 eis
404 1429 533 1462 autem
561 1425 628 1474 qui
662 1429 829 1462 aetatem
862 1423 1039 1462 tulerunt
1071 1423 1330 1475 scriptoribus
1367 1424 1552 1476 Cicero,
1591 1438 1678 1464 cum

146 1488 268 1527 libros
297 1488 343 1527 de
370 1494 523 1527 oratore
550 1494 815 1539 componeret,
842 1488 1002 1528 Latinos
1025 1494 1176 1528 tantum
1197 1489 1307 1528 Fabii
1327 1489 1493 1529 Pictoris
1521 1491 1680 1530 annales

145 1559 385 1605 cognouerat
410 1550 466 1607 (u.
489 1566 517 1592 s.
539 1566 574 1604 p.
596 1563 758 1592 LXXVII
773 1550 889 1607 sqq),
917 1559 999 1592 tum
1025 1566 1122 1592 uero
1151 1553 1286 1593 decem
1315 1556 1428 1594 annis
1454 1561 1559 1606 post,
1591 1569 1679 1595 cum

146 1619 192 1658 de
227 1619 484 1670 diuinatione,
520 1619 684 1657 fortasse
717 1619 835 1657 Attici
868 1621 983 1657 amici
1022 1619 1181 1670 studiis,
1221 1621 1288 1670 qui
1326 1621 1442 1658 etiam
1484 1620 1529 1659 de
1562 1621 1680 1660 Fabia

143 1689 260 1736 gente
281 1685 441 1735 scripsit
468 1684 566 1736 (Vol.
587 1683 619 1722 II
639 1697 676 1735 p.
692 1680 844 1736 XXIX),
872 1683 1062 1723 deductus
1086 1686 1238 1735 primus
1260 1684 1471 1724 Fabiorum
1491 1685 1679 1725 historiae

142 1750 324 1788 meminit
350 1756 388 1788 et
413 1749 474 1788 bis
501 1748 671 1788 Graecos
698 1748 856 1787 annales
884 1750 1021 1788 citauit
1047 1746 1112 1802 (fr.
1134 1747 1171 1788 3.
1198 1746 1338 1803 15).³).

140 1854 222 1887 tens
247 1852 287 1886 in
313 1852 556 1886 adnotatione
581 1851 714 1886 Isidori
734 1851 884 1886 Areual.
906 1852 955 1885 III
973 1864 1008 1897 p.
1026 1856 1092 1886 566
1121 1855 1178 1897 (=
1201 1851 1289 1886 Otto
1310 1865 1345 1897 p.
1364 1856 1455 1897 143).
1482 1853 1677 1888 inuenerat

142 1906 268 1939 autem
287 1905 470 1939 Areualus
496 1904 535 1938 in
554 1904 688 1939 Isidori
715 1905 903 1939 codicibus
930 1905 1109 1940 ecclesiae
1137 1905 1340 1941 Toletanae
1367 1906 1581 1942 charactere
1607 1907 1679 1942 Go-

141 1959 215 1993 tico
243 1959 422 2000 exaratis,
455 1968 576 2002 neque
608 1960 734 1992 tamen
762 1958 801 1992 in
828 1959 1042 1993 contextum
1068 1959 1199 1993 isidori
1226 1959 1384 2004 recepit,
1418 1971 1502 1994 cum
1529 1960 1677 1995 omnino

140 2010 236 2044 nihil
262 2011 503 2045 cohaererent
529 2023 612 2046 cum
638 2011 772 2045 Isidori
797 2011 995 2046 uerborum
1021 2013 1218 2055 sententia,
1247 2012 1468 2056 quibuscum
1495 2014 1678 2048 consarci-

140 2066 231 2098 nata
256 2065 379 2098 erant:
413 2064 617 2109 satyriasis
648 2066 731 2110 iaye
763 2065 979 2100 desiderium
1010 2066 1156 2100 Veneris
1181 2077 1260 2100 cum
1287 2068 1492 2101 extensione
1522 2072 1676 2102 natura-

142 2117 229 2151 lium
259 2118 434 2152 Iocorum:
466 2118 564 2154 dicta
584 2119 711 2162 passio
737 2130 760 2152 a
785 2120 931 2163 satyris.
970 2121 1077 2163 patet
1103 2119 1219 2163 igitur
1245 2130 1332 2153 casu
1359 2119 1521 2164 quodam
1547 2120 1586 2154 in
1612 2131 1677 2154 ua-

141 2182 251 2205 cuum
278 2171 500 2215 exemplaris
527 2170 683 2205 alicuius
710 2172 896 2217 originum
922 2172 1129 2217 marginem
1157 2184 1200 2206 ea
1222 2184 1300 2207 esse
1322 2172 1446 2207 delata
1472 2176 1509 2207 et
1534 2176 1676 2218 postea,

140 2226 183 2258 ut
210 2223 287 2258 fieri
314 2223 470 2266 adsolet,
496 2223 535 2257 in
560 2224 661 2267 ipsas
682 2225 843 2269 origines
869 2225 1024 2259 intrusa.
1060 2236 1180 2269 neque
1200 2227 1327 2261 tamen
1346 2226 1431 2261 ideo
1453 2227 1675 2262 auctoritate

138 2279 278 2312 carent.
318 2288 414 2321 quae
442 2277 541 2312 enim
561 2288 605 2312 ex
625 2278 836 2313 Alexandro
858 2278 1090 2323 Polyhistore
1111 2281 1286 2323 excerpta
1312 2279 1390 2314 illic
1409 2279 1557 2324 prolata
1578 2282 1675 2318 sunt,

138 2330 194 2364 ita
221 2331 448 2365 conueniunt
474 2341 557 2364 cum
584 2331 662 2365 eius
689 2331 833 2366 ratione
861 2336 898 2367 et
925 2332 1091 2374 consilio,
1119 2343 1191 2376 quo
1214 2343 1272 2367 res
1294 2332 1455 2368 Graecas
1483 2335 1520 2367 et
1539 2334 1676 2368 Roma-

138 2395 204 2417 nas
232 2384 443 2418 consociare
471 2384 663 2426 studebat,
691 2388 733 2419 ut
759 2396 802 2418 ex
829 2386 983 2429 antiquo
1010 2385 1136 2429 aliquo
1163 2385 1266 2420 fonte
1292 2386 1359 2420 illa
1384 2386 1500 2420 uerba
1526 2386 1674 2421 fluxisse

139 2437 380 2471 statuendum
401 2437 460 2471 sit.
500 2439 663 2472 ceterum
687 2449 782 2482 quae
803 2438 847 2473 de
868 2449 906 2473 re
927 2438 1100 2483 indagari
1120 2440 1306 2483 poterant,
1333 2439 1527 2483 proposuit
1547 2440 1675 2484 Haupt

138 2489 163 2524 1.
190 2502 217 2524 s.

235 2545 267 2586 1)
293 2543 403 2588 Apud
423 2543 631 2579 Arnobium
658 2544 823 2579 omnium
851 2547 1045 2580 auctorum
1071 2545 1135 2590 qui
1162 2545 1382 2580 adferuntur
1408 2546 1497 2580 ordo
1525 2546 1673 2580 omnino

136 2597 378 2641 perturbatus
405 2599 472 2631 est.

232 2652 265 2693 2)
292 2650 378 2685 Vid.
405 2650 574 2684 libellum
601 2662 725 2685 meum
761 2651 831 2686 ‘De
858 2651 999 2697 origine
1026 2651 1145 2696 gentis
1172 2652 1376 2686 Romanae’
1406 2653 1512 2697 (LpZ.
1538 2652 1616 2687 Ges.
1638 2653 1671 2686 d.

146 2703 252 2738 Wiss.
273 2705 440 2739 Berichte
453 2703 566 2738 LXVI
582 2717 616 2749 p.
631 2708 673 2738 95
684 2707 762 2748 sq.).
779 2726 822 2730 ——-
837 2705 891 2739 De
906 2705 1053 2749 Polybii
1071 2717 1141 2739 usu
1156 2705 1262 2739 Fabii
1282 2705 1357 2740 uid.
1372 2705 1469 2739 infra
1484 2718 1519 2749 p.
1532 2718 1604 2739 xcn
1617 2717 1670 2749 sq.

139 2755 304 2791 Coelium
332 2757 376 2791 de
402 2756 532 2801 primis
558 2757 649 2792 belli
673 2758 914 2792 Hannibalici
946 2758 1052 2792 annis
1080 2758 1236 2792 Fabium
1264 2760 1430 2793 secutum
1458 2769 1536 2792 esse
1563 2759 1671 2799 infra,

138 2809 203 2843 ubi
229 2809 273 2844 de
299 2809 364 2844 illo
392 2820 556 2855 agemus,
583 2821 819 2855 exponemus,

235 2864 269 2908 3)
296 2862 412 2897 Seeck
427 2864 705 2907 Kalendertafel
724 2877 758 2909 p.
776 2868 842 2899 106
863 2877 951 2899 num
972 2876 1033 2899 eos
1054 2865 1092 2898 in
1112 2865 1284 2899 manibus
1304 2865 1488 2906 habuerit,
1510 2864 1668 2898 dubitat.
