<?xml version="1.0" encoding="UTF-8"?>
<!DOCTYPE html PUBLIC "-//W3C//DTD XHTML 1.0 Transitional//EN"
    "http://www.w3.org/TR/xhtml1/DTD/xhtml1-transitional.dtd">
<html xmlns="http://www.w3.org/1999/xhtml" xml:lang="en" lang="en">
 <head>
  <title>
</title>
<meta http-equiv="Content-Type" content="text/html;charset=utf-8" />
  <meta name='ocr-system' content='tesseract 3.04.00' />
  <meta name='ocr-capabilities' content='ocr_page ocr_carea ocr_par ocr_line ocrx_word'/>
</head>
<body>
  <div class='ocr_page' id='page_1' title='image "./historicorumroma01peteuoft_0665.png"; bbox 0 0 2002 3342; ppageno 0'>
   <div class='ocr_carea' id='block_1_1' title="bbox 429 187 1677 230">
    <p class='ocr_par' dir='ltr' id='par_1_1' title="bbox 429 187 1677 230">
     <span class='ocr_line' id='line_1_1' title="bbox 429 187 1677 230; baseline 0.002 -9"><span class='ocrx_word' id='word_1_1' title='bbox 429 187 623 221; x_wconf 74' lang='lat' dir='ltr'>VALERII</span> <span class='ocrx_word' id='word_1_2' title='bbox 650 187 874 222; x_wconf 79' lang='lat' dir='ltr'>ANTIATIS</span> <span class='ocrx_word' id='word_1_3' title='bbox 910 188 1148 222; x_wconf 67' lang='lat' dir='ltr'>ANNALES.</span> <span class='ocrx_word' id='word_1_4' title='bbox 1188 188 1229 222; x_wconf 89' lang='lat' dir='ltr'>fr.</span> <span class='ocrx_word' id='word_1_5' title='bbox 1253 192 1334 222; x_wconf 85' lang='lat'>50-</span> <span class='ocrx_word' id='word_1_6' title='bbox 1349 193 1391 223; x_wconf 83' lang='lat'>55</span> <span class='ocrx_word' id='word_1_7' title='bbox 1596 189 1677 230; x_wconf 78' lang='lat'>271</span> 
     </span>
    </p>
   </div>
   <div class='ocr_carea' id='block_1_2' title="bbox 94 297 1807 1903">
    <p class='ocr_par' dir='ltr' id='par_1_2' title="bbox 94 297 1807 1409">
     <span class='ocr_line' id='line_1_2' title="bbox 153 297 1682 352; baseline 0.003 -17"><span class='ocrx_word' id='word_1_8' title='bbox 153 297 307 337; x_wconf 77' lang='lat' dir='ltr'>Valerio</span> <span class='ocrx_word' id='word_1_9' title='bbox 327 299 471 337; x_wconf 77' lang='lat' dir='ltr'>Antiati</span> <span class='ocrx_word' id='word_1_10' title='bbox 493 298 642 349; x_wconf 81' lang='lat' dir='ltr'>credas,</span> <span class='ocrx_word' id='word_1_11' title='bbox 669 311 740 337; x_wconf 82' lang='lat' dir='ltr'>nec</span> <span class='ocrx_word' id='word_1_12' title='bbox 762 298 885 337; x_wconf 81' lang='lat' dir='ltr'>classe</span> <span class='ocrx_word' id='word_1_13' title='bbox 908 299 1081 337; x_wconf 89' lang='lat' dir='ltr'>adiutum</span> <span class='ocrx_word' id='word_1_14' title='bbox 1105 299 1150 337; x_wconf 84' lang='lat' dir='ltr'>ab</span> <span class='ocrx_word' id='word_1_15' title='bbox 1173 313 1217 338; x_wconf 88' lang='lat' dir='ltr'>eo</span> <span class='ocrx_word' id='word_1_16' title='bbox 1238 307 1459 351; x_wconf 80' lang='lat' dir='ltr'>praetorem</span> <span class='ocrx_word' id='word_1_17' title='bbox 1481 298 1545 352; x_wconf 82' lang='lat' dir='ltr'>[C.</span> <span class='ocrx_word' id='word_1_18' title='bbox 1567 302 1682 340; x_wconf 82' lang='lat' dir='ltr'>Mar-</span> 
     </span>
     <span class='ocr_line' id='line_1_3' title="bbox 155 361 1683 416; baseline 0.001 -13"><span class='ocrx_word' id='word_1_19' title='bbox 155 367 260 403; x_wconf 71' lang='lat' dir='ltr'>civm</span> <span class='ocrx_word' id='word_1_20' title='bbox 283 361 491 416; x_wconf 67' lang='lat' dir='ltr'>Fe&#39;ffulum]</span> <span class='ocrx_word' id='word_1_21' title='bbox 518 376 614 414; x_wconf 75' lang='lat' dir='ltr'>esse,</span> <span class='ocrx_word' id='word_1_22' title='bbox 643 376 731 402; x_wconf 88' lang='lat' dir='ltr'>cum</span> <span class='ocrx_word' id='word_1_23' title='bbox 760 376 875 415; x_wconf 88' lang='lat' dir='ltr'>saepe</span> <span class='ocrx_word' id='word_1_24' title='bbox 903 377 990 402; x_wconf 89' lang='lat' dir='ltr'>eum</span> <span class='ocrx_word' id='word_1_25' title='bbox 1020 365 1161 403; x_wconf 81' lang='lat' dir='ltr'>litteris</span> <span class='ocrx_word' id='word_1_26' title='bbox 1188 367 1438 416; x_wconf 72' lang='lat' dir='ltr'>accersisset,</span> <span class='ocrx_word' id='word_1_27' title='bbox 1466 366 1582 404; x_wconf 92' lang='lat' dir='ltr'>tradit</span> <span class='ocrx_word' id='word_1_28' title='bbox 1610 378 1683 404; x_wconf 82' lang='lat' dir='ltr'>nec</span> 
     </span>
     <span class='ocr_line' id='line_1_4' title="bbox 154 428 1682 482; baseline 0.001 -15"><span class='ocrx_word' id='word_1_29' title='bbox 154 441 243 467; x_wconf 81' lang='lat' dir='ltr'>cum</span> <span class='ocrx_word' id='word_1_30' title='bbox 271 430 392 479; x_wconf 84' lang='lat' dir='ltr'>gratia</span> <span class='ocrx_word' id='word_1_31' title='bbox 421 428 466 467; x_wconf 86' lang='lat' dir='ltr'>ab</span> <span class='ocrx_word' id='word_1_32' title='bbox 495 429 653 467; x_wconf 86' lang='lat' dir='ltr'>consule</span> <span class='ocrx_word' id='word_1_33' title='bbox 680 429 898 480; x_wconf 77' lang='lat' dir='ltr'>profectum</span> <span class='ocrx_word' id='word_1_34' title='bbox 928 431 967 467; x_wconf 88' lang='lat' dir='ltr'>in</span> <span class='ocrx_word' id='word_1_35' title='bbox 989 431 1130 479; x_wconf 70' lang='lat' dir='ltr'>Asiam,</span> <span class='ocrx_word' id='word_1_36' title='bbox 1160 430 1415 481; x_wconf 78' lang='lat' dir='ltr'>indignatum⁷</span> <span class='ocrx_word' id='word_1_37' title='bbox 1442 431 1543 482; x_wconf 80' lang='lat' dir='ltr'>quod</span> <span class='ocrx_word' id='word_1_38' title='bbox 1568 438 1611 469; x_wconf 88' lang='lat' dir='ltr'>ut</span> <span class='ocrx_word' id='word_1_39' title='bbox 1631 432 1682 469; x_wconf 88' lang='lat' dir='ltr'>is-</span> 
     </span>
     <span class='ocr_line' id='line_1_5' title="bbox 151 493 1681 547; baseline 0.002 -16"><span class='ocrx_word' id='word_1_40' title='bbox 151 493 238 532; x_wconf 90' lang='lat' dir='ltr'>dem</span> <span class='ocrx_word' id='word_1_41' title='bbox 273 496 410 533; x_wconf 85' lang='lat' dir='ltr'>castris</span> <span class='ocrx_word' id='word_1_42' title='bbox 445 493 622 532; x_wconf 76' lang='lat' dir='ltr'>tenderet</span> <span class='ocrx_word' id='word_1_43' title='bbox 656 495 892 544; x_wconf 84' lang='lat' dir='ltr'>permissum</span> <span class='ocrx_word' id='word_1_44' title='bbox 921 507 997 532; x_wconf 89' lang='lat' dir='ltr'>non</span> <span class='ocrx_word' id='word_1_45' title='bbox 1026 494 1162 546; x_wconf 83' lang='lat' dir='ltr'>suerit3</span> <span class='ocrx_word' id='word_1_46' title='bbox 1199 507 1246 533; x_wconf 88' lang='lat' dir='ltr'>ne</span> <span class='ocrx_word' id='word_1_47' title='bbox 1273 502 1315 533; x_wconf 57' lang='lat' dir='ltr'>ut,</span> <span class='ocrx_word' id='word_1_48' title='bbox 1342 497 1495 546; x_wconf 81' lang='lat' dir='ltr'>equites</span> <span class='ocrx_word' id='word_1_49' title='bbox 1522 495 1681 547; x_wconf 82' lang='lat' dir='ltr'>quidem</span> 
     </span>
     <span class='ocr_line' id='line_1_6' title="bbox 116 558 1682 612; baseline 0.002 -15"><span class='ocrx_word' id='word_1_50' title='bbox 116 573 130 597; x_wconf 85' lang='lat'>5</span> <span class='ocrx_word' id='word_1_51' title='bbox 155 558 296 609; x_wconf 74' lang='lat' dir='ltr'>Gallos,</span> <span class='ocrx_word' id='word_1_52' title='bbox 324 572 420 610; x_wconf 89' lang='lat' dir='ltr'>quos</span> <span class='ocrx_word' id='word_1_53' title='bbox 441 571 574 597; x_wconf 87' lang='lat' dir='ltr'>secum</span> <span class='ocrx_word' id='word_1_54' title='bbox 597 558 823 608; x_wconf 67' lang='lat' dir='ltr'>adduxerat,</span> <span class='ocrx_word' id='word_1_55' title='bbox 851 558 1104 609; x_wconf 77' lang='lat' dir='ltr'>relinqueret,</span> <span class='ocrx_word' id='word_1_56' title='bbox 1131 561 1333 610; x_wconf 84' lang='lat' dir='ltr'>impetrari</span> <span class='ocrx_word' id='word_1_57' title='bbox 1355 560 1401 598; x_wconf 85' lang='lat' dir='ltr'>ab</span> <span class='ocrx_word' id='word_1_58' title='bbox 1424 573 1468 599; x_wconf 90' lang='lat' dir='ltr'>eo</span> <span class='ocrx_word' id='word_1_59' title='bbox 1496 563 1682 612; x_wconf 88' lang='lat' dir='ltr'>potuisse.</span> 
     </span>
     <span class='ocr_line' id='line_1_7' title="bbox 152 623 1681 675; baseline 0.001 -13"><span class='ocrx_word' id='word_1_60' title='bbox 152 624 320 663; x_wconf 78' lang='lat' dir='ltr'>Attalum</span> <span class='ocrx_word' id='word_1_61' title='bbox 356 625 516 663; x_wconf 84' lang='lat' dir='ltr'>fratrem</span> <span class='ocrx_word' id='word_1_62' title='bbox 554 625 638 662; x_wconf 88' lang='lat' dir='ltr'>eius</span> <span class='ocrx_word' id='word_1_63' title='bbox 675 630 713 662; x_wconf 86' lang='lat' dir='ltr'>et</span> <span class='ocrx_word' id='word_1_64' title='bbox 750 625 987 662; x_wconf 72' lang='lat' dir='ltr'>remansisse</span> <span class='ocrx_word' id='word_1_65' title='bbox 1024 623 1125 675; x_wconf 87' lang='lat' dir='ltr'>apud</span> <span class='ocrx_word' id='word_1_66' title='bbox 1162 625 1380 675; x_wconf 81' lang='lat' dir='ltr'>consulem,</span> <span class='ocrx_word' id='word_1_67' title='bbox 1417 631 1455 663; x_wconf 63' lang='lat' dir='ltr'>et,</span> <span class='ocrx_word' id='word_1_68' title='bbox 1488 627 1681 664; x_wconf 76' lang='lat' dir='ltr'>sinceram</span> 
     </span>
     <span class='ocr_line' id='line_1_8' title="bbox 153 688 1682 743; baseline 0.001 -15"><span class='ocrx_word' id='word_1_69' title='bbox 153 691 237 728; x_wconf 84' lang='lat' dir='ltr'>eius</span> <span class='ocrx_word' id='word_1_70' title='bbox 272 689 387 728; x_wconf 83' lang='lat' dir='ltr'>fidem</span> <span class='ocrx_word' id='word_1_71' title='bbox 421 688 572 740; x_wconf 87' lang='lat' dir='ltr'>aequali</span> <span class='ocrx_word' id='word_1_72' title='bbox 607 694 743 727; x_wconf 89' lang='lat' dir='ltr'>tenore</span> <span class='ocrx_word' id='word_1_73' title='bbox 777 690 1054 740; x_wconf 76' lang='lat' dir='ltr'>egregiamque</span> <span class='ocrx_word' id='word_1_74' title='bbox 1087 702 1245 740; x_wconf 82' lang='lat' dir='ltr'>operam</span> <span class='ocrx_word' id='word_1_75' title='bbox 1279 691 1318 728; x_wconf 92' lang='lat' dir='ltr'>in</span> <span class='ocrx_word' id='word_1_76' title='bbox 1352 702 1396 728; x_wconf 91' lang='lat' dir='ltr'>eo</span> <span class='ocrx_word' id='word_1_77' title='bbox 1429 690 1531 729; x_wconf 88' lang='lat' dir='ltr'>bello</span> <span class='ocrx_word' id='word_1_78' title='bbox 1563 688 1682 743; x_wconf 82' lang='lat' dir='ltr'>[Per-</span> 
     </span>
     <span class='ocr_line' id='line_1_9' title="bbox 145 752 1806 817; baseline 0 -23"><span class='ocrx_word' id='word_1_79' title='bbox 145 752 253 807; x_wconf 80' lang='lat' dir='ltr'>sico]</span> <span class='ocrx_word' id='word_1_80' title='bbox 279 755 412 793; x_wconf 78' lang='lat' dir='ltr'>tuisse.</span> <span class='ocrx_word' id='word_1_81' title='bbox 1736 785 1806 817; x_wconf 78' lang='lat'>167</span> 
     </span>
     <span class='ocr_line' id='line_1_10' title="bbox 240 816 1807 876; baseline 0.001 -18"><span class='ocrx_word' id='word_1_82' title='bbox 240 816 317 859; x_wconf 83' lang='lat'>53.</span> <span class='ocrx_word' id='word_1_83' title='bbox 351 819 650 867; x_wconf 61' lang='lat' dir='ltr'>L521.45,40‚1.</span> <span class='ocrx_word' id='word_1_84' title='bbox 684 818 884 857; x_wconf 85' lang='lat' dir='ltr'>Summam</span> <span class='ocrx_word' id='word_1_85' title='bbox 901 821 1028 858; x_wconf 83' lang='lat' dir='ltr'>omnis</span> <span class='ocrx_word' id='word_1_86' title='bbox 1044 821 1189 870; x_wconf 84' lang='lat' dir='ltr'>captiui</span> <span class='ocrx_word' id='word_1_87' title='bbox 1211 821 1540 872; x_wconf 85' lang='lat' dir='ltr'>auriargentique</span> <span class='ocrx_word' id='word_1_88' title='bbox 1556 827 1683 860; x_wconf 89' lang='lat' dir='ltr'>trans·</span> <span class='ocrx_word' id='word_1_89' title='bbox 1735 834 1807 876; x_wconf 53' lang='lat'>535</span> 
     </span>
     <span class='ocr_line' id='line_1_11' title="bbox 94 881 1683 936; baseline -0.001 -11"><span class='ocrx_word' id='word_1_90' title='bbox 94 901 128 925; x_wconf 87' lang='lat'>10</span> <span class='ocrx_word' id='word_1_91' title='bbox 153 884 220 923; x_wconf 85' lang='lat' dir='ltr'>lati</span> <span class='ocrx_word' id='word_1_92' title='bbox 246 882 468 936; x_wconf 71' lang='lat' dir='ltr'>[triumpho</span> <span class='ocrx_word' id='word_1_93' title='bbox 491 881 679 936; x_wconf 77' lang='lat' dir='ltr'>Persico]</span> <span class='ocrx_word' id='word_1_94' title='bbox 704 882 988 935; x_wconf 73' lang='lat' dir='ltr'>&lt;sestertium&gt;</span> <span class='ocrx_word' id='word_1_95' title='bbox 1013 884 1183 923; x_wconf 83' lang='lat' dir='ltr'>milliens</span> <span class='ocrx_word' id='word_1_96' title='bbox 1213 885 1443 924; x_wconf 81' lang='lat' dir='ltr'>ducentiens</span> <span class='ocrx_word' id='word_1_97' title='bbox 1472 886 1592 925; x_wconf 85' lang='lat' dir='ltr'>fuisse</span> <span class='ocrx_word' id='word_1_98' title='bbox 1613 887 1683 924; x_wconf 73' lang='lat' dir='ltr'>Va-</span> 
     </span>
     <span class='ocr_line' id='line_1_12' title="bbox 151 949 1684 1001; baseline 0.002 -14"><span class='ocrx_word' id='word_1_99' title='bbox 151 949 273 989; x_wconf 86' lang='lat' dir='ltr'>lerius</span> <span class='ocrx_word' id='word_1_100' title='bbox 308 951 442 988; x_wconf 79' lang='lat' dir='ltr'>Antias</span> <span class='ocrx_word' id='word_1_101' title='bbox 481 949 616 1000; x_wconf 83' lang='lat' dir='ltr'>tradit,</span> <span class='ocrx_word' id='word_1_102' title='bbox 657 962 729 1000; x_wconf 87' lang='lat' dir='ltr'>qua</span> <span class='ocrx_word' id='word_1_103' title='bbox 768 950 861 988; x_wconf 84' lang='lat' dir='ltr'>haut</span> <span class='ocrx_word' id='word_1_104' title='bbox 901 949 1017 988; x_wconf 88' lang='lat' dir='ltr'>dubie</span> <span class='ocrx_word' id='word_1_105' title='bbox 1055 951 1181 988; x_wconf 86' lang='lat' dir='ltr'>maior</span> <span class='ocrx_word' id='word_1_106' title='bbox 1216 951 1413 1001; x_wconf 83' lang='lat' dir='ltr'>aliquanto</span> <span class='ocrx_word' id='word_1_107' title='bbox 1451 964 1602 990; x_wconf 90' lang='lat' dir='ltr'>summa</span> <span class='ocrx_word' id='word_1_108' title='bbox 1638 964 1684 990; x_wconf 83' lang='lat' dir='ltr'>ex</span> 
     </span>
     <span class='ocr_line' id='line_1_13' title="bbox 151 1014 1685 1068; baseline 0.001 -14"><span class='ocrx_word' id='word_1_109' title='bbox 151 1028 315 1054; x_wconf 89' lang='lat' dir='ltr'>numero</span> <span class='ocrx_word' id='word_1_110' title='bbox 349 1015 614 1066; x_wconf 87' lang='lat' dir='ltr'>plaustrorum</span> <span class='ocrx_word' id='word_1_111' title='bbox 643 1014 963 1066; x_wconf 80' lang='lat' dir='ltr'>ponderibusque</span> <span class='ocrx_word' id='word_1_112' title='bbox 991 1016 1074 1053; x_wconf 87' lang='lat' dir='ltr'>auri</span> <span class='ocrx_word' id='word_1_113' title='bbox 1103 1017 1255 1066; x_wconf 81' lang='lat' dir='ltr'>argenti</span> <span class='ocrx_word' id='word_1_114' title='bbox 1281 1017 1498 1066; x_wconf 79' lang='lat' dir='ltr'>generatim</span> <span class='ocrx_word' id='word_1_115' title='bbox 1526 1016 1572 1055; x_wconf 87' lang='lat' dir='ltr'>ab</span> <span class='ocrx_word' id='word_1_116' title='bbox 1600 1019 1685 1068; x_wconf 88' lang='lat' dir='ltr'>ipso</span> 
     </span>
     <span class='ocr_line' id='line_1_14' title="bbox 152 1079 1685 1132; baseline 0.001 -13"><span class='ocrx_word' id='word_1_117' title='bbox 152 1082 311 1131; x_wconf 84' lang='lat' dir='ltr'>scriptis</span> <span class='ocrx_word' id='word_1_118' title='bbox 338 1080 520 1119; x_wconf 85' lang='lat' dir='ltr'>efficitur.</span> <span class='ocrx_word' id='word_1_119' title='bbox 560 1079 726 1119; x_wconf 88' lang='lat' dir='ltr'>alterum</span> <span class='ocrx_word' id='word_1_120' title='bbox 753 1086 904 1119; x_wconf 86' lang='lat' dir='ltr'>tantum</span> <span class='ocrx_word' id='word_1_121' title='bbox 927 1086 991 1119; x_wconf 87' lang='lat' dir='ltr'>aut</span> <span class='ocrx_word' id='word_1_122' title='bbox 1018 1081 1057 1118; x_wconf 93' lang='lat' dir='ltr'>in</span> <span class='ocrx_word' id='word_1_123' title='bbox 1078 1080 1224 1119; x_wconf 91' lang='lat' dir='ltr'>bellum</span> <span class='ocrx_word' id='word_1_124' title='bbox 1245 1093 1481 1132; x_wconf 80' lang='lat' dir='ltr'>proxumum</span> <span class='ocrx_word' id='word_1_125' title='bbox 1503 1081 1685 1132; x_wconf 85' lang='lat' dir='ltr'>absump-</span> 
     </span>
     <span class='ocr_line' id='line_1_15' title="bbox 156 1145 1685 1197; baseline 0.001 -13"><span class='ocrx_word' id='word_1_126' title='bbox 156 1152 236 1185; x_wconf 88' lang='lat' dir='ltr'>tum</span> <span class='ocrx_word' id='word_1_127' title='bbox 259 1151 323 1184; x_wconf 81' lang='lat' dir='ltr'>aut</span> <span class='ocrx_word' id='word_1_128' title='bbox 344 1147 383 1184; x_wconf 91' lang='lat' dir='ltr'>in</span> <span class='ocrx_word' id='word_1_129' title='bbox 406 1146 506 1196; x_wconf 76' lang='lat' dir='ltr'>suga,</span> <span class='ocrx_word' id='word_1_130' title='bbox 528 1158 616 1184; x_wconf 87' lang='lat' dir='ltr'>cum</span> <span class='ocrx_word' id='word_1_131' title='bbox 632 1145 911 1184; x_wconf 82' lang='lat' dir='ltr'>Samothracen</span> <span class='ocrx_word' id='word_1_132' title='bbox 932 1151 1096 1196; x_wconf 78' lang='lat' dir='ltr'>peteret,</span> <span class='ocrx_word' id='word_1_133' title='bbox 1118 1145 1350 1197; x_wconf 85' lang='lat' dir='ltr'>dissipatum</span> <span class='ocrx_word' id='word_1_134' title='bbox 1370 1146 1539 1197; x_wconf 77' lang='lat' dir='ltr'>tradunt,</span> <span class='ocrx_word' id='word_1_135' title='bbox 1562 1159 1685 1197; x_wconf 84' lang='lat' dir='ltr'>eoque</span> 
     </span>
     <span class='ocr_line' id='line_1_16' title="bbox 103 1210 1688 1263; baseline 0 -13"><span class='ocrx_word' id='word_1_136' title='bbox 103 1226 134 1251; x_wconf 83' lang='lat'>15</span> <span class='ocrx_word' id='word_1_137' title='bbox 158 1211 196 1249; x_wconf 90' lang='lat' dir='ltr'>id</span> <span class='ocrx_word' id='word_1_138' title='bbox 223 1210 443 1249; x_wconf 86' lang='lat' dir='ltr'>mirabilius</span> <span class='ocrx_word' id='word_1_139' title='bbox 471 1217 571 1261; x_wconf 73' lang='lat' dir='ltr'>erat,</span> <span class='ocrx_word' id='word_1_140' title='bbox 604 1210 707 1262; x_wconf 86' lang='lat' dir='ltr'>quod</span> <span class='ocrx_word' id='word_1_141' title='bbox 735 1216 884 1249; x_wconf 89' lang='lat' dir='ltr'>tantum</span> <span class='ocrx_word' id='word_1_142' title='bbox 913 1212 1104 1262; x_wconf 89' lang='lat' dir='ltr'>pecuniae</span> <span class='ocrx_word' id='word_1_143' title='bbox 1136 1212 1238 1249; x_wconf 86' lang='lat' dir='ltr'>intra</span> <span class='ocrx_word' id='word_1_144' title='bbox 1267 1213 1424 1262; x_wconf 88' lang='lat' dir='ltr'>triginta</span> <span class='ocrx_word' id='word_1_145' title='bbox 1452 1224 1574 1251; x_wconf 86' lang='lat' dir='ltr'>annos</span> <span class='ocrx_word' id='word_1_146' title='bbox 1599 1218 1688 1263; x_wconf 85' lang='lat' dir='ltr'>post</span> 
     </span>
     <span class='ocr_line' id='line_1_17' title="bbox 155 1275 1686 1328; baseline 0.001 -14"><span class='ocrx_word' id='word_1_147' title='bbox 155 1276 301 1315; x_wconf 87' lang='lat' dir='ltr'>bellum</span> <span class='ocrx_word' id='word_1_148' title='bbox 327 1276 498 1327; x_wconf 89' lang='lat' dir='ltr'>Philippi</span> <span class='ocrx_word' id='word_1_149' title='bbox 526 1288 613 1314; x_wconf 89' lang='lat' dir='ltr'>cum</span> <span class='ocrx_word' id='word_1_150' title='bbox 641 1275 826 1314; x_wconf 84' lang='lat' dir='ltr'>Romanis</span> <span class='ocrx_word' id='word_1_151' title='bbox 852 1277 995 1327; x_wconf 86' lang='lat' dir='ltr'>partim</span> <span class='ocrx_word' id='word_1_152' title='bbox 1023 1288 1067 1314; x_wconf 87' lang='lat' dir='ltr'>ex</span> <span class='ocrx_word' id='word_1_153' title='bbox 1094 1277 1223 1315; x_wconf 83' lang='lat' dir='ltr'>fructu</span> <span class='ocrx_word' id='word_1_154' title='bbox 1251 1276 1516 1328; x_wconf 77' lang='lat' dir='ltr'>metallorum,</span> <span class='ocrx_word' id='word_1_155' title='bbox 1543 1279 1686 1328; x_wconf 81' lang='lat' dir='ltr'>partim</span> 
     </span>
     <span class='ocr_line' id='line_1_18' title="bbox 156 1340 1786 1409; baseline 0 -29"><span class='ocrx_word' id='word_1_156' title='bbox 156 1355 201 1380; x_wconf 86' lang='lat' dir='ltr'>ex</span> <span class='ocrx_word' id='word_1_157' title='bbox 228 1341 490 1392; x_wconf 85' lang='lat' dir='ltr'>uectigalibus</span> <span class='ocrx_word' id='word_1_158' title='bbox 518 1340 602 1379; x_wconf 91' lang='lat' dir='ltr'>aliis</span> <span class='ocrx_word' id='word_1_159' title='bbox 630 1346 903 1379; x_wconf 84' lang='lat' dir='ltr'>coaceruatum</span> <span class='ocrx_word' id='word_1_160' title='bbox 932 1341 1070 1380; x_wconf 87' lang='lat' dir='ltr'>fuerat.</span> <span class='ocrx_word' id='word_1_161' title='bbox 1717 1379 1786 1409; x_wconf 71' lang='lat'>167</span> 
     </span>
    </p>

    <p class='ocr_par' dir='ltr' id='par_1_3' title="bbox 244 1402 1785 1469">
     <span class='ocr_line' id='line_1_19' title="bbox 244 1402 1785 1469; baseline 0.001 -24"><span class='ocrx_word' id='word_1_162' title='bbox 244 1402 318 1446; x_wconf 74' lang='lat'>54.</span> <span class='ocrx_word' id='word_1_163' title='bbox 352 1407 601 1454; x_wconf 56' lang='lat' dir='ltr'>L211.45,43.</span> <span class='ocrx_word' id='word_1_164' title='bbox 617 1406 654 1444; x_wconf 46' lang='lat'>5¹.</span> <span class='ocrx_word' id='word_1_165' title='bbox 689 1406 922 1445; x_wconf 84' lang='lat' dir='ltr'>Sestertium</span> <span class='ocrx_word' id='word_1_166' title='bbox 940 1406 1170 1445; x_wconf 87' lang='lat' dir='ltr'>ducentiens</span> <span class='ocrx_word' id='word_1_167' title='bbox 1193 1420 1238 1446; x_wconf 76' lang='lat' dir='ltr'>ex</span> <span class='ocrx_word' id='word_1_168' title='bbox 1261 1420 1303 1446; x_wconf 88' lang='lat' dir='ltr'>ea</span> <span class='ocrx_word' id='word_1_169' title='bbox 1324 1407 1469 1458; x_wconf 89' lang='lat' dir='ltr'>praeda</span> <span class='ocrx_word' id='word_1_170' title='bbox 1489 1405 1688 1460; x_wconf 75' lang='lat' dir='ltr'>[Illyrica</span> <span class='ocrx_word' id='word_1_171' title='bbox 1715 1428 1785 1469; x_wconf 45' lang='lat' dir='ltr'><em>ff</em></span> 
     </span>
    </p>

    <p class='ocr_par' dir='ltr' id='par_1_4' title="bbox 103 1469 1688 1653">
     <span class='ocr_line' id='line_1_20' title="bbox 156 1469 1687 1524; baseline 0.001 -13"><span class='ocrx_word' id='word_1_172' title='bbox 156 1474 206 1516; x_wconf 79' lang='lat' dir='ltr'>ab</span> <span class='ocrx_word' id='word_1_173' title='bbox 235 1469 403 1524; x_wconf 75' lang='lat' dir='ltr'>Anicio]</span> <span class='ocrx_word' id='word_1_174' title='bbox 436 1471 637 1510; x_wconf 85' lang='lat' dir='ltr'>redactum</span> <span class='ocrx_word' id='word_1_175' title='bbox 672 1484 757 1510; x_wconf 91' lang='lat' dir='ltr'>esse</span> <span class='ocrx_word' id='word_1_176' title='bbox 791 1478 927 1510; x_wconf 83' lang='lat' dir='ltr'>auctor</span> <span class='ocrx_word' id='word_1_177' title='bbox 954 1477 1013 1510; x_wconf 83' lang='lat' dir='ltr'>est</span> <span class='ocrx_word' id='word_1_178' title='bbox 1039 1472 1173 1510; x_wconf 78' lang='lat' dir='ltr'>Antias</span> <span class='ocrx_word' id='word_1_179' title='bbox 1200 1478 1358 1523; x_wconf 89' lang='lat' dir='ltr'>praeter</span> <span class='ocrx_word' id='word_1_180' title='bbox 1384 1485 1521 1511; x_wconf 87' lang='lat' dir='ltr'>aurum</span> <span class='ocrx_word' id='word_1_181' title='bbox 1550 1485 1687 1524; x_wconf 88' lang='lat' dir='ltr'>argen-</span> 
     </span>
     <span class='ocr_line' id='line_1_21' title="bbox 103 1536 1688 1589; baseline 0.001 -13"><span class='ocrx_word' id='word_1_182' title='bbox 103 1552 137 1576; x_wconf 78' lang='lat'>20</span> <span class='ocrx_word' id='word_1_183' title='bbox 158 1543 332 1588; x_wconf 74' lang='lat' dir='ltr'>tumque,</span> <span class='ocrx_word' id='word_1_184' title='bbox 354 1536 458 1588; x_wconf 90' lang='lat' dir='ltr'>quod</span> <span class='ocrx_word' id='word_1_185' title='bbox 478 1538 517 1574; x_wconf 93' lang='lat' dir='ltr'>in</span> <span class='ocrx_word' id='word_1_186' title='bbox 540 1538 734 1575; x_wconf 83' lang='lat' dir='ltr'>aerarium</span> <span class='ocrx_word' id='word_1_187' title='bbox 757 1538 807 1575; x_wconf 86' lang='lat' dir='ltr'>sit</span> <span class='ocrx_word' id='word_1_188' title='bbox 827 1536 959 1575; x_wconf 88' lang='lat' dir='ltr'>latum.</span> <span class='ocrx_word' id='word_1_189' title='bbox 996 1537 1098 1588; x_wconf 92' lang='lat' dir='ltr'>quod</span> <span class='ocrx_word' id='word_1_190' title='bbox 1120 1539 1209 1588; x_wconf 85' lang='lat' dir='ltr'>quia</span> <span class='ocrx_word' id='word_1_191' title='bbox 1230 1537 1334 1576; x_wconf 91' lang='lat' dir='ltr'>unde</span> <span class='ocrx_word' id='word_1_192' title='bbox 1356 1537 1481 1589; x_wconf 85' lang='lat' dir='ltr'>redigi</span> <span class='ocrx_word' id='word_1_193' title='bbox 1502 1540 1688 1589; x_wconf 81' lang='lat' dir='ltr'>potuerit,</span> 
     </span>
     <span class='ocr_line' id='line_1_22' title="bbox 155 1602 1029 1653; baseline 0.001 -13"><span class='ocrx_word' id='word_1_194' title='bbox 155 1615 230 1641; x_wconf 91' lang='lat' dir='ltr'>non</span> <span class='ocrx_word' id='word_1_195' title='bbox 259 1602 482 1653; x_wconf 77' lang='lat' dir='ltr'>apparebat7</span> <span class='ocrx_word' id='word_1_196' title='bbox 509 1607 709 1640; x_wconf 85' lang='lat' dir='ltr'>auctorem</span> <span class='ocrx_word' id='word_1_197' title='bbox 736 1614 807 1653; x_wconf 90' lang='lat' dir='ltr'>pro</span> <span class='ocrx_word' id='word_1_198' title='bbox 835 1615 877 1640; x_wconf 88' lang='lat' dir='ltr'>re</span> <span class='ocrx_word' id='word_1_199' title='bbox 903 1604 1029 1653; x_wconf 92' lang='lat' dir='ltr'>posui.</span> 
     </span>
    </p>

    <p class='ocr_par' dir='ltr' id='par_1_5' title="bbox 157 1652 1790 1851">
     <span class='ocr_line' id='line_1_23' title="bbox 246 1652 1790 1720; baseline 0.002 -15"><span class='ocrx_word' id='word_1_200' title='bbox 246 1664 321 1707; x_wconf 82' lang='lat'>55.</span> <span class='ocrx_word' id='word_1_201' title='bbox 361 1668 566 1706; x_wconf 72' lang='lat' dir='ltr'>Censorm.</span> <span class='ocrx_word' id='word_1_202' title='bbox 589 1669 639 1706; x_wconf 77' lang='lat' dir='ltr'>de</span> <span class='ocrx_word' id='word_1_203' title='bbox 659 1669 695 1706; x_wconf 79' lang='lat' dir='ltr'>cl.</span> <span class='ocrx_word' id='word_1_204' title='bbox 717 1681 754 1706; x_wconf 83' lang='lat' dir='ltr'>n.</span> <span class='ocrx_word' id='word_1_205' title='bbox 771 1669 837 1716; x_wconf 83' lang='grc'>17,</span> <span class='ocrx_word' id='word_1_206' title='bbox 854 1669 920 1706; x_wconf 85' lang='lat' dir='ltr'>II.</span> <span class='ocrx_word' id='word_1_207' title='bbox 960 1667 1013 1706; x_wconf 92' lang='lat' dir='ltr'>De</span> <span class='ocrx_word' id='word_1_208' title='bbox 1035 1673 1264 1719; x_wconf 87' lang='lat' dir='ltr'>quartorum</span> <span class='ocrx_word' id='word_1_209' title='bbox 1286 1668 1466 1707; x_wconf 90' lang='lat' dir='ltr'>ludorum</span> <span class='ocrx_word' id='word_1_210' title='bbox 1487 1666 1689 1720; x_wconf 58' lang='lat' dir='ltr'>[caecula-</span> <span class='ocrx_word' id='word_1_211' title='bbox 1718 1652 1790 1703; x_wconf 41' lang='lat'>³3²3</span> 
     </span>
     <span class='ocr_line' id='line_1_24' title="bbox 157 1712 1789 1784; baseline 0.001 -12"><span class='ocrx_word' id='word_1_212' title='bbox 157 1730 285 1784; x_wconf 80' lang='lat' dir='ltr'>rium]</span> <span class='ocrx_word' id='word_1_213' title='bbox 311 1744 411 1770; x_wconf 86' lang='lat' dir='ltr'>anno</span> <span class='ocrx_word' id='word_1_214' title='bbox 440 1731 582 1783; x_wconf 82' lang='lat' dir='ltr'>triplex</span> <span class='ocrx_word' id='word_1_215' title='bbox 609 1733 741 1783; x_wconf 88' lang='lat' dir='ltr'>opinio</span> <span class='ocrx_word' id='word_1_216' title='bbox 769 1738 839 1771; x_wconf 87' lang='lat' dir='ltr'>est.</span> <span class='ocrx_word' id='word_1_217' title='bbox 877 1734 1011 1771; x_wconf 74' lang='lat' dir='ltr'>Antias</span> <span class='ocrx_word' id='word_1_218' title='bbox 1039 1735 1144 1771; x_wconf 90' lang='lat' dir='ltr'>enim</span> <span class='ocrx_word' id='word_1_219' title='bbox 1172 1739 1210 1772; x_wconf 82' lang='lat' dir='ltr'>et</span> <span class='ocrx_word' id='word_1_220' title='bbox 1230 1733 1350 1772; x_wconf 88' lang='lat' dir='ltr'>Varro</span> <span class='ocrx_word' id='word_1_221' title='bbox 1372 1740 1409 1772; x_wconf 87' lang='lat' dir='ltr'>et</span> <span class='ocrx_word' id='word_1_222' title='bbox 1432 1734 1569 1773; x_wconf 91' lang='lat' dir='ltr'>Liuius</span> <span class='ocrx_word' id='word_1_223' title='bbox 1590 1734 1688 1773; x_wconf 88' lang='lat' dir='ltr'>rela-</span> <span class='ocrx_word' id='word_1_224' title='bbox 1718 1712 1789 1743; x_wconf 69' lang='lat'>605</span> 
     </span>
     <span class='ocr_line' id='line_1_25' title="bbox 157 1797 1692 1851; baseline 0 -14"><span class='ocrx_word' id='word_1_225' title='bbox 157 1804 216 1837; x_wconf 86' lang='lat' dir='ltr'>tos</span> <span class='ocrx_word' id='word_1_226' title='bbox 237 1810 324 1837; x_wconf 86' lang='lat' dir='ltr'>esse</span> <span class='ocrx_word' id='word_1_227' title='bbox 352 1797 611 1849; x_wconf 87' lang='lat' dir='ltr'>prodiderunt</span> <span class='ocrx_word' id='word_1_228' title='bbox 632 1797 672 1836; x_wconf 89' lang='lat' dir='ltr'>L.</span> <span class='ocrx_word' id='word_1_229' title='bbox 694 1797 838 1836; x_wconf 86' lang='lat' dir='ltr'>Marcio</span> <span class='ocrx_word' id='word_1_230' title='bbox 860 1798 1075 1837; x_wconf 87' lang='lat' dir='ltr'>Censorino</span> <span class='ocrx_word' id='word_1_231' title='bbox 1097 1798 1155 1838; x_wconf 76' lang='grc' dir='ltr'>Μ’.</span> <span class='ocrx_word' id='word_1_232' title='bbox 1176 1799 1333 1838; x_wconf 81' lang='lat' dir='ltr'>Manilio</span> <span class='ocrx_word' id='word_1_233' title='bbox 1356 1799 1583 1838; x_wconf 88' lang='lat' dir='ltr'>consulibus</span> <span class='ocrx_word' id='word_1_234' title='bbox 1604 1806 1692 1851; x_wconf 84' lang='lat' dir='ltr'>post</span> 
     </span>
    </p>

    <p class='ocr_par' dir='ltr' id='par_1_6' title="bbox 102 1862 802 1903">
     <span class='ocr_line' id='line_1_26' title="bbox 102 1862 802 1903; baseline -0.001 0"><span class='ocrx_word' id='word_1_235' title='bbox 102 1878 135 1903; x_wconf 81' lang='lat'>25</span> <span class='ocrx_word' id='word_1_236' title='bbox 156 1863 318 1901; x_wconf 83' lang='lat' dir='ltr'>Romam</span> <span class='ocrx_word' id='word_1_237' title='bbox 347 1862 542 1901; x_wconf 82' lang='lat' dir='ltr'>conditam</span> <span class='ocrx_word' id='word_1_238' title='bbox 571 1875 671 1901; x_wconf 91' lang='lat' dir='ltr'>anno</span> <span class='ocrx_word' id='word_1_239' title='bbox 699 1872 802 1902; x_wconf 81' lang='lat' dir='ltr'>DCV.</span> 
     </span>
    </p>
   </div>
   <div class='ocr_carea' id='block_1_3' title="bbox 156 1994 1694 2231">
    <p class='ocr_par' dir='ltr' id='par_1_7' title="bbox 156 1994 1693 2086">
     <span class='ocr_line' id='line_1_27' title="bbox 253 1994 1693 2040; baseline 0.003 -12"><span class='ocrx_word' id='word_1_240' title='bbox 253 1994 318 2029; x_wconf 80' lang='lat'>53.</span> <span class='ocrx_word' id='word_1_241' title='bbox 346 1995 403 2029; x_wconf 80' lang='lat' dir='ltr'>Ab</span> <span class='ocrx_word' id='word_1_242' title='bbox 419 1995 505 2029; x_wconf 74' lang='lat' dir='ltr'>aliis</span> <span class='ocrx_word' id='word_1_243' title='bbox 521 1995 662 2034; x_wconf 67' lang='lat' dir='ltr'>(Vellei.</span> <span class='ocrx_word' id='word_1_244' title='bbox 680 1999 711 2037; x_wconf 88' lang='lat'>1,</span> <span class='ocrx_word' id='word_1_245' title='bbox 726 1997 761 2038; x_wconf 89' lang='lat'>9,</span> <span class='ocrx_word' id='word_1_246' title='bbox 776 1998 808 2029; x_wconf 88' lang='lat'>6.</span> <span class='ocrx_word' id='word_1_247' title='bbox 836 1995 936 2030; x_wconf 71' lang='lat' dir='ltr'>Plin.</span> <span class='ocrx_word' id='word_1_248' title='bbox 953 1997 1010 2037; x_wconf 89' lang='lat'>33,</span> <span class='ocrx_word' id='word_1_249' title='bbox 1026 1998 1089 2039; x_wconf 83' lang='lat'>56)</span> <span class='ocrx_word' id='word_1_250' title='bbox 1111 1997 1230 2031; x_wconf 79' lang='lat' dir='ltr'>maior</span> <span class='ocrx_word' id='word_1_251' title='bbox 1242 2007 1384 2032; x_wconf 84' lang='lat' dir='ltr'>summa</span> <span class='ocrx_word' id='word_1_252' title='bbox 1405 1997 1581 2040; x_wconf 77' lang='lat' dir='ltr'>adfertur.</span> <span class='ocrx_word' id='word_1_253' title='bbox 1614 1997 1693 2033; x_wconf 69' lang='lat' dir='ltr'>uid.</span> 
     </span>
     <span class='ocr_line' id='line_1_28' title="bbox 156 2042 1071 2086; baseline -0.001 -9"><span class='ocrx_word' id='word_1_254' title='bbox 156 2043 295 2077; x_wconf 72' lang='lat' dir='ltr'>Nissen</span> <span class='ocrx_word' id='word_1_255' title='bbox 315 2044 452 2086; x_wconf 78' lang='lat' dir='ltr'>p.;278.</span> <span class='ocrx_word' id='word_1_256' title='bbox 488 2042 918 2077; x_wconf 72' lang='lat' dir='ltr'>lVeissenborn-Mueller</span> <span class='ocrx_word' id='word_1_257' title='bbox 942 2054 975 2076; x_wconf 86' lang='lat' dir='ltr'>a.</span> <span class='ocrx_word' id='word_1_258' title='bbox 996 2043 1028 2077; x_wconf 78' lang='lat' dir='ltr'>h.</span> <span class='ocrx_word' id='word_1_259' title='bbox 1051 2044 1071 2077; x_wconf 80' lang='lat' dir='ltr'>l.</span> 
     </span>
    </p>

    <p class='ocr_par' dir='ltr' id='par_1_8' title="bbox 157 2089 1694 2231">
     <span class='ocr_line' id='line_1_29' title="bbox 253 2089 1693 2134; baseline 0.002 -10"><span class='ocrx_word' id='word_1_260' title='bbox 253 2089 319 2124; x_wconf 81' lang='lat'>55.</span> <span class='ocrx_word' id='word_1_261' title='bbox 347 2090 503 2124; x_wconf 78' lang='lat' dir='ltr'>Eosdem</span> <span class='ocrx_word' id='word_1_262' title='bbox 530 2090 692 2124; x_wconf 74' lang='lat' dir='ltr'>eonsules</span> <span class='ocrx_word' id='word_1_263' title='bbox 717 2090 855 2125; x_wconf 71' lang='lat' dir='ltr'>exhibet</span> <span class='ocrx_word' id='word_1_264' title='bbox 879 2091 1048 2125; x_wconf 80' lang='lat' dir='ltr'>Zosimus</span> <span class='ocrx_word' id='word_1_265' title='bbox 1072 2093 1191 2134; x_wconf 70' lang='lat'>2,4,4</span> <span class='ocrx_word' id='word_1_266' title='bbox 1218 2091 1389 2133; x_wconf 76' lang='lat' dir='ltr'>(Liuium</span> <span class='ocrx_word' id='word_1_267' title='bbox 1416 2096 1455 2126; x_wconf 74' lang='lat' dir='ltr'>ut</span> <span class='ocrx_word' id='word_1_268' title='bbox 1474 2092 1622 2127; x_wconf 64' lang='lat' dir='ltr'>uidetur</span> <span class='ocrx_word' id='word_1_269' title='bbox 1641 2103 1693 2127; x_wconf 85' lang='lat' dir='ltr'>se-</span> 
     </span>
     <span class='ocr_line' id='line_1_30' title="bbox 157 2135 1692 2184; baseline 0.001 -12"><span class='ocrx_word' id='word_1_270' title='bbox 157 2140 277 2180; x_wconf 81' lang='lat' dir='ltr'>cutus)</span> <span class='ocrx_word' id='word_1_271' title='bbox 287 2151 297 2170; x_wconf 92' lang='grc'>.·</span> <span class='ocrx_word' id='word_1_272' title='bbox 324 2136 475 2171; x_wconf 75' lang='grc' dir='ltr'>ὑπάτων</span> <span class='ocrx_word' id='word_1_273' title='bbox 497 2136 614 2171; x_wconf 81' lang='grc' dir='ltr'><em>ὄντων</em></span> <span class='ocrx_word' id='word_1_274' title='bbox 634 2135 798 2172; x_wconf 76' lang='grc' dir='ltr'><em>Λουκίου</em></span> <span class='ocrx_word' id='word_1_275' title='bbox 818 2137 1062 2181; x_wconf 81' lang='grc' dir='ltr'><strong><em>Κηνσωρίνου</em></strong></span> <span class='ocrx_word' id='word_1_276' title='bbox 1082 2138 1146 2172; x_wconf 80' lang='grc' dir='ltr'>καὶ</span> <span class='ocrx_word' id='word_1_277' title='bbox 1165 2137 1327 2180; x_wconf 62' lang='grc' dir='ltr'><strong><em>ΠῙάρκου</em></strong></span> <span class='ocrx_word' id='word_1_278' title='bbox 1347 2138 1549 2181; x_wconf 51' lang='grc' dir='ltr'><strong><em>,Μαλλίουῆ-</em></strong></span> <span class='ocrx_word' id='word_1_279' title='bbox 1567 2142 1692 2184; x_wconf 89' lang='grc' dir='ltr'>Πουη-</span> 
     </span>
     <span class='ocr_line' id='line_1_31' title="bbox 158 2183 1694 2231; baseline 0.003 -13"><span class='ocrx_word' id='word_1_280' title='bbox 158 2183 249 2219; x_wconf 77' lang='grc' dir='ltr'><strong><em>λίου.</em></strong></span> <span class='ocrx_word' id='word_1_281' title='bbox 286 2186 331 2227; x_wconf 84' lang='lat' dir='ltr'>cf.</span> <span class='ocrx_word' id='word_1_282' title='bbox 353 2185 450 2218; x_wconf 78' lang='lat' dir='ltr'>Ialm</span> <span class='ocrx_word' id='word_1_283' title='bbox 476 2185 526 2219; x_wconf 84' lang='lat' dir='ltr'>ad</span> <span class='ocrx_word' id='word_1_284' title='bbox 553 2185 652 2220; x_wconf 76' lang='lat' dir='ltr'>Gens.</span> <span class='ocrx_word' id='word_1_285' title='bbox 675 2185 696 2219; x_wconf 83' lang='lat' dir='ltr'>l.</span> <span class='ocrx_word' id='word_1_286' title='bbox 716 2196 743 2219; x_wconf 80' lang='lat' dir='ltr'>s.</span> <span class='ocrx_word' id='word_1_287' title='bbox 766 2185 786 2218; x_wconf 79' lang='lat' dir='ltr'>Z.</span> <span class='ocrx_word' id='word_1_288' title='bbox 809 2189 841 2220; x_wconf 76' lang='lat' dir='ltr'>et</span> <span class='ocrx_word' id='word_1_289' title='bbox 864 2186 912 2229; x_wconf 83' lang='lat' dir='ltr'>fr.</span> <span class='ocrx_word' id='word_1_290' title='bbox 931 2187 982 2219; x_wconf 69' lang='lat'>22</span> <span class='ocrx_word' id='word_1_291' title='bbox 1001 2197 1027 2219; x_wconf 84' lang='lat' dir='ltr'>c.</span> <span class='ocrx_word' id='word_1_292' title='bbox 1050 2186 1136 2220; x_wconf 77' lang='lat' dir='ltr'>adn.</span> <span class='ocrx_word' id='word_1_293' title='bbox 1162 2191 1364 2230; x_wconf 71' lang='lat' dir='ltr'>sequuntur</span> <span class='ocrx_word' id='word_1_294' title='bbox 1395 2188 1495 2231; x_wconf 72' lang='lat' dir='ltr'>apud</span> <span class='ocrx_word' id='word_1_295' title='bbox 1529 2187 1694 2223; x_wconf 80' lang='lat' dir='ltr'>Censori·</span> 
     </span>
    </p>
   </div>
   <div class='ocr_carea' id='block_1_4' title="bbox 160 2309 1697 2818">
    <p class='ocr_par' dir='ltr' id='par_1_9' title="bbox 160 2309 1697 2417">
     <span class='ocr_line' id='line_1_32' title="bbox 253 2309 1697 2359; baseline 0.001 -13"><span class='ocrx_word' id='word_1_296' title='bbox 253 2312 272 2346; x_wconf 93' lang='lat'>1</span> <span class='ocrx_word' id='word_1_297' title='bbox 304 2309 453 2346; x_wconf 80' lang='lat' dir='ltr'>antiaoi</span> <span class='ocrx_word' id='word_1_298' title='bbox 479 2309 604 2345; x_wconf 70' lang='lat' dir='ltr'>Lam.</span> <span class='ocrx_word' id='word_1_299' title='bbox 716 2310 741 2345; x_wconf 82' lang='lat'>4</span> <span class='ocrx_word' id='word_1_300' title='bbox 768 2309 947 2346; x_wconf 74' lang='lat' dir='ltr'>tendeset</span> <span class='ocrx_word' id='word_1_301' title='bbox 971 2309 1097 2346; x_wconf 59' lang='lat' dir='ltr'>Lama</span> <span class='ocrx_word' id='word_1_302' title='bbox 1210 2311 1233 2347; x_wconf 84' lang='lat'>5</span> <span class='ocrx_word' id='word_1_303' title='bbox 1262 2310 1697 2359; x_wconf 66' lang='lat' dir='ltr'>adduxeretreliquerat</span> 
     </span>
     <span class='ocr_line' id='line_1_33' title="bbox 160 2368 1549 2417; baseline 0.001 -12"><span class='ocrx_word' id='word_1_304' title='bbox 160 2368 285 2406; x_wconf 78' lang='lat' dir='ltr'>Laur.</span> <span class='ocrx_word' id='word_1_305' title='bbox 410 2370 430 2405; x_wconf 81' lang='lat'>7</span> <span class='ocrx_word' id='word_1_306' title='bbox 461 2368 764 2417; x_wconf 81' lang='lat' dir='ltr'>aegregiamque</span> <span class='ocrx_word' id='word_1_307' title='bbox 791 2369 916 2405; x_wconf 77' lang='lat' dir='ltr'>Lanr.</span> <span class='ocrx_word' id='word_1_308' title='bbox 1042 2371 1077 2407; x_wconf 75' lang='lat'>7.</span> <span class='ocrx_word' id='word_1_309' title='bbox 1095 2369 1118 2406; x_wconf 83' lang='lat'>8</span> <span class='ocrx_word' id='word_1_310' title='bbox 1145 2368 1248 2407; x_wconf 86' lang='lat' dir='ltr'>bello</span> <span class='ocrx_word' id='word_1_311' title='bbox 1275 2370 1397 2407; x_wconf 85' lang='lat' dir='ltr'>suisse</span> <span class='ocrx_word' id='word_1_312' title='bbox 1423 2371 1549 2408; x_wconf 77' lang='lat' dir='ltr'>Laur.</span> 
     </span>
    </p>

    <p class='ocr_par' dir='ltr' id='par_1_10' title="bbox 161 2422 1695 2703">
     <span class='ocr_line' id='line_1_34' title="bbox 250 2422 1693 2477; baseline 0.002 -13"><span class='ocrx_word' id='word_1_313' title='bbox 250 2422 326 2477; x_wconf 82' lang='lat'>53,</span> <span class='ocrx_word' id='word_1_314' title='bbox 351 2428 373 2464; x_wconf 83' lang='lat'>9</span> <span class='ocrx_word' id='word_1_315' title='bbox 401 2429 636 2464; x_wconf 84' lang='lat' dir='ltr'>mamomnis</span> <span class='ocrx_word' id='word_1_316' title='bbox 656 2428 780 2465; x_wconf 62' lang='lat' dir='ltr'>Lam:</span> <span class='ocrx_word' id='word_1_317' title='bbox 809 2440 1004 2465; x_wconf 82' lang='lat' dir='ltr'>summam</span> <span class='ocrx_word' id='word_1_318' title='bbox 1031 2428 1156 2465; x_wconf 84' lang='lat' dir='ltr'>omnis</span> <span class='ocrx_word' id='word_1_319' title='bbox 1180 2428 1300 2476; x_wconf 45' lang='grc' dir='ltr'>(ἕν-ψ).</span> <span class='ocrx_word' id='word_1_320' title='bbox 1390 2432 1444 2467; x_wconf 89' lang='grc'>10</span> <span class='ocrx_word' id='word_1_321' title='bbox 1470 2430 1693 2467; x_wconf 70' lang='lat' dir='ltr'>sestertium</span> 
     </span>
     <span class='ocr_line' id='line_1_35' title="bbox 161 2487 1695 2537; baseline 0.002 -14"><span class='ocrx_word' id='word_1_322' title='bbox 161 2487 282 2524; x_wconf 68' lang='lat' dir='ltr'>addit.</span> <span class='ocrx_word' id='word_1_323' title='bbox 311 2488 350 2523; x_wconf 75' lang='lat' dir='ltr'>in</span> <span class='ocrx_word' id='word_1_324' title='bbox 376 2499 440 2533; x_wconf 74' lang='lat' dir='ltr'>pr.</span> <span class='ocrx_word' id='word_1_325' title='bbox 468 2487 523 2525; x_wconf 80' lang='lat' dir='ltr'>ed.</span> <span class='ocrx_word' id='word_1_326' title='bbox 548 2487 676 2524; x_wconf 71' lang='lat' dir='ltr'>Basil.</span> <span class='ocrx_word' id='word_1_327' title='bbox 825 2490 874 2524; x_wconf 87' lang='lat'>11</span> <span class='ocrx_word' id='word_1_328' title='bbox 911 2500 985 2536; x_wconf 88' lang='lat' dir='ltr'>que</span> <span class='ocrx_word' id='word_1_329' title='bbox 1018 2490 1089 2524; x_wconf 74' lang='lat' dir='ltr'>aut</span> <span class='ocrx_word' id='word_1_330' title='bbox 1121 2487 1263 2526; x_wconf 81' lang='lat' dir='ltr'>dubiae</span> <span class='ocrx_word' id='word_1_331' title='bbox 1295 2489 1420 2526; x_wconf 77' lang='lat' dir='ltr'>Laur.</span> <span class='ocrx_word' id='word_1_332' title='bbox 1461 2501 1539 2537; x_wconf 81' lang='lat' dir='ltr'>qua</span> <span class='ocrx_word' id='word_1_333' title='bbox 1573 2489 1695 2527; x_wconf 60' lang='lat' dir='ltr'>[Fr.</span> 
     </span>
     <span class='ocr_line' id='line_1_36' title="bbox 163 2544 1694 2598; baseline 0.001 -15"><span class='ocrx_word' id='word_1_334' title='bbox 163 2545 334 2583; x_wconf 74' lang='lat' dir='ltr'>Gronau.</span> <span class='ocrx_word' id='word_1_335' title='bbox 375 2558 474 2594; x_wconf 81' lang='lat' dir='ltr'>quae</span> <span class='ocrx_word' id='word_1_336' title='bbox 508 2547 562 2583; x_wconf 79' lang='lat' dir='ltr'>ed.</span> <span class='ocrx_word' id='word_1_337' title='bbox 583 2558 646 2593; x_wconf 76' lang='lat' dir='ltr'>pr.</span> <span class='ocrx_word' id='word_1_338' title='bbox 674 2547 799 2584; x_wconf 74' lang='lat' dir='ltr'>Basil.</span> <span class='ocrx_word' id='word_1_339' title='bbox 864 2557 1040 2584; x_wconf 83' lang='lat' dir='ltr'>summae</span> <span class='ocrx_word' id='word_1_340' title='bbox 1068 2547 1194 2584; x_wconf 73' lang='lat' dir='ltr'>Lam.</span> <span class='ocrx_word' id='word_1_341' title='bbox 1321 2550 1371 2585; x_wconf 76' lang='lat'>12</span> <span class='ocrx_word' id='word_1_342' title='bbox 1405 2544 1694 2598; x_wconf 74' lang='lat' dir='ltr'>plaustrorum]</span> 
     </span>
     <span class='ocr_line' id='line_1_37' title="bbox 163 2604 1694 2654; baseline 0.003 -13"><span class='ocrx_word' id='word_1_343' title='bbox 163 2604 459 2653; x_wconf 65' lang='lat' dir='ltr'>Philippeorum</span> <span class='ocrx_word' id='word_1_344' title='bbox 488 2605 713 2643; x_wconf 67' lang='lat' dir='ltr'>Perizonius</span> <span class='ocrx_word' id='word_1_345' title='bbox 831 2606 882 2642; x_wconf 88' lang='lat'>13</span> <span class='ocrx_word' id='word_1_346' title='bbox 911 2607 1057 2654; x_wconf 77' lang='lat' dir='ltr'>scripto</span> <span class='ocrx_word' id='word_1_347' title='bbox 1083 2607 1209 2643; x_wconf 73' lang='lat' dir='ltr'>Lam.</span> <span class='ocrx_word' id='word_1_348' title='bbox 1325 2608 1376 2644; x_wconf 84' lang='lat'>14</span> <span class='ocrx_word' id='word_1_349' title='bbox 1405 2609 1694 2645; x_wconf 82' lang='lat' dir='ltr'>samotrach&#39;em</span> 
     </span>
     <span class='ocr_line' id='line_1_38' title="bbox 161 2664 1320 2703; baseline 0.003 -3"><span class='ocrx_word' id='word_1_350' title='bbox 161 2664 288 2701; x_wconf 80' lang='lat' dir='ltr'>Laur.</span> <span class='ocrx_word' id='word_1_351' title='bbox 315 2675 410 2701; x_wconf 81' lang='lat' dir='ltr'>corr.</span> <span class='ocrx_word' id='word_1_352' title='bbox 437 2665 470 2702; x_wconf 84' lang='lat' dir='ltr'>I.</span> <span class='ocrx_word' id='word_1_353' title='bbox 490 2664 659 2702; x_wconf 71' lang='lat' dir='ltr'>Gronau.</span> <span class='ocrx_word' id='word_1_354' title='bbox 786 2667 836 2701; x_wconf 75' lang='lat'>17</span> <span class='ocrx_word' id='word_1_355' title='bbox 866 2665 1117 2702; x_wconf 75' lang='lat' dir='ltr'>coercebatur</span> <span class='ocrx_word' id='word_1_356' title='bbox 1143 2666 1168 2702; x_wconf 87' lang='lat' dir='ltr'>f.</span> <span class='ocrx_word' id='word_1_357' title='bbox 1194 2666 1320 2703; x_wconf 70' lang='lat' dir='ltr'>Lam.</span> 
     </span>
    </p>

    <p class='ocr_par' dir='ltr' id='par_1_11' title="bbox 161 2717 1697 2818">
     <span class='ocr_line' id='line_1_39' title="bbox 253 2717 1697 2773; baseline 0.001 -13"><span class='ocrx_word' id='word_1_358' title='bbox 253 2717 330 2773; x_wconf 78' lang='lat'>54,</span> <span class='ocrx_word' id='word_1_359' title='bbox 356 2725 406 2761; x_wconf 87' lang='grc'>18</span> <span class='ocrx_word' id='word_1_360' title='bbox 435 2722 500 2760; x_wconf 70' lang='lat' dir='ltr'>hs·</span> <span class='ocrx_word' id='word_1_361' title='bbox 528 2736 584 2761; x_wconf 88' lang='lat' dir='ltr'>cc·</span> <span class='ocrx_word' id='word_1_362' title='bbox 608 2737 652 2761; x_wconf 77' lang='lat' dir='ltr'>ex</span> <span class='ocrx_word' id='word_1_363' title='bbox 672 2723 797 2761; x_wconf 76' lang='lat' dir='ltr'>Laur.</span> <span class='ocrx_word' id='word_1_364' title='bbox 887 2726 939 2762; x_wconf 82' lang='lat'>19</span> <span class='ocrx_word' id='word_1_365' title='bbox 969 2726 1246 2762; x_wconf 72' lang='lat' dir='ltr'>estantiantias</span> <span class='ocrx_word' id='word_1_366' title='bbox 1266 2726 1391 2763; x_wconf 76' lang='lat' dir='ltr'>Lcmr.</span> <span class='ocrx_word' id='word_1_367' title='bbox 1437 2738 1487 2763; x_wconf 76' lang='lat' dir='ltr'>an</span> <span class='ocrx_word' id='word_1_368' title='bbox 1508 2725 1697 2763; x_wconf 81' lang='lat' dir='ltr'>Valerius</span> 
     </span>
     <span class='ocr_line' id='line_1_40' title="bbox 161 2782 336 2818; baseline 0 0"><span class='ocrx_word' id='word_1_369' title='bbox 161 2782 336 2818; x_wconf 65' lang='lat' dir='ltr'>Antias?</span> 
     </span>
    </p>
   </div>
   <div class='ocr_carea' id='block_1_5' title="bbox 255 2837 1610 2890">
    <p class='ocr_par' dir='ltr' id='par_1_12' title="bbox 255 2837 1610 2890">
     <span class='ocr_line' id='line_1_41' title="bbox 255 2837 1610 2890; baseline 0.001 -12"><span class='ocrx_word' id='word_1_370' title='bbox 255 2837 332 2890; x_wconf 84' lang='lat'>55,</span> <span class='ocrx_word' id='word_1_371' title='bbox 361 2843 414 2879; x_wconf 68' lang='lat'>24</span> <span class='ocrx_word' id='word_1_372' title='bbox 442 2841 485 2879; x_wconf 92' lang='lat' dir='ltr'>L.</span> <span class='ocrx_word' id='word_1_373' title='bbox 505 2842 650 2879; x_wconf 77' lang='lat' dir='ltr'>Martio</span> <span class='ocrx_word' id='word_1_374' title='bbox 677 2843 852 2881; x_wconf 75' lang='lat' dir='ltr'>Darmst.</span> <span class='ocrx_word' id='word_1_375' title='bbox 875 2843 993 2880; x_wconf 69' lang='lat' dir='ltr'>l&#39;atic.</span> <span class='ocrx_word' id='word_1_376' title='bbox 1057 2839 1096 2877; x_wconf 74' lang='lat' dir='ltr'>ffi</span> <span class='ocrx_word' id='word_1_377' title='bbox 1120 2843 1268 2881; x_wconf 83' lang='lat' dir='ltr'>manlio</span> <span class='ocrx_word' id='word_1_378' title='bbox 1295 2844 1469 2882; x_wconf 73' lang='lat' dir='ltr'>Darmst.</span> <span class='ocrx_word' id='word_1_379' title='bbox 1492 2844 1610 2882; x_wconf 69' lang='lat' dir='ltr'>Varie.</span> 
     </span>
    </p>
   </div>
  </div>
 </body>
</html>
