<?xml version="1.0" encoding="UTF-8"?>
<!DOCTYPE html PUBLIC "-//W3C//DTD XHTML 1.0 Transitional//EN"
    "http://www.w3.org/TR/xhtml1/DTD/xhtml1-transitional.dtd">
<html xmlns="http://www.w3.org/1999/xhtml" xml:lang="en" lang="en">
 <head>
  <title>
</title>
<meta http-equiv="Content-Type" content="text/html;charset=utf-8" />
  <meta name='ocr-system' content='tesseract 3.04.00' />
  <meta name='ocr-capabilities' content='ocr_page ocr_carea ocr_par ocr_line ocrx_word'/>
</head>
<body>
  <div class='ocr_page' id='page_1' title='image "./historicorumroma01peteuoft_0694.png"; bbox 0 0 2002 3342; ppageno 0'>
   <div class='ocr_carea' id='block_1_1' title="bbox 258 194 1150 240">
    <p class='ocr_par' dir='ltr' id='par_1_1' title="bbox 258 194 1150 240">
     <span class='ocr_line' id='line_1_1' title="bbox 258 194 1150 240; baseline -0.013 0"><span class='ocrx_word' id='word_1_1' title='bbox 258 199 346 240; x_wconf 84' lang='lat'><em>300</em></span> <span class='ocrx_word' id='word_1_2' title='bbox 893 194 1150 237; x_wconf 81' lang='lat' dir='ltr'><strong>RELIQVIAE</strong></span> 
     </span>
    </p>
   </div>
   <div class='ocr_carea' id='block_1_2' title="bbox 253 305 1792 1597">
    <p class='ocr_par' dir='ltr' id='par_1_2' title="bbox 255 305 1789 423">
     <span class='ocr_line' id='line_1_2' title="bbox 260 305 1789 359; baseline -0.001 -12"><span class='ocrx_word' id='word_1_3' title='bbox 260 310 323 359; x_wconf 73' lang='lat' dir='ltr'>sit,</span> <span class='ocrx_word' id='word_1_4' title='bbox 349 309 459 347; x_wconf 83' lang='lat' dir='ltr'>uarie</span> <span class='ocrx_word' id='word_1_5' title='bbox 487 308 669 346; x_wconf 79' lang='lat' dir='ltr'><em>refertur.</em></span> <span class='ocrx_word' id='word_1_6' title='bbox 709 312 748 345; x_wconf 79' lang='lat' dir='ltr'><em>et</em></span> <span class='ocrx_word' id='word_1_7' title='bbox 767 306 896 345; x_wconf 81' lang='lat' dir='ltr'>Macer</span> <span class='ocrx_word' id='word_1_8' title='bbox 923 306 1082 357; x_wconf 87' lang='lat' dir='ltr'>quidem</span> <span class='ocrx_word' id='word_1_9' title='bbox 1109 305 1284 345; x_wconf 83' lang='lat' dir='ltr'>Licinius</span> <span class='ocrx_word' id='word_1_10' title='bbox 1312 307 1396 345; x_wconf 89' lang='lat' dir='ltr'><em>eius</em></span> <span class='ocrx_word' id='word_1_11' title='bbox 1424 307 1482 345; x_wconf 89' lang='lat' dir='ltr'><em>rei</em></span> <span class='ocrx_word' id='word_1_12' title='bbox 1502 307 1694 357; x_wconf 82' lang='lat' dir='ltr'>originem</span> <span class='ocrx_word' id='word_1_13' title='bbox 1715 306 1789 346; x_wconf 86' lang='lat' dir='ltr'><em>Ro-</em></span> 
     </span>
     <span class='ocr_line' id='line_1_3' title="bbox 255 373 575 423; baseline -0.009 -10"><span class='ocrx_word' id='word_1_14' title='bbox 255 373 359 413; x_wconf 85' lang='lat' dir='ltr'><em>mulo</em></span> <span class='ocrx_word' id='word_1_15' title='bbox 387 373 575 423; x_wconf 77' lang='lat' dir='ltr'>adsignat.</span> 
     </span>
    </p>

    <p class='ocr_par' dir='ltr' id='par_1_3' title="bbox 253 431 1792 1337">
     <span class='ocr_line' id='line_1_4' title="bbox 345 431 1789 490; baseline -0.001 -14"><span class='ocrx_word' id='word_1_16' title='bbox 345 435 415 478; x_wconf 63' lang='lat'><em>5³⁸.</em></span> <span class='ocrx_word' id='word_1_17' title='bbox 450 439 617 487; x_wconf 70' lang='lat' dir='ltr'><em>Dionys.</em></span> <span class='ocrx_word' id='word_1_18' title='bbox 639 437 678 486; x_wconf 82' lang='lat'><em>2,</em></span> <span class='ocrx_word' id='word_1_19' title='bbox 694 437 761 486; x_wconf 81' lang='lat'><em>52,</em></span> <span class='ocrx_word' id='word_1_20' title='bbox 777 438 814 476; x_wconf 88' lang='lat'><em>3.</em></span> <span class='ocrx_word' id='word_1_21' title='bbox 855 435 1033 490; x_wconf 80' lang='grc' dir='ltr'><em>Χρόνου</em></span> <span class='ocrx_word' id='word_1_22' title='bbox 1067 431 1114 475; x_wconf 78' lang='grc' dir='ltr'><em>δὲ</em></span> <span class='ocrx_word' id='word_1_23' title='bbox 1147 434 1199 475; x_wconf 86' lang='grc' dir='ltr'><em>οὐ</em></span> <span class='ocrx_word' id='word_1_24' title='bbox 1231 437 1399 475; x_wconf 86' lang='grc' dir='ltr'><em>πολλοῦ</em></span> <span class='ocrx_word' id='word_1_25' title='bbox 1433 434 1705 487; x_wconf 75' lang='grc' dir='ltr'><em>διελθόντος,</em></span> <span class='ocrx_word' id='word_1_26' title='bbox 1732 435 1789 483; x_wconf 86' lang='grc' dir='ltr'><em>ὡς</em></span> 
     </span>
     <span class='ocr_line' id='line_1_5' title="bbox 254 498 1789 555; baseline -0.001 -12"><span class='ocrx_word' id='word_1_27' title='bbox 254 501 334 555; x_wconf 86' lang='grc' dir='ltr'><em>μέν</em></span> <span class='ocrx_word' id='word_1_28' title='bbox 366 500 481 550; x_wconf 85' lang='grc' dir='ltr'><em>τινές</em></span> <span class='ocrx_word' id='word_1_29' title='bbox 515 512 672 554; x_wconf 83' lang='grc' dir='ltr'><em>φασιν,</em></span> <span class='ocrx_word' id='word_1_30' title='bbox 707 501 795 554; x_wconf 73' lang='grc' dir='ltr'><em>ἅμα</em></span> <span class='ocrx_word' id='word_1_31' title='bbox 813 498 1018 555; x_wconf 80' lang='grc' dir='ltr'><em>Ῥωμύλῳ</em></span> <span class='ocrx_word' id='word_1_32' title='bbox 1051 500 1406 554; x_wconf 87' lang='grc' dir='ltr'><em>παραγενόμενος</em></span> <span class='ocrx_word' id='word_1_33' title='bbox 1432 498 1623 553; x_wconf 71' lang='lat' dir='ltr'><em>[Tatius]</em></span> <span class='ocrx_word' id='word_1_34' title='bbox 1655 500 1714 548; x_wconf 83' lang='grc' dir='ltr'><em>εἰς</em></span> <span class='ocrx_word' id='word_1_35' title='bbox 1741 500 1789 541; x_wconf 91' lang='grc' dir='ltr'><em>τὸ</em></span> 
     </span>
     <span class='ocr_line' id='line_1_6' title="bbox 254 562 1786 620; baseline -0.002 -13"><span class='ocrx_word' id='word_1_36' title='bbox 254 568 471 620; x_wconf 81' lang='grc' dir='ltr'><em>Λαβίνιον</em></span> <span class='ocrx_word' id='word_1_37' title='bbox 498 565 624 607; x_wconf 83' lang='grc' dir='ltr'><em>ἕνεκα</em></span> <span class='ocrx_word' id='word_1_38' title='bbox 649 566 832 618; x_wconf 83' lang='grc' dir='ltr'><em>θυσίας,</em></span> <span class='ocrx_word' id='word_1_39' title='bbox 868 564 922 618; x_wconf 81' lang='grc' dir='ltr'><em>ἣν</em></span> <span class='ocrx_word' id='word_1_40' title='bbox 949 562 1037 606; x_wconf 80' lang='grc' dir='ltr'><em>ἔδει</em></span> <span class='ocrx_word' id='word_1_41' title='bbox 1063 571 1155 613; x_wconf 88' lang='grc' dir='ltr'><em>τοῖς</em></span> <span class='ocrx_word' id='word_1_42' title='bbox 1179 562 1398 620; x_wconf 76' lang='grc' dir='ltr'><em>πατρῴοις</em></span> <span class='ocrx_word' id='word_1_43' title='bbox 1425 568 1547 612; x_wconf 89' lang='grc' dir='ltr'><em>θεοῖς</em></span> <span class='ocrx_word' id='word_1_44' title='bbox 1573 564 1684 618; x_wconf 78' lang='grc' dir='ltr'><em>ὑπὲρ</em></span> <span class='ocrx_word' id='word_1_45' title='bbox 1711 570 1786 618; x_wconf 83' lang='grc' dir='ltr'><em>τῆς</em></span> 
     </span>
     <span class='ocr_line' id='line_1_7' title="bbox 254 627 1791 683; baseline -0.001 -11"><span class='ocrx_word' id='word_1_46' title='bbox 254 633 422 680; x_wconf 88' lang='grc' dir='ltr'><em>πόλεως</em></span> <span class='ocrx_word' id='word_1_47' title='bbox 442 635 579 672; x_wconf 85' lang='grc' dir='ltr'><em>θῦσαι</em></span> <span class='ocrx_word' id='word_1_48' title='bbox 601 632 706 679; x_wconf 85' lang='grc' dir='ltr'><em>τοὺς</em></span> <span class='ocrx_word' id='word_1_49' title='bbox 731 632 939 683; x_wconf 76' lang='grc' dir='ltr'><em>βασιλεῖς,</em></span> <span class='ocrx_word' id='word_1_50' title='bbox 967 629 1224 670; x_wconf 79' lang='grc' dir='ltr'><em>συστάντων</em></span> <span class='ocrx_word' id='word_1_51' title='bbox 1245 627 1309 670; x_wconf 85' lang='grc' dir='ltr'><em>ἐπ’</em></span> <span class='ocrx_word' id='word_1_52' title='bbox 1341 629 1477 670; x_wconf 86' lang='grc' dir='ltr'><em>αὐτὸν</em></span> <span class='ocrx_word' id='word_1_53' title='bbox 1498 636 1587 670; x_wconf 86' lang='grc' dir='ltr'><em>τῶν</em></span> <span class='ocrx_word' id='word_1_54' title='bbox 1608 627 1791 683; x_wconf 78' lang='grc' dir='ltr'><em>ἑταίρων</em></span> 
     </span>
     <span class='ocr_line' id='line_1_8' title="bbox 256 692 1792 750; baseline -0.001 -12"><span class='ocrx_word' id='word_1_55' title='bbox 256 711 301 737; x_wconf 89' lang='grc' dir='ltr'><em>τε</em></span> <span class='ocrx_word' id='word_1_56' title='bbox 328 695 399 738; x_wconf 87' lang='grc' dir='ltr'><em>καὶ</em></span> <span class='ocrx_word' id='word_1_57' title='bbox 426 695 544 750; x_wconf 88' lang='grc' dir='ltr'><em>γένει</em></span> <span class='ocrx_word' id='word_1_58' title='bbox 572 698 887 750; x_wconf 80' lang='grc' dir='ltr'><em>προσηκόντων</em></span> <span class='ocrx_word' id='word_1_59' title='bbox 912 702 1003 744; x_wconf 83' lang='grc' dir='ltr'><em>τοῖς</em></span> <span class='ocrx_word' id='word_1_60' title='bbox 1023 693 1314 749; x_wconf 74' lang='grc' dir='ltr'><em>ἀνῃρημένοις</em></span> <span class='ocrx_word' id='word_1_61' title='bbox 1334 693 1587 748; x_wconf 77' lang='grc' dir='ltr'><em>πρέσβεσιν,</em></span> <span class='ocrx_word' id='word_1_62' title='bbox 1614 692 1682 735; x_wconf 81' lang='grc' dir='ltr'><em>ἐπὶ</em></span> <span class='ocrx_word' id='word_1_63' title='bbox 1703 701 1792 736; x_wconf 86' lang='grc' dir='ltr'><em>τῶν</em></span> 
     </span>
     <span class='ocr_line' id='line_1_9' title="bbox 256 759 1791 815; baseline -0.001 -13"><span class='ocrx_word' id='word_1_64' title='bbox 256 764 417 815; x_wconf 84' lang='grc' dir='ltr'><em>βωμῶν</em></span> <span class='ocrx_word' id='word_1_65' title='bbox 448 768 543 810; x_wconf 91' lang='grc' dir='ltr'><em>ταῖς</em></span> <span class='ocrx_word' id='word_1_66' title='bbox 577 767 853 814; x_wconf 77' lang='grc' dir='ltr'><em>μαγειρικαῖς</em></span> <span class='ocrx_word' id='word_1_67' title='bbox 888 761 1075 814; x_wconf 75' lang='grc' dir='ltr'><em>σφαγίσι</em></span> <span class='ocrx_word' id='word_1_68' title='bbox 1111 760 1182 800; x_wconf 85' lang='grc' dir='ltr'><em>καὶ</em></span> <span class='ocrx_word' id='word_1_69' title='bbox 1218 766 1311 808; x_wconf 86' lang='grc' dir='ltr'><em>τοῖς</em></span> <span class='ocrx_word' id='word_1_70' title='bbox 1345 760 1586 812; x_wconf 83' lang='grc' dir='ltr'><em>βουπόροις</em></span> <span class='ocrx_word' id='word_1_71' title='bbox 1621 759 1791 812; x_wconf 78' lang='grc' dir='ltr'><em>ὀβελοῖς</em></span> 
     </span>
     <span class='ocr_line' id='line_1_10' title="bbox 254 823 1790 879; baseline -0.003 -11"><span class='ocrx_word' id='word_1_72' title='bbox 254 828 489 879; x_wconf 84' lang='grc' dir='ltr'><em>παιόμενος</em></span> <span class='ocrx_word' id='word_1_73' title='bbox 515 826 800 879; x_wconf 74' lang='grc' dir='ltr'><em>ἀποθνήσκει.</em></span> <span class='ocrx_word' id='word_1_74' title='bbox 841 826 898 874; x_wconf 87' lang='grc' dir='ltr'><em>ὡς</em></span> <span class='ocrx_word' id='word_1_75' title='bbox 924 823 961 866; x_wconf 86' lang='grc' dir='ltr'><em>δ’</em></span> <span class='ocrx_word' id='word_1_76' title='bbox 990 825 1031 866; x_wconf 79' lang='grc' dir='ltr'><em>οἱ</em></span> <span class='ocrx_word' id='word_1_77' title='bbox 1058 825 1159 879; x_wconf 80' lang='grc' dir='ltr'><em>περὶ</em></span> <span class='ocrx_word' id='word_1_78' title='bbox 1181 827 1415 866; x_wconf 85' lang='grc' dir='ltr'><em>Λικίννιον</em></span> <span class='ocrx_word' id='word_1_79' title='bbox 1442 824 1711 878; x_wconf 75' lang='grc' dir='ltr'><em>γράφουσιν,</em></span> <span class='ocrx_word' id='word_1_80' title='bbox 1738 823 1790 865; x_wconf 83' lang='grc' dir='ltr'><em>οὐ</em></span> 
     </span>
     <span class='ocr_line' id='line_1_11' title="bbox 253 888 1791 946; baseline -0.003 -13"><span class='ocrx_word' id='word_1_81' title='bbox 253 893 359 946; x_wconf 80' lang='grc' dir='ltr'><em>μετὰ</em></span> <span class='ocrx_word' id='word_1_82' title='bbox 382 891 603 946; x_wconf 84' lang='grc' dir='ltr'><em>Ῥωμύλου</em></span> <span class='ocrx_word' id='word_1_83' title='bbox 630 892 987 946; x_wconf 88' lang='grc' dir='ltr'><em>παραγενόμενος</em></span> <span class='ocrx_word' id='word_1_84' title='bbox 1015 888 1119 931; x_wconf 75' lang='grc' dir='ltr'><em>οὐδὲ</em></span> <span class='ocrx_word' id='word_1_85' title='bbox 1146 890 1275 944; x_wconf 87' lang='grc' dir='ltr'><em>χάριν</em></span> <span class='ocrx_word' id='word_1_86' title='bbox 1303 890 1433 944; x_wconf 74' lang='grc' dir='ltr'><em>ἱερῶν</em></span> <span class='ocrx_word' id='word_1_87' title='bbox 1454 888 1562 930; x_wconf 82' lang='grc' dir='ltr'><em>ἀλλὰ</em></span> <span class='ocrx_word' id='word_1_88' title='bbox 1583 890 1714 943; x_wconf 90' lang='grc' dir='ltr'><em>μόνος</em></span> <span class='ocrx_word' id='word_1_89' title='bbox 1735 889 1791 938; x_wconf 87' lang='grc' dir='ltr'><em>ὡς</em></span> 
     </span>
     <span class='ocr_line' id='line_1_12' title="bbox 253 953 1791 1009; baseline -0.003 -11"><span class='ocrx_word' id='word_1_90' title='bbox 253 957 418 998; x_wconf 83' lang='grc' dir='ltr'><em>πείσων</em></span> <span class='ocrx_word' id='word_1_91' title='bbox 453 958 556 1005; x_wconf 84' lang='grc' dir='ltr'><em>τοὺς</em></span> <span class='ocrx_word' id='word_1_92' title='bbox 593 954 886 1009; x_wconf 76' lang='grc' dir='ltr'><em>ἀδικηθέντας</em></span> <span class='ocrx_word' id='word_1_93' title='bbox 922 955 1100 1009; x_wconf 81' lang='grc' dir='ltr'><em>ἀφεῖναι</em></span> <span class='ocrx_word' id='word_1_94' title='bbox 1137 962 1228 1004; x_wconf 87' lang='grc' dir='ltr'><em>τοῖς</em></span> <span class='ocrx_word' id='word_1_95' title='bbox 1261 955 1496 1008; x_wconf 79' lang='grc' dir='ltr'><em>δεδρακόσι</em></span> <span class='ocrx_word' id='word_1_96' title='bbox 1527 954 1606 1007; x_wconf 84' lang='grc' dir='ltr'><em>τὴν</em></span> <span class='ocrx_word' id='word_1_97' title='bbox 1640 953 1791 1008; x_wconf 88' lang='grc' dir='ltr'><em>ὀργήν,</em></span> 
     </span>
     <span class='ocr_line' id='line_1_13' title="bbox 255 1018 1791 1076; baseline -0.001 -14"><span class='ocrx_word' id='word_1_98' title='bbox 255 1022 640 1075; x_wconf 88' lang='grc' dir='ltr'><em>ἀγανακτήσαντος</em></span> <span class='ocrx_word' id='word_1_99' title='bbox 671 1026 750 1062; x_wconf 84' lang='grc' dir='ltr'><em>τοῦ</em></span> <span class='ocrx_word' id='word_1_100' title='bbox 782 1022 986 1074; x_wconf 79' lang='grc' dir='ltr'><em>πλήθους</em></span> <span class='ocrx_word' id='word_1_101' title='bbox 1021 1018 1092 1061; x_wconf 80' lang='grc' dir='ltr'><em>ἐπὶ</em></span> <span class='ocrx_word' id='word_1_102' title='bbox 1126 1026 1184 1076; x_wconf 76' lang='grc' dir='ltr'><em>τῷ</em></span> <span class='ocrx_word' id='word_1_103' title='bbox 1218 1021 1275 1074; x_wconf 85' lang='grc' dir='ltr'><em>μὴ</em></span> <span class='ocrx_word' id='word_1_104' title='bbox 1302 1020 1638 1073; x_wconf 78' lang='grc' dir='ltr'><em>παραδεδόσθαι</em></span> <span class='ocrx_word' id='word_1_105' title='bbox 1665 1018 1791 1073; x_wconf 79' lang='grc' dir='ltr'><em>σφισὶ</em></span> 
     </span>
     <span class='ocr_line' id='line_1_14' title="bbox 254 1082 1791 1141; baseline -0.003 -13"><span class='ocrx_word' id='word_1_106' title='bbox 254 1088 357 1135; x_wconf 87' lang='grc' dir='ltr'><em>τοὺς</em></span> <span class='ocrx_word' id='word_1_107' title='bbox 383 1087 567 1141; x_wconf 77' lang='grc' dir='ltr'><em>ἄνδρας,</em></span> <span class='ocrx_word' id='word_1_108' title='bbox 601 1087 659 1136; x_wconf 87' lang='grc' dir='ltr'><em>ὡς</em></span> <span class='ocrx_word' id='word_1_109' title='bbox 692 1086 714 1127; x_wconf 81' lang='grc' dir='ltr'><em>ὅ</em></span> <span class='ocrx_word' id='word_1_110' title='bbox 747 1102 793 1127; x_wconf 90' lang='grc' dir='ltr'><em>τε</em></span> <span class='ocrx_word' id='word_1_111' title='bbox 814 1084 1033 1138; x_wconf 87' lang='grc' dir='ltr'><em>Ῥωμύλος</em></span> <span class='ocrx_word' id='word_1_112' title='bbox 1059 1084 1287 1126; x_wconf 82' lang='grc' dir='ltr'><em>ἐδικαίωσε</em></span> <span class='ocrx_word' id='word_1_113' title='bbox 1312 1085 1384 1125; x_wconf 83' lang='grc' dir='ltr'><em>καὶ</em></span> <span class='ocrx_word' id='word_1_114' title='bbox 1410 1085 1437 1137; x_wconf 79' lang='grc' dir='ltr'>ἡ</span> <span class='ocrx_word' id='word_1_115' title='bbox 1463 1091 1551 1125; x_wconf 85' lang='grc' dir='ltr'><em>τῶν</em></span> <span class='ocrx_word' id='word_1_116' title='bbox 1571 1082 1791 1136; x_wconf 88' lang='grc' dir='ltr'><em>Ῥωμαίων</em></span> 
     </span>
     <span class='ocr_line' id='line_1_15' title="bbox 254 1149 1792 1207; baseline -0.003 -14"><span class='ocrx_word' id='word_1_117' title='bbox 254 1149 400 1207; x_wconf 77' lang='grc' dir='ltr'><em>ἔκρινε</em></span> <span class='ocrx_word' id='word_1_118' title='bbox 419 1154 572 1206; x_wconf 83' lang='grc' dir='ltr'><em>βουλή,</em></span> <span class='ocrx_word' id='word_1_119' title='bbox 600 1150 672 1192; x_wconf 83' lang='grc' dir='ltr'><em>καὶ</em></span> <span class='ocrx_word' id='word_1_120' title='bbox 696 1159 785 1193; x_wconf 84' lang='grc' dir='ltr'><em>τῶν</em></span> <span class='ocrx_word' id='word_1_121' title='bbox 805 1152 1120 1205; x_wconf 88' lang='grc' dir='ltr'><em>προσηκόντων</em></span> <span class='ocrx_word' id='word_1_122' title='bbox 1146 1157 1238 1199; x_wconf 90' lang='grc' dir='ltr'><em>τοῖς</em></span> <span class='ocrx_word' id='word_1_123' title='bbox 1257 1153 1470 1191; x_wconf 83' lang='grc' dir='ltr'><em>τεθνεῶσι</em></span> <span class='ocrx_word' id='word_1_124' title='bbox 1493 1150 1600 1190; x_wconf 79' lang='grc' dir='ltr'><em>κατὰ</em></span> <span class='ocrx_word' id='word_1_125' title='bbox 1620 1152 1792 1203; x_wconf 81' lang='grc' dir='ltr'><em>πλῆθος</em></span> 
     </span>
     <span class='ocr_line' id='line_1_16' title="bbox 254 1213 1790 1271; baseline -0.003 -13"><span class='ocrx_word' id='word_1_126' title='bbox 254 1217 543 1271; x_wconf 85' lang='grc' dir='ltr'><em>ὁρμησάντων</em></span> <span class='ocrx_word' id='word_1_127' title='bbox 570 1215 633 1258; x_wconf 80' lang='grc' dir='ltr'><em>ἐπ’</em></span> <span class='ocrx_word' id='word_1_128' title='bbox 667 1217 818 1270; x_wconf 78' lang='grc' dir='ltr'><em>αὐτόν,</em></span> <span class='ocrx_word' id='word_1_129' title='bbox 846 1216 1063 1264; x_wconf 84' lang='grc' dir='ltr'><em>ἀδύνατος</em></span> <span class='ocrx_word' id='word_1_130' title='bbox 1090 1216 1153 1256; x_wconf 83' lang='grc' dir='ltr'><em>ὢν</em></span> <span class='ocrx_word' id='word_1_131' title='bbox 1179 1213 1242 1256; x_wconf 81' lang='grc' dir='ltr'><em>ἔτι</em></span> <span class='ocrx_word' id='word_1_132' title='bbox 1270 1215 1510 1269; x_wconf 79' lang='grc' dir='ltr'><em>διαφυγεῖν</em></span> <span class='ocrx_word' id='word_1_133' title='bbox 1533 1215 1613 1268; x_wconf 78' lang='grc' dir='ltr'><em>τὴν</em></span> <span class='ocrx_word' id='word_1_134' title='bbox 1634 1213 1679 1254; x_wconf 81' lang='grc' dir='ltr'><em>ἐκ</em></span> <span class='ocrx_word' id='word_1_135' title='bbox 1705 1229 1790 1268; x_wconf 86' lang='grc' dir='ltr'><em>χει-</em></span> 
     </span>
     <span class='ocr_line' id='line_1_17' title="bbox 255 1280 1418 1337; baseline -0.003 -13"><span class='ocrx_word' id='word_1_136' title='bbox 255 1283 330 1337; x_wconf 87' lang='grc' dir='ltr'><em>ρὸς</em></span> <span class='ocrx_word' id='word_1_137' title='bbox 358 1283 485 1335; x_wconf 78' lang='grc' dir='ltr'><em>δίκην</em></span> <span class='ocrx_word' id='word_1_138' title='bbox 510 1280 826 1330; x_wconf 80' lang='grc' dir='ltr'><em>καταλευσθεὶς</em></span> <span class='ocrx_word' id='word_1_139' title='bbox 851 1280 927 1322; x_wconf 82' lang='grc' dir='ltr'><em>ὑπ’</em></span> <span class='ocrx_word' id='word_1_140' title='bbox 960 1282 1106 1322; x_wconf 85' lang='grc' dir='ltr'><em>αὐτῶν</em></span> <span class='ocrx_word' id='word_1_141' title='bbox 1132 1280 1418 1333; x_wconf 85' lang='grc' dir='ltr'><em>ἀποθνήσκει.</em></span> 
     </span>
    </p>

    <p class='ocr_par' dir='ltr' id='par_1_4' title="bbox 254 1345 1790 1466">
     <span class='ocr_line' id='line_1_18' title="bbox 344 1345 1790 1398; baseline -0.001 -11"><span class='ocrx_word' id='word_1_142' title='bbox 344 1348 387 1390; x_wconf 78' lang='grc'><em>6.</em></span> <span class='ocrx_word' id='word_1_143' title='bbox 415 1351 516 1388; x_wconf 69' lang='lat' dir='ltr'><em>Non.</em></span> <span class='ocrx_word' id='word_1_144' title='bbox 540 1363 569 1388; x_wconf 74' lang='lat' dir='ltr'><em>s.</em></span> <span class='ocrx_word' id='word_1_145' title='bbox 592 1362 628 1388; x_wconf 86' lang='lat' dir='ltr'><em>u.</em></span> <span class='ocrx_word' id='word_1_146' title='bbox 650 1351 897 1388; x_wconf 79' lang='lat' dir='ltr'><em>luculentum</em></span> <span class='ocrx_word' id='word_1_147' title='bbox 917 1361 959 1398; x_wconf 76' lang='lat' dir='ltr'><em>p.</em></span> <span class='ocrx_word' id='word_1_148' title='bbox 982 1349 1048 1387; x_wconf 78' lang='lat'><em>63.</em></span> <span class='ocrx_word' id='word_1_149' title='bbox 1095 1347 1269 1386; x_wconf 81' lang='lat' dir='ltr'>Licinius</span> <span class='ocrx_word' id='word_1_150' title='bbox 1302 1346 1431 1385; x_wconf 80' lang='lat' dir='ltr'>Macer</span> <span class='ocrx_word' id='word_1_151' title='bbox 1465 1345 1595 1385; x_wconf 77' lang='lat' dir='ltr'>annali</span> <span class='ocrx_word' id='word_1_152' title='bbox 1627 1345 1726 1385; x_wconf 85' lang='lat' dir='ltr'>libro</span> <span class='ocrx_word' id='word_1_153' title='bbox 1758 1346 1790 1386; x_wconf 89' lang='lat' dir='ltr'><em>I:</em></span> 
     </span>
     <span class='ocr_line' id='line_1_19' title="bbox 254 1414 1219 1466; baseline -0.002 -13"><span class='ocrx_word' id='word_1_154' title='bbox 254 1416 437 1466; x_wconf 76' lang='lat' dir='ltr'><em>Auspicia</em></span> <span class='ocrx_word' id='word_1_155' title='bbox 464 1415 625 1466; x_wconf 77' lang='lat' dir='ltr'><em>pulchra</em></span> <span class='ocrx_word' id='word_1_156' title='bbox 654 1420 692 1453; x_wconf 77' lang='lat' dir='ltr'><em>et</em></span> <span class='ocrx_word' id='word_1_157' title='bbox 718 1414 915 1453; x_wconf 79' lang='lat' dir='ltr'>luculenta</span> <span class='ocrx_word' id='word_1_158' title='bbox 942 1418 1219 1452; x_wconf 80' lang='lat' dir='ltr'>conmemorat.</span> 
     </span>
    </p>

    <p class='ocr_par' dir='ltr' id='par_1_5' title="bbox 257 1476 1791 1597">
     <span class='ocr_line' id='line_1_20' title="bbox 345 1476 1791 1530; baseline -0.003 -12"><span class='ocrx_word' id='word_1_159' title='bbox 345 1477 386 1520; x_wconf 78' lang='lat'><em>7.</em></span> <span class='ocrx_word' id='word_1_160' title='bbox 421 1482 550 1519; x_wconf 74' lang='lat' dir='ltr'><em>Prisc.</em></span> <span class='ocrx_word' id='word_1_161' title='bbox 573 1480 819 1530; x_wconf 70' lang='lat' dir='ltr'><em>6p.243H.</em></span> <span class='ocrx_word' id='word_1_162' title='bbox 860 1479 1036 1518; x_wconf 82' lang='lat' dir='ltr'>Licinius</span> <span class='ocrx_word' id='word_1_163' title='bbox 1064 1478 1194 1517; x_wconf 80' lang='lat' dir='ltr'><strong>Macer</strong></span> <span class='ocrx_word' id='word_1_164' title='bbox 1226 1479 1266 1516; x_wconf 87' lang='lat' dir='ltr'><em>in</em></span> <span class='ocrx_word' id='word_1_165' title='bbox 1292 1477 1308 1516; x_wconf 90' lang='lat' dir='ltr'>I</span> <span class='ocrx_word' id='word_1_166' title='bbox 1335 1477 1482 1516; x_wconf 79' lang='lat' dir='ltr'>annali:</span> <span class='ocrx_word' id='word_1_167' title='bbox 1517 1476 1603 1515; x_wconf 85' lang='lat' dir='ltr'><em>Non</em></span> <span class='ocrx_word' id='word_1_168' title='bbox 1629 1477 1791 1515; x_wconf 83' lang='lat' dir='ltr'>minimo</span> 
     </span>
     <span class='ocr_line' id='line_1_21' title="bbox 257 1544 1064 1597; baseline -0.002 -13"><span class='ocrx_word' id='word_1_169' title='bbox 257 1558 376 1597; x_wconf 81' lang='lat' dir='ltr'>opere</span> <span class='ocrx_word' id='word_1_170' title='bbox 403 1545 548 1584; x_wconf 69' lang='lat' dir='ltr'>milites</span> <span class='ocrx_word' id='word_1_171' title='bbox 576 1547 729 1596; x_wconf 77' lang='lat' dir='ltr'>quietes</span> <span class='ocrx_word' id='word_1_172' title='bbox 755 1544 940 1584; x_wconf 80' lang='lat' dir='ltr'><em>uolebant</em></span> <span class='ocrx_word' id='word_1_173' title='bbox 966 1557 1064 1583; x_wconf 78' lang='lat' dir='ltr'>esse.</span> 
     </span>
    </p>
   </div>
   <div class='ocr_carea' id='block_1_3' title="bbox 813 1650 1232 1691">
    <p class='ocr_par' dir='ltr' id='par_1_6' title="bbox 813 1650 1232 1691">
     <span class='ocr_line' id='line_1_22' title="bbox 813 1650 1232 1691; baseline -0.007 0"><span class='ocrx_word' id='word_1_174' title='bbox 813 1653 884 1691; x_wconf 87' lang='lat' dir='ltr'><em>EX</em></span> <span class='ocrx_word' id='word_1_175' title='bbox 910 1652 1085 1690; x_wconf 83' lang='lat' dir='ltr'>LIBRIS</span> <span class='ocrx_word' id='word_1_176' title='bbox 1112 1650 1232 1689; x_wconf 84' lang='lat'>1—11</span> 
     </span>
    </p>
   </div>
   <div class='ocr_carea' id='block_1_4' title="bbox 261 1728 1792 1853">
    <p class='ocr_par' dir='ltr' id='par_1_7' title="bbox 261 1728 1792 1853">
     <span class='ocr_line' id='line_1_23' title="bbox 346 1728 1792 1787; baseline -0.004 -12"><span class='ocrx_word' id='word_1_177' title='bbox 346 1732 388 1775; x_wconf 82' lang='grc'><em>8.</em></span> <span class='ocrx_word' id='word_1_178' title='bbox 423 1737 589 1784; x_wconf 76' lang='lat' dir='ltr'><em>Dionys.</em></span> <span class='ocrx_word' id='word_1_179' title='bbox 611 1736 655 1783; x_wconf 71' lang='lat'><em>4,</em></span> <span class='ocrx_word' id='word_1_180' title='bbox 671 1736 715 1783; x_wconf 81' lang='lat'><em>6,</em></span> <span class='ocrx_word' id='word_1_181' title='bbox 730 1736 768 1773; x_wconf 83' lang='grc'><em>4.</em></span> <span class='ocrx_word' id='word_1_182' title='bbox 817 1733 1114 1787; x_wconf 83' lang='grc' dir='ltr'><em>Παραγίνεται</em></span> <span class='ocrx_word' id='word_1_183' title='bbox 1150 1730 1189 1773; x_wconf 86' lang='grc' dir='ltr'><em>δ’</em></span> <span class='ocrx_word' id='word_1_184' title='bbox 1230 1733 1291 1780; x_wconf 84' lang='grc' dir='ltr'><em>εἰς</em></span> <span class='ocrx_word' id='word_1_185' title='bbox 1321 1728 1487 1783; x_wconf 86' lang='grc' dir='ltr'><em>Ῥώμην</em></span> <span class='ocrx_word' id='word_1_186' title='bbox 1521 1729 1792 1783; x_wconf 74' lang='lat' dir='ltr'><em>[Tarquinius</em></span> 
     </span>
     <span class='ocr_line' id='line_1_24' title="bbox 261 1793 1790 1853; baseline -0.004 -13"><span class='ocrx_word' id='word_1_187' title='bbox 261 1797 448 1853; x_wconf 76' lang='lat' dir='ltr'><em>Priscus]</em></span> <span class='ocrx_word' id='word_1_188' title='bbox 462 1797 625 1851; x_wconf 74' lang='grc' dir='ltr'><em>’Ἄγκου</em></span> <span class='ocrx_word' id='word_1_189' title='bbox 647 1799 856 1852; x_wconf 82' lang='grc' dir='ltr'><em>Μαρκίου</em></span> <span class='ocrx_word' id='word_1_190' title='bbox 877 1798 1201 1852; x_wconf 82' lang='grc' dir='ltr'><em>βασιλεύοντος,</em></span> <span class='ocrx_word' id='word_1_191' title='bbox 1228 1797 1285 1846; x_wconf 82' lang='grc' dir='ltr'><em>ὡς</em></span> <span class='ocrx_word' id='word_1_192' title='bbox 1306 1793 1386 1849; x_wconf 75' lang='grc' dir='ltr'><em>μὲν</em></span> <span class='ocrx_word' id='word_1_193' title='bbox 1408 1794 1587 1843; x_wconf 84' lang='grc' dir='ltr'><em>Γέλλιος</em></span> <span class='ocrx_word' id='word_1_194' title='bbox 1614 1794 1790 1847; x_wconf 73' lang='grc' dir='ltr'><em>ἱστορεῖ,</em></span> 
     </span>
    </p>
   </div>
   <div class='ocr_carea' id='block_1_5' title="bbox 249 1883 505 1887">
    <p class='ocr_par' dir='ltr' id='par_1_8' title="bbox 249 1883 505 1887">
     <span class='ocr_line' id='line_1_25' title="bbox 249 1883 505 1887; baseline 0 0"><span class='ocrx_word' id='word_1_195' title='bbox 249 1883 505 1887; x_wconf 95' lang='lat' dir='ltr'><em> </em></span> 
     </span>
    </p>
   </div>
   <div class='ocr_carea' id='block_1_6' title="bbox 248 1920 1790 2539">
    <p class='ocr_par' dir='ltr' id='par_1_9' title="bbox 251 1920 1790 2397">
     <span class='ocr_line' id='line_1_26' title="bbox 349 1920 1789 1969; baseline -0.005 -8"><span class='ocrx_word' id='word_1_196' title='bbox 349 1926 387 1961; x_wconf 93' lang='grc'><em>5.</em></span> <span class='ocrx_word' id='word_1_197' title='bbox 417 1927 518 1961; x_wconf 75' lang='lat' dir='ltr'><em>Vnde</em></span> <span class='ocrx_word' id='word_1_198' title='bbox 544 1926 693 1968; x_wconf 72' lang='lat' dir='ltr'><em>offensio</em></span> <span class='ocrx_word' id='word_1_199' title='bbox 720 1926 787 1960; x_wconf 73' lang='lat' dir='ltr'><em>illa</em></span> <span class='ocrx_word' id='word_1_200' title='bbox 812 1929 903 1960; x_wconf 74' lang='grc' dir='ltr'><em>ηαία</em></span> <span class='ocrx_word' id='word_1_201' title='bbox 929 1927 987 1967; x_wconf 76' lang='lat' dir='ltr'><em>sit,</em></span> <span class='ocrx_word' id='word_1_202' title='bbox 1013 1926 1067 1960; x_wconf 78' lang='lat' dir='ltr'><em>ita</em></span> <span class='ocrx_word' id='word_1_203' title='bbox 1092 1926 1201 1968; x_wconf 78' lang='lat' dir='ltr'><em>refert</em></span> <span class='ocrx_word' id='word_1_204' title='bbox 1220 1925 1376 1969; x_wconf 65' lang='lat' dir='ltr'><em>Dionys.</em></span> <span class='ocrx_word' id='word_1_205' title='bbox 1397 1926 1432 1965; x_wconf 81' lang='lat'><em>2,</em></span> <span class='ocrx_word' id='word_1_206' title='bbox 1447 1926 1512 1958; x_wconf 90' lang='lat'><em>51:</em></span> <span class='ocrx_word' id='word_1_207' title='bbox 1537 1935 1610 1956; x_wconf 87' lang='grc' dir='ltr'><em>των</em></span> <span class='ocrx_word' id='word_1_208' title='bbox 1633 1920 1789 1963; x_wconf 78' lang='grc' dir='ltr'><em>ἑταίρων</em></span> 
     </span>
     <span class='ocr_line' id='line_1_27' title="bbox 254 1968 1789 2029; baseline -0.004 -21"><span class='ocrx_word' id='word_1_209' title='bbox 254 1974 351 2014; x_wconf 77' lang='grc' dir='ltr'><em>τινὲς</em></span> <span class='ocrx_word' id='word_1_210' title='bbox 377 1979 440 2008; x_wconf 85' lang='grc' dir='ltr'><em>τοῦ</em></span> <span class='ocrx_word' id='word_1_211' title='bbox 469 1972 608 2008; x_wconf 84' lang='grc' dir='ltr'><em>Τατίου</em></span> <span class='ocrx_word' id='word_1_212' title='bbox 633 1973 830 2018; x_wconf 73' lang='grc' dir='ltr'><em>λῃστήριον</em></span> <span class='ocrx_word' id='word_1_213' title='bbox 858 1970 1099 2017; x_wconf 76' lang='grc' dir='ltr'><em>ἐξαγαγόντες</em></span> <span class='ocrx_word' id='word_1_214' title='bbox 1125 1973 1177 2012; x_wconf 83' lang='grc' dir='ltr'><em>εἰς</em></span> <span class='ocrx_word' id='word_1_215' title='bbox 1201 1972 1268 2016; x_wconf 77' lang='grc' dir='ltr'><em>τὴν</em></span> <span class='ocrx_word' id='word_1_216' title='bbox 1289 1972 1526 2029; x_wconf 72' lang='grc' dir='ltr'><em>4αβινιατῶν</em></span> <span class='ocrx_word' id='word_1_217' title='bbox 1552 1970 1676 2015; x_wconf 79' lang='grc' dir='ltr'><em>χώραν</em></span> <span class='ocrx_word' id='word_1_218' title='bbox 1702 1968 1789 2014; x_wconf 83' lang='grc' dir='ltr'><em>χρή-</em></span> 
     </span>
     <span class='ocr_line' id='line_1_28' title="bbox 254 2016 1790 2078; baseline -0.004 -22"><span class='ocrx_word' id='word_1_219' title='bbox 254 2021 352 2066; x_wconf 86' lang='grc' dir='ltr'><em>ματά</em></span> <span class='ocrx_word' id='word_1_220' title='bbox 382 2034 419 2056; x_wconf 84' lang='grc' dir='ltr'><em>τε</em></span> <span class='ocrx_word' id='word_1_221' title='bbox 453 2021 575 2055; x_wconf 80' lang='grc' dir='ltr'><em>αὐτῶν</em></span> <span class='ocrx_word' id='word_1_222' title='bbox 609 2019 781 2065; x_wconf 83' lang='grc' dir='ltr'><em>ήρπασαν</em></span> <span class='ocrx_word' id='word_1_223' title='bbox 813 2020 929 2055; x_wconf 76' lang='grc' dir='ltr'><em>πολλὰ</em></span> <span class='ocrx_word' id='word_1_224' title='bbox 962 2020 1023 2054; x_wconf 83' lang='grc' dir='ltr'><em>καὶ</em></span> <span class='ocrx_word' id='word_1_225' title='bbox 1053 2018 1295 2078; x_wconf 82' lang='grc' dir='ltr'><em>βοσκημάτων</em></span> <span class='ocrx_word' id='word_1_226' title='bbox 1322 2017 1518 2060; x_wconf 80' lang='grc' dir='ltr'><em>ἀπήλασαν</em></span> <span class='ocrx_word' id='word_1_227' title='bbox 1545 2018 1580 2050; x_wconf 83' lang='grc' dir='ltr'><em>ἀ</em></span> <span class='ocrx_word' id='word_1_228' title='bbox 1574 2016 1690 2061; x_wconf 52' lang='grc' dir='ltr'><em>πέλας,</em></span> <span class='ocrx_word' id='word_1_229' title='bbox 1716 2021 1790 2051; x_wconf 85' lang='grc' dir='ltr'><em>τῶν</em></span> 
     </span>
     <span class='ocr_line' id='line_1_29' title="bbox 253 2043 1790 2126; baseline -0.004 -23"><span class='ocrx_word' id='word_1_230' title='bbox 253 2067 290 2103; x_wconf 93' lang='grc' dir='ltr'><em>δ</em></span> <span class='ocrx_word' id='word_1_231' title='bbox 310 2068 618 2126; x_wconf 83' lang='grc' dir='ltr'><em>ἐπιβοηθούντων</em></span> <span class='ocrx_word' id='word_1_232' title='bbox 645 2068 710 2107; x_wconf 68' lang='grc' dir='ltr'><em>οἷς</em></span> <span class='ocrx_word' id='word_1_233' title='bbox 735 2081 802 2112; x_wconf 83' lang='grc' dir='ltr'><em>μεν</em></span> <span class='ocrx_word' id='word_1_234' title='bbox 829 2066 1063 2110; x_wconf 84' lang='grc' dir='ltr'><em>ἀπέκτειναν,</em></span> <span class='ocrx_word' id='word_1_235' title='bbox 1091 2067 1155 2108; x_wconf 64' lang='grc' dir='ltr'><em>οἷς</em></span> <span class='ocrx_word' id='word_1_236' title='bbox 1175 2065 1212 2101; x_wconf 84' lang='grc' dir='ltr'><em>δ’</em></span> <span class='ocrx_word' id='word_1_237' title='bbox 1236 2065 1518 2110; x_wconf 79' lang='grc' dir='ltr'><em>ἐτραυμάτισαν.</em></span> <span class='ocrx_word' id='word_1_238' title='bbox 1559 2043 1790 2122; x_wconf 78' lang='grc' dir='ltr'><em>άφικομένης</em></span> 
     </span>
     <span class='ocr_line' id='line_1_30' title="bbox 253 2110 1789 2162; baseline -0.005 -11"><span class='ocrx_word' id='word_1_239' title='bbox 253 2116 293 2151; x_wconf 80' lang='grc' dir='ltr'><em>δὲ</em></span> <span class='ocrx_word' id='word_1_240' title='bbox 330 2114 526 2162; x_wconf 80' lang='grc' dir='ltr'><em>πρεσβειας</em></span> <span class='ocrx_word' id='word_1_241' title='bbox 560 2115 663 2159; x_wconf 82' lang='grc' dir='ltr'><em>παρὰ</em></span> <span class='ocrx_word' id='word_1_242' title='bbox 698 2121 771 2150; x_wconf 87' lang='grc' dir='ltr'><em>τῶν</em></span> <span class='ocrx_word' id='word_1_243' title='bbox 806 2114 1039 2160; x_wconf 77' lang='grc' dir='ltr'><em>ἠδικημένων</em></span> <span class='ocrx_word' id='word_1_244' title='bbox 1075 2115 1139 2149; x_wconf 82' lang='grc' dir='ltr'><em>καὶ</em></span> <span class='ocrx_word' id='word_1_245' title='bbox 1170 2114 1215 2148; x_wconf 79' lang='grc' dir='ltr'><em>τὰ</em></span> <span class='ocrx_word' id='word_1_246' title='bbox 1248 2113 1378 2149; x_wconf 79' lang='grc' dir='ltr'><em>δικαια</em></span> <span class='ocrx_word' id='word_1_247' title='bbox 1411 2112 1641 2156; x_wconf 79' lang='grc' dir='ltr'><em>ἀπαιτούσης</em></span> <span class='ocrx_word' id='word_1_248' title='bbox 1674 2110 1692 2145; x_wconf 91' lang='grc' dir='ltr'>ὁ</span> <span class='ocrx_word' id='word_1_249' title='bbox 1723 2110 1789 2154; x_wconf 79' lang='grc' dir='ltr'><em>μὲν</em></span> 
     </span>
     <span class='ocr_line' id='line_1_31' title="bbox 248 2159 1790 2222; baseline -0.004 -23.953"><span class='ocrx_word' id='word_1_250' title='bbox 248 2164 430 2222; x_wconf 77' lang='grc' dir='ltr'><em>Ρωμύλος</em></span> <span class='ocrx_word' id='word_1_251' title='bbox 450 2162 644 2198; x_wconf 81' lang='grc' dir='ltr'><em>ἐδικαιωσε</em></span> <span class='ocrx_word' id='word_1_252' title='bbox 663 2165 904 2207; x_wconf 80' lang='grc' dir='ltr'><em>παραδοῦναι</em></span> <span class='ocrx_word' id='word_1_253' title='bbox 925 2176 1012 2202; x_wconf 88' lang='grc' dir='ltr'><em>τους</em></span> <span class='ocrx_word' id='word_1_254' title='bbox 1032 2162 1243 2206; x_wconf 82' lang='grc' dir='ltr'><em>δράσαντας</em></span> <span class='ocrx_word' id='word_1_255' title='bbox 1261 2167 1339 2201; x_wconf 90' lang='grc' dir='ltr'><em>τοῖς</em></span> <span class='ocrx_word' id='word_1_256' title='bbox 1360 2161 1596 2204; x_wconf 77' lang='grc' dir='ltr'><em>ἀδικηθεῖσιν</em></span> <span class='ocrx_word' id='word_1_257' title='bbox 1618 2159 1790 2216; x_wconf 85' lang='grc' dir='ltr'><em>ἀπάγειν,</em></span> 
     </span>
     <span class='ocr_line' id='line_1_32' title="bbox 254 2203 1785 2269; baseline -0.004 -24"><span class='ocrx_word' id='word_1_258' title='bbox 254 2212 273 2245; x_wconf 86' lang='grc' dir='ltr'>ὁ</span> <span class='ocrx_word' id='word_1_259' title='bbox 301 2212 340 2246; x_wconf 77' lang='grc' dir='ltr'><em>δὲ</em></span> <span class='ocrx_word' id='word_1_260' title='bbox 371 2210 506 2251; x_wconf 84' lang='grc' dir='ltr'><em>Τάτιος</em></span> <span class='ocrx_word' id='word_1_261' title='bbox 537 2216 610 2245; x_wconf 89' lang='grc' dir='ltr'><em>τῶν</em></span> <span class='ocrx_word' id='word_1_262' title='bbox 644 2209 800 2254; x_wconf 79' lang='grc' dir='ltr'><em>ἑταίρων</em></span> <span class='ocrx_word' id='word_1_263' title='bbox 832 2209 1092 2269; x_wconf 81' lang='grc' dir='ltr'><em>περιεχόμενος</em></span> <span class='ocrx_word' id='word_1_264' title='bbox 1124 2210 1191 2245; x_wconf 85' lang='grc' dir='ltr'><em>οὐκ</em></span> <span class='ocrx_word' id='word_1_265' title='bbox 1225 2207 1330 2254; x_wconf 81' lang='grc' dir='ltr'><em>ἠξίου</em></span> <span class='ocrx_word' id='word_1_266' title='bbox 1359 2206 1432 2251; x_wconf 85' lang='grc' dir='ltr'><em>πρὸ</em></span> <span class='ocrx_word' id='word_1_267' title='bbox 1460 2205 1566 2251; x_wconf 89' lang='grc' dir='ltr'><em>δικης</em></span> <span class='ocrx_word' id='word_1_268' title='bbox 1592 2206 1696 2246; x_wconf 71' lang='grc' dir='ltr'><em>τιιὰς</em></span> <span class='ocrx_word' id='word_1_269' title='bbox 1721 2203 1785 2239; x_wconf 80' lang='grc' dir='ltr'><em>ὑπ’</em></span> 
     </span>
     <span class='ocr_line' id='line_1_33' title="bbox 254 2251 1785 2304; baseline -0.005 -10"><span class='ocrx_word' id='word_1_270' title='bbox 254 2259 399 2304; x_wconf 79' lang='grc' dir='ltr'><em>ἐχθρῶν</em></span> <span class='ocrx_word' id='word_1_271' title='bbox 432 2258 647 2303; x_wconf 79' lang='grc' dir='ltr'><em>ἀπάγεσθαι</em></span> <span class='ocrx_word' id='word_1_272' title='bbox 680 2259 744 2293; x_wconf 84' lang='grc' dir='ltr'><em>καὶ</em></span> <span class='ocrx_word' id='word_1_273' title='bbox 775 2264 892 2292; x_wconf 89' lang='grc' dir='ltr'><em>ταῦτα</em></span> <span class='ocrx_word' id='word_1_274' title='bbox 923 2256 1076 2297; x_wconf 81' lang='grc' dir='ltr'><em>πολιτας</em></span> <span class='ocrx_word' id='word_1_275' title='bbox 1103 2257 1213 2296; x_wconf 83' lang='grc' dir='ltr'><em>ὄντας</em></span> <span class='ocrx_word' id='word_1_276' title='bbox 1238 2256 1310 2290; x_wconf 84' lang='grc' dir='ltr'><em>ὑπὸ</em></span> <span class='ocrx_word' id='word_1_277' title='bbox 1338 2255 1469 2298; x_wconf 80' lang='grc' dir='ltr'><em>ξέν·ων</em></span> <span class='ocrx_word' id='word_1_278' title='bbox 1504 2254 1723 2295; x_wconf 82' lang='grc' dir='ltr'><em>δικάζεσθαι</em></span> <span class='ocrx_word' id='word_1_279' title='bbox 1749 2251 1785 2287; x_wconf 82' lang='grc' dir='ltr'><em>δ’</em></span> 
     </span>
     <span class='ocr_line' id='line_1_34' title="bbox 254 2301 1789 2350; baseline -0.004 -10"><span class='ocrx_word' id='word_1_280' title='bbox 254 2307 381 2346; x_wconf 86' lang='grc' dir='ltr'><em>αὐτοῖς</em></span> <span class='ocrx_word' id='word_1_281' title='bbox 406 2306 547 2341; x_wconf 82' lang='grc' dir='ltr'><em>ἐκέλευε</em></span> <span class='ocrx_word' id='word_1_282' title='bbox 572 2319 659 2344; x_wconf 83' lang='grc' dir='ltr'><em>τους</em></span> <span class='ocrx_word' id='word_1_283' title='bbox 684 2306 892 2350; x_wconf 82' lang='grc' dir='ltr'><em>ἠδικῆσθαι</em></span> <span class='ocrx_word' id='word_1_284' title='bbox 920 2304 1093 2350; x_wconf 85' lang='grc' dir='ltr'><em>λέγοντας</em></span> <span class='ocrx_word' id='word_1_285' title='bbox 1120 2305 1171 2345; x_wconf 87' lang='grc' dir='ltr'><em>εἰς</em></span> <span class='ocrx_word' id='word_1_286' title='bbox 1186 2303 1327 2349; x_wconf 86' lang='grc' dir='ltr'><em>Ρώμην</em></span> <span class='ocrx_word' id='word_1_287' title='bbox 1349 2301 1610 2348; x_wconf 78' lang='grc' dir='ltr'><em>ἀφικομένους.</em></span> <span class='ocrx_word' id='word_1_288' title='bbox 1650 2301 1727 2335; x_wconf 80' lang='lat' dir='ltr'><em>alia</em></span> <span class='ocrx_word' id='word_1_289' title='bbox 1747 2301 1789 2335; x_wconf 85' lang='lat' dir='ltr'><em>de</em></span> 
     </span>
     <span class='ocr_line' id='line_1_35' title="bbox 251 2354 1011 2397; baseline -0.001 -8"><span class='ocrx_word' id='word_1_290' title='bbox 251 2355 320 2389; x_wconf 82' lang='lat' dir='ltr'><em>hac</em></span> <span class='ocrx_word' id='word_1_291' title='bbox 345 2365 382 2389; x_wconf 80' lang='lat' dir='ltr'><em>re</em></span> <span class='ocrx_word' id='word_1_292' title='bbox 407 2354 510 2396; x_wconf 82' lang='lat' dir='ltr'><strong><em>fama</em></strong></span> <span class='ocrx_word' id='word_1_293' title='bbox 536 2365 595 2397; x_wconf 82' lang='lat' dir='ltr'><em>ap</em></span> <span class='ocrx_word' id='word_1_294' title='bbox 617 2354 892 2397; x_wconf 72' lang='lat' dir='ltr'><em>Liuiuml,14,</em></span> <span class='ocrx_word' id='word_1_295' title='bbox 909 2356 1011 2388; x_wconf 84' lang='grc'><em>1-3.</em></span> 
     </span>
    </p>

    <p class='ocr_par' dir='ltr' id='par_1_10' title="bbox 255 2395 1788 2494">
     <span class='ocr_line' id='line_1_36' title="bbox 349 2395 1788 2445; baseline -0.003 -11"><span class='ocrx_word' id='word_1_296' title='bbox 349 2401 387 2436; x_wconf 79' lang='lat'><em>6.</em></span> <span class='ocrx_word' id='word_1_297' title='bbox 415 2402 496 2436; x_wconf 83' lang='lat' dir='ltr'><em>Iam</em></span> <span class='ocrx_word' id='word_1_298' title='bbox 520 2401 665 2436; x_wconf 82' lang='lat' dir='ltr'><em>Krause</em></span> <span class='ocrx_word' id='word_1_299' title='bbox 684 2412 719 2445; x_wconf 81' lang='lat' dir='ltr'><em>p.</em></span> <span class='ocrx_word' id='word_1_300' title='bbox 732 2403 807 2436; x_wconf 77' lang='lat'><em>237</em></span> <span class='ocrx_word' id='word_1_301' title='bbox 832 2401 1001 2445; x_wconf 76' lang='lat' dir='ltr'><em>auspicia</em></span> <span class='ocrx_word' id='word_1_302' title='bbox 1026 2401 1105 2443; x_wconf 77' lang='lat' dir='ltr'><em>illa,</em></span> <span class='ocrx_word' id='word_1_303' title='bbox 1131 2411 1235 2444; x_wconf 74' lang='lat' dir='ltr'><em>quae,</em></span> <span class='ocrx_word' id='word_1_304' title='bbox 1260 2410 1340 2434; x_wconf 80' lang='lat' dir='ltr'><em>cum</em></span> <span class='ocrx_word' id='word_1_305' title='bbox 1359 2398 1447 2433; x_wconf 81' lang='lat' dir='ltr'><em>urbs</em></span> <span class='ocrx_word' id='word_1_306' title='bbox 1466 2396 1689 2437; x_wconf 74' lang='lat' dir='ltr'><em>conderetur,</em></span> <span class='ocrx_word' id='word_1_307' title='bbox 1715 2395 1788 2430; x_wconf 83' lang='lat' dir='ltr'><em>Ro-</em></span> 
     </span>
     <span class='ocr_line' id='line_1_37' title="bbox 255 2449 1027 2494; baseline 0.001 -12"><span class='ocrx_word' id='word_1_308' title='bbox 255 2449 351 2484; x_wconf 78' lang='lat' dir='ltr'><em>mulo</em></span> <span class='ocrx_word' id='word_1_309' title='bbox 377 2450 615 2494; x_wconf 48' lang='lat' dir='ltr'><em>contulerunt,</em></span> <span class='ocrx_word' id='word_1_310' title='bbox 641 2449 716 2484; x_wconf 58' lang='grc' dir='ltr'><em>ἄνοι’</em></span> <span class='ocrx_word' id='word_1_311' title='bbox 737 2450 943 2492; x_wconf 77' lang='lat' dir='ltr'><em>suspicatus</em></span> <span class='ocrx_word' id='word_1_312' title='bbox 969 2452 1027 2483; x_wconf 78' lang='lat' dir='ltr'><em>est.</em></span> 
     </span>
    </p>

    <p class='ocr_par' dir='ltr' id='par_1_11' title="bbox 349 2490 1786 2539">
     <span class='ocr_line' id='line_1_38' title="bbox 349 2490 1786 2539; baseline -0.006 -8"><span class='ocrx_word' id='word_1_313' title='bbox 349 2496 387 2530; x_wconf 86' lang='grc'><em>8.</em></span> <span class='ocrx_word' id='word_1_314' title='bbox 416 2496 470 2539; x_wconf 61' lang='grc' dir='ltr'><em>Οἵ</em></span> <span class='ocrx_word' id='word_1_315' title='bbox 495 2496 584 2531; x_wconf 78' lang='lat' dir='ltr'><em>Gen</em></span> <span class='ocrx_word' id='word_1_316' title='bbox 611 2496 657 2538; x_wconf 82' lang='lat' dir='ltr'><em>fr</em></span> <span class='ocrx_word' id='word_1_317' title='bbox 677 2499 732 2531; x_wconf 85' lang='grc'><em>18.</em></span> <span class='ocrx_word' id='word_1_318' title='bbox 772 2499 882 2531; x_wconf 71' lang='lat' dir='ltr'>antea</span> <span class='ocrx_word' id='word_1_319' title='bbox 911 2497 951 2530; x_wconf 79' lang='lat' dir='ltr'><em>in</em></span> <span class='ocrx_word' id='word_1_320' title='bbox 977 2496 1076 2531; x_wconf 68' lang='lat' dir='ltr'><em>bellas</em></span> <span class='ocrx_word' id='word_1_321' title='bbox 1109 2495 1206 2530; x_wconf 68' lang='lat' dir='ltr'><em>Anci</em></span> <span class='ocrx_word' id='word_1_322' title='bbox 1232 2493 1373 2528; x_wconf 81' lang='lat' dir='ltr'>Marcii</span> <span class='ocrx_word' id='word_1_323' title='bbox 1404 2492 1694 2534; x_wconf 71' lang='lat' dir='ltr'><em>Latinorumque</em></span> <span class='ocrx_word' id='word_1_324' title='bbox 1728 2490 1786 2524; x_wconf 82' lang='lat' dir='ltr'><em>de-</em></span> 
     </span>
    </p>
   </div>
   <div class='ocr_carea' id='block_1_7' title="bbox 249 2569 424 2575">
    <p class='ocr_par' dir='ltr' id='par_1_12' title="bbox 249 2569 424 2575">
     <span class='ocr_line' id='line_1_39' title="bbox 249 2569 424 2575; baseline 0 0"><span class='ocrx_word' id='word_1_325' title='bbox 249 2569 424 2575; x_wconf 95' lang='lat' dir='ltr'><em> </em></span> 
     </span>
    </p>
   </div>
   <div class='ocr_carea' id='block_1_8' title="bbox 251 2609 1723 2898">
    <p class='ocr_par' dir='ltr' id='par_1_13' title="bbox 341 2609 798 2664">
     <span class='ocr_line' id='line_1_40' title="bbox 341 2609 798 2664; baseline 0.002 -13"><span class='ocrx_word' id='word_1_326' title='bbox 341 2609 386 2664; x_wconf 78' lang='lat'><em>4,</em></span> <span class='ocrx_word' id='word_1_327' title='bbox 417 2616 436 2651; x_wconf 87' lang='lat'>1</span> <span class='ocrx_word' id='word_1_328' title='bbox 468 2613 644 2652; x_wconf 86' lang='lat' dir='ltr'>ordinem</span> <span class='ocrx_word' id='word_1_329' title='bbox 669 2615 798 2652; x_wconf 76' lang='lat' dir='ltr'><em>Paris.</em></span> 
     </span>
    </p>

    <p class='ocr_par' dir='ltr' id='par_1_14' title="bbox 343 2668 752 2723">
     <span class='ocr_line' id='line_1_41' title="bbox 343 2668 752 2723; baseline 0 -13"><span class='ocrx_word' id='word_1_330' title='bbox 343 2668 388 2723; x_wconf 81' lang='grc'><em>6,</em></span> <span class='ocrx_word' id='word_1_331' title='bbox 417 2675 469 2711; x_wconf 85' lang='grc'><em>17</em></span> <span class='ocrx_word' id='word_1_332' title='bbox 499 2673 670 2712; x_wconf 81' lang='lat' dir='ltr'>lucinius</span> <span class='ocrx_word' id='word_1_333' title='bbox 695 2670 752 2710; x_wconf 82' lang='lat' dir='ltr'><em>L¹</em></span> 
     </span>
    </p>

    <p class='ocr_par' dir='ltr' id='par_1_15' title="bbox 251 2727 1723 2839">
     <span class='ocr_line' id='line_1_42' title="bbox 344 2727 1723 2782; baseline -0.005 -12"><span class='ocrx_word' id='word_1_334' title='bbox 344 2728 386 2782; x_wconf 81' lang='grc'><em>7,</em></span> <span class='ocrx_word' id='word_1_335' title='bbox 414 2733 465 2771; x_wconf 84' lang='grc'><em>19</em></span> <span class='ocrx_word' id='word_1_336' title='bbox 493 2732 677 2770; x_wconf 83' lang='lat' dir='ltr'>licinnius</span> <span class='ocrx_word' id='word_1_337' title='bbox 702 2733 794 2771; x_wconf 84' lang='lat' dir='ltr'><em>Par.</em></span> <span class='ocrx_word' id='word_1_338' title='bbox 809 2728 865 2771; x_wconf 83' lang='lat' dir='ltr'><em>R¹</em></span> <span class='ocrx_word' id='word_1_339' title='bbox 879 2732 1020 2770; x_wconf 79' lang='lat' dir='ltr'><em>Bamb.</em></span> <span class='ocrx_word' id='word_1_340' title='bbox 1034 2732 1155 2770; x_wconf 76' lang='lat' dir='ltr'><em>Rern.</em></span> <span class='ocrx_word' id='word_1_341' title='bbox 1171 2731 1365 2770; x_wconf 75' lang='lat' dir='ltr'><em>Halberst.</em></span> <span class='ocrx_word' id='word_1_342' title='bbox 1380 2727 1553 2776; x_wconf 69' lang='lat' dir='ltr'><em>Sanyall.</em></span> <span class='ocrx_word' id='word_1_343' title='bbox 1571 2727 1723 2765; x_wconf 78' lang='lat' dir='ltr'><em>Gruter.</em></span> 
     </span>
     <span class='ocr_line' id='line_1_43' title="bbox 251 2788 1070 2839; baseline 0.002 -10"><span class='ocrx_word' id='word_1_344' title='bbox 251 2803 381 2829; x_wconf 80' lang='lat' dir='ltr'>marce</span> <span class='ocrx_word' id='word_1_345' title='bbox 407 2791 500 2829; x_wconf 81' lang='lat' dir='ltr'><em>Par.</em></span> <span class='ocrx_word' id='word_1_346' title='bbox 514 2788 569 2829; x_wconf 56' lang='lat'><em>12²¹</em></span> <span class='ocrx_word' id='word_1_347' title='bbox 693 2793 748 2830; x_wconf 84' lang='grc'><em>20</em></span> <span class='ocrx_word' id='word_1_348' title='bbox 773 2792 928 2829; x_wconf 73' lang='lat' dir='ltr'>miletes</span> <span class='ocrx_word' id='word_1_349' title='bbox 952 2791 1070 2839; x_wconf 71' lang='lat' dir='ltr'><em>Sany.</em></span> 
     </span>
    </p>

    <p class='ocr_par' dir='ltr' id='par_1_16' title="bbox 342 2845 1130 2898">
     <span class='ocr_line' id='line_1_44' title="bbox 342 2845 1130 2898; baseline 0.001 -11"><span class='ocrx_word' id='word_1_350' title='bbox 342 2845 384 2888; x_wconf 84' lang='lat'><em>8.</em></span> <span class='ocrx_word' id='word_1_351' title='bbox 416 2851 501 2888; x_wconf 71' lang='lat' dir='ltr'><em>Vici.</em></span> <span class='ocrx_word' id='word_1_352' title='bbox 529 2863 666 2898; x_wconf 71' lang='lat' dir='ltr'><em>appar.</em></span> <span class='ocrx_word' id='word_1_353' title='bbox 693 2853 774 2889; x_wconf 72' lang='lat' dir='ltr'><em>crit.</em></span> <span class='ocrx_word' id='word_1_354' title='bbox 801 2851 854 2889; x_wconf 86' lang='lat' dir='ltr'><em>ad</em></span> <span class='ocrx_word' id='word_1_355' title='bbox 882 2850 976 2889; x_wconf 76' lang='lat' dir='ltr'><em>Gen.</em></span> <span class='ocrx_word' id='word_1_356' title='bbox 1003 2851 1052 2897; x_wconf 81' lang='lat' dir='ltr'><em>fr.</em></span> <span class='ocrx_word' id='word_1_357' title='bbox 1076 2852 1130 2888; x_wconf 87' lang='grc'><em>18</em></span> 
     </span>
    </p>
   </div>
   <div class='ocr_carea' id='block_1_9' title="bbox 1812 903 1846 929">
    <p class='ocr_par' dir='ltr' id='par_1_17' title="bbox 1812 903 1846 929">
     <span class='ocr_line' id='line_1_45' title="bbox 1812 903 1846 929; baseline -0.029 0"><span class='ocrx_word' id='word_1_358' title='bbox 1812 903 1846 929; x_wconf 88' lang='grc'><em>10</em></span> 
     </span>
    </p>
   </div>
   <div class='ocr_carea' id='block_1_10' title="bbox 1811 1228 1844 1254">
    <p class='ocr_par' dir='ltr' id='par_1_18' title="bbox 1811 1228 1844 1254">
     <span class='ocr_line' id='line_1_46' title="bbox 1811 1228 1844 1254; baseline 0.03 -1"><span class='ocrx_word' id='word_1_359' title='bbox 1811 1228 1844 1254; x_wconf 84' lang='grc'><em>15</em></span> 
     </span>
    </p>
   </div>
   <div class='ocr_carea' id='block_1_11' title="bbox 1809 1553 1844 1579">
    <p class='ocr_par' dir='ltr' id='par_1_19' title="bbox 1809 1553 1844 1579">
     <span class='ocr_line' id='line_1_47' title="bbox 1809 1553 1844 1579; baseline 0 0"><span class='ocrx_word' id='word_1_360' title='bbox 1809 1553 1844 1579; x_wconf 75' lang='lat'><em>20</em></span> 
     </span>
    </p>
   </div>
   <div class='ocr_carea' id='block_1_12' title="bbox 1993 0 2002 1607">
    <p class='ocr_par' dir='ltr' id='par_1_20' title="bbox 1993 0 2002 1607">
     <span class='ocr_line' id='line_1_48' title="bbox 1993 0 2002 1607; baseline 0 0"><span class='ocrx_word' id='word_1_361' title='bbox 1993 0 2002 1607; x_wconf 95' lang='lat' dir='ltr'><em> </em></span> 
     </span>
    </p>
   </div>
  </div>
 </body>
</html>
