2002 3342
289 215 458 246 CCLVIII
623 200 686 235 DE
714 199 1021 235 SCRIPTORVM
1049 199 1172 235 VITIS
1198 200 1259 234 ΕΤ
1286 200 1491 235 SCRIPTIS

287 314 450 352 historia
479 314 595 350 etiam
622 313 745 362 magis
772 313 878 349 nitor
904 311 1061 362 quidam
1090 312 1343 361 argutiaeque
1364 312 1675 362 requirerentur,
1703 311 1818 349 etiam

288 391 308 417 a
328 377 466 416 Rutilii
480 379 560 415 uita
578 376 780 426 deterruit,
808 388 922 427 quam
944 376 992 414 ob
1015 388 1170 414 causam
1192 388 1241 414 ne
1263 375 1400 414 Cicero
1421 375 1579 426 quidem
1601 377 1685 414 eius
1712 388 1820 414 men-

288 444 435 482 tionem
462 443 556 480 fecit
576 454 703 492 neque
727 443 932 492 quisquam
953 446 1042 479 ante
1063 441 1241 479 Tacitum
1271 437 1329 493 (in
1355 441 1481 491 Agric.
1505 453 1535 478 c.
1560 436 1616 494 1),
1644 442 1819 479 contine-

288 514 431 558 turque
469 509 553 545 eius
589 508 778 545 memoria
816 507 933 545 unius
973 507 1217 557 grammatici
1254 505 1468 556 diligentia,
1504 518 1549 543 ex
1587 518 1662 556 quo
1699 518 1819 556 pauca

289 574 507 623 fragmenta
541 569 726 623 (fil—15)
759 571 968 609 Diomedes
1004 576 1042 609 et
1075 570 1276 609 Charisius
1309 567 1450 624 (unum
1478 572 1595 609 etiam
1628 567 1822 624 Isidorus)

289 642 574 688 excerpserunt
601 632 699 690 (uid.
727 649 844 688 supra
871 650 906 687 p.
930 632 1100 690 CCLIII).

381 702 515 741 Simile
543 703 664 752 igitur
684 702 756 740 fuit
777 714 902 752 genus
925 701 1076 739 dicendi
1103 701 1239 739 Scauri
1261 707 1299 739 et
1319 701 1465 750 Rutilii,
1495 700 1650 738 diuersa
1672 699 1823 739 indoles

291 774 329 807 et
362 767 550 806 doctrina.
589 769 720 818 itaque
754 767 858 806 hunc
885 767 1024 805 Cicero
1058 768 1097 804 iu
1133 766 1252 804 Bruto
1287 762 1374 819 (30,
1407 762 1509 818 116)
1541 767 1645 804 inter
1672 765 1823 804 Stoicos

290 833 526 883 numerauit,
552 831 664 871 illum
691 834 795 870 inter
822 833 1013 882 antiquos,
1039 831 1105 869 ille
1132 831 1270 869 callide
1299 831 1345 869 de
1373 830 1536 869 consilio
1563 843 1632 869 suo
1660 831 1825 869 recessit

292 894 457 952 (Sallust
482 898 564 947 lug.
590 894 653 947 15,
674 893 734 951 4),
767 897 831 935 hic
858 902 1095 947 constanter,
1128 902 1172 935 ut
1204 894 1341 947 ‘prope
1370 896 1569 947 perfectus
1601 897 1641 934 in
1674 893 1823 934 stoicis'

292 960 418 1017 (Brut.
442 960 510 1013 30,
534 958 620 1016 14),
653 974 861 1013 personam
890 974 999 1000 suam
1028 967 1066 1000 et
1097 962 1225 1000 locum
1253 961 1433 1000 obtinuit.
1468 960 1571 1011 quod
1599 962 1631 999 si
1658 966 1825 1011 uterque

293 1029 428 1068 eadem
450 1030 600 1066 ratione
621 1029 744 1065 uitam
766 1039 875 1065 suam
898 1029 1113 1078 scriptione
1141 1027 1336 1077 explicare
1365 1032 1402 1065 et
1430 1025 1641 1065 defendere
1663 1031 1827 1064 conatus

294 1100 364 1144 est,
391 1106 468 1132 non
497 1098 635 1144 sponte
663 1092 703 1130 id
729 1091 899 1130 Rutilius
933 1094 1154 1143 suscepisse
1181 1091 1350 1131 uidetur.
1384 1104 1473 1130 nam
1500 1096 1541 1130 ut
1568 1092 1609 1129 in
1635 1092 1714 1129 uita
1742 1092 1826 1142 ipsa

293 1172 409 1210 saepe
438 1159 692 1209 grauissimas
718 1158 945 1196 inimicitias
975 1159 1161 1206 exercuit,
1190 1159 1246 1195 sic
1273 1159 1390 1195 etiam
1417 1157 1457 1194 in
1485 1156 1584 1194 libro
1611 1169 1680 1194 suo
1709 1156 1826 1194 Scau-

294 1237 381 1263 rum
406 1237 474 1262 sua
503 1228 639 1274 sponte
666 1223 958 1261 uehementiam
985 1235 1094 1261 suam
1123 1222 1309 1261 effudisse
1331 1227 1637 1260 consentaneum
1664 1226 1734 1271 est,
1760 1220 1825 1258 hic

294 1295 424 1329 autem
446 1289 614 1338 iniuriis,
635 1287 864 1338 mendaciis,
878 1289 1065 1338 periuriis
1087 1293 1305 1325 commotus
1327 1300 1346 1325 a
1368 1299 1409 1325 se
1430 1288 1495 1324 uix
1517 1287 1754 1337 impetrauit,
1772 1292 1828 1335 ut,

294 1356 529 1408 praesertim
557 1366 646 1392 cum
680 1354 796 1392 etiam
825 1353 988 1391 aliorum
1018 1353 1141 1391 famae
1168 1354 1302 1403 inique
1331 1358 1368 1390 et
1401 1351 1540 1390 acerbe
1575 1351 1828 1389 maledictum

296 1427 402 1459 esset
428 1421 723 1469 amicorumque
751 1419 902 1466 cohors,
930 1430 1006 1468 qua
1033 1419 1240 1456 comitatus
1267 1418 1307 1455 iu
1328 1418 1459 1455 Asiam
1481 1421 1710 1466 secesserat,
1738 1427 1828 1454 eum

295 1487 514 1535 instigaret,
533 1484 624 1522 talia
645 1484 800 1522 silentio
819 1484 1118 1522 transmitteret.
1151 1495 1240 1520 cum
1260 1484 1381 1533 igitur
1396 1482 1585 1533 Smyrnae
1606 1481 1827 1520 litterarum

297 1550 439 1590 studiis
460 1551 636 1588 intentus
657 1554 960 1587 consenesceret
986 1544 1116 1600 (Oros.
1139 1545 1176 1598 5,
1202 1546 1266 1598 17,
1291 1545 1375 1600 13),
1402 1546 1604 1598 respondit
1631 1545 1734 1597 apud
1759 1545 1830 1584 La—

297 1618 401 1655 tinos
422 1614 533 1653 libris
554 1616 761 1652 minimum
783 1615 956 1664 quinque
978 1614 1071 1650 item
1095 1612 1230 1651 Latine
1252 1613 1421 1663 scriptis.
1449 1611 1553 1650 idem
1574 1623 1670 1650 uero
1693 1610 1830 1649 doctus

298 1681 362 1720 ille
388 1682 452 1719 uir
479 1686 517 1718 et
538 1679 697 1718 Graecis
724 1679 868 1717 litteris
895 1678 1074 1716 eruditus
1103 1673 1228 1731 (Brut.
1251 1677 1274 1716 l.
1296 1673 1345 1731 s.)
1375 1678 1490 1715 etiam
1514 1674 1707 1727 ἱστορίας
1728 1688 1832 1714 com-

297 1747 441 1798 posuit,
462 1757 558 1796 quas
579 1744 811 1783 Plutarchus
834 1744 970 1782 citauit
990 1740 1056 1795 (fr.
1079 1739 1138 1796 5),
1164 1742 1388 1780 Athenaeus
1409 1742 1646 1792 significauit
1667 1736 1726 1794 (6,
1750 1737 1831 1779 108

298 1825 335 1864 p.
365 1809 485 1851 2740
506 1807 742 1856 Ῥουτίλιος
763 1805 945 1860 Ῥοῦφος
972 1806 994 1848 ὁ
1021 1807 1101 1859 τὴν
1127 1805 1312 1859 πάτριον
1345 1806 1544 1859 ἱστορίαν
1570 1802 1832 1858 γεγραφώς),

300 1889 467 1928 quarum
487 1877 562 1914 tria
584 1875 799 1926 fragmenta
821 1869 977 1927 (4-6)
999 1879 1132 1924 aperte
1154 1872 1309 1915 adeius
1329 1874 1451 1911 uitam
1478 1873 1679 1923 pertinent
1704 1872 1834 1909 inimi-

301 1944 492 1993 citiasque
504 1946 638 1979 contra
650 1939 899 1978 aduersarios
911 1940 1071 1990 spirant.
1085 1939 1339 1977 confirmatur
1349 1938 1422 1976 hoc
1431 1937 1597 1988 Appiani
1607 1937 1834 1974 testimonio

302 2003 421 2061 (Iber.
444 2002 537 2059 88),
571 2018 646 2056 quo
682 2003 966 2057 συγγραφεὺς
995 2002 1133 2043 τῶνδε
1166 2008 1254 2042 τῶν
1285 1998 1429 2055 ἔργων
1454 2003 1478 2040 i.
1501 2014 1532 2040 e.
1554 2014 1687 2040 rerum
1715 2000 1761 2039 ab
1789 2012 1835 2039 eo

303 2073 499 2124 Scipionis
519 2073 630 2109 iussu
651 2070 698 2109 ad
713 2069 963 2108 Numantiam
984 2075 1183 2120 gestarum
1207 2068 1362 2107 dicitur.
1390 2073 1556 2118 utroque
1576 2067 1698 2117 igitur
1718 2077 1835 2117 opere

303 2171 476 2215 quoniam
506 2170 554 2203 sit
586 2168 712 2203 tendor
742 2171 869 2201 tentus.
903 2178 990 2201 ozam
1016 2169 1214 2200 ostentatus
1246 2169 1295 2199 est
1320 2165 1506 2208 frequens.-
1537 2164 1579 2197 P.
1602 2163 1768 2197 Rutilius
1794 2162 1837 2196 de

302 2225 382 2258 uita
414 2234 499 2258 sua:
536 2222 629 2255 ‘Vm'
661 2232 738 2255 «twa
770 2223 948 2254 ostentata
980 2219 1055 2254 est)
1090 2219 1184 2252 idem,
1213 2229 1280 2262 pro
1308 2218 1351 2251 L.
1375 2217 1516 2252 Cesutio
1543 2216 1611 2262 [sic
1638 2215 1737 2249 enim
1763 2215 1836 2249 duo

304 2276 409 2311 codd.
432 2275 609 2317 Parisini3
647 2276 740 2309 idem
769 2301 776 2308 .
800 2302 804 2306 .
830 2301 836 2306 .
862 2274 959 2308 satio
991 2272 1153 2317 Monac]
1186 2272 1235 2305 acl
1263 2271 1443 2315 poputum
1480 2281 1522 2305 ex
1556 2270 1620 2304 hoc
1652 2269 1838 2304 cleriuccuz‘t

300 2330 539 2375 participium
571 2328 682 2372 ‘quod
708 2338 769 2372 eyo
794 2338 848 2362 me
872 2337 974 2371 spero
1000 2325 1252 2367 ostenturmn’,
1280 2335 1354 2359 non
1380 2328 1606 2359 ostensurum
1626 2333 1737 2366 neque
1763 2327 1838 2356 ten-

304 2395 440 2418 sarum.
481 2385 521 2416 at,
553 2381 682 2416 eadem
713 2380 846 2422 uerba,
879 2390 975 2423 quae
1007 2379 1067 2413 hie
1099 2378 1297 2412 Diomedes
1325 2388 1369 2411 ex
1394 2376 1528 2410 Rutilii
1555 2375 1733 2418 oratione,
1759 2374 1837 2408 Pri-

306 2437 453 2471 scianus
481 2439 523 2469 10
551 2448 585 2479 p.
608 2438 676 2468 520
692 2434 735 2468 H.
767 2435 810 2468 ut
835 2444 878 2467 ex
911 2433 1077 2467 oratione
1112 2433 1261 2467 Catonis
1282 2442 1352 2475 pro
1378 2431 1497 2465 Lucio
1525 2430 1676 2465 Caesare
1703 2429 1751 2463 ad
1770 2439 1838 2473 po-

301 2491 433 2535 pulum
461 2490 609 2532 sumpta
636 2487 782 2530 adtulit,
811 2489 848 2521 et
874 2497 957 2520 cum
978 2486 1108 2520 Festus
1128 2497 1163 2529 p.
1179 2488 1245 2518 301
1268 2484 1382 2518 uerba
1403 2483 1587 2527 quaedam
1608 2493 1651 2516 ex
1671 2481 1839 2516 oratione

308 2543 470 2583 Catonis,
504 2553 615 2585 quam
647 2552 714 2585 pro
746 2540 784 2575 L.
813 2539 982 2574 Caesetio
1017 2538 1162 2579 dixerit,
1195 2537 1325 2571 laudet
1358 2539 1404 2581 (p.
1427 2539 1470 2570 63
1503 2535 1622 2579 Iord.),
1655 2546 1840 2578 nusquam

308 2595 504 2637 orationis,
549 2605 661 2638 quam
707 2593 871 2628 Rutilius
915 2604 981 2637 pro
1027 2591 1157 2625 eodem
1202 2592 1267 2624 aut
1311 2589 1443 2624 similis
1487 2588 1646 2623 nominis
1691 2588 1840 2622 homine

307 2649 492 2691 habuerit,
519 2648 658 2682 mentio
684 2647 760 2690 fiat,
787 2646 912 2680 nullus
939 2645 1080 2687 dubito,
1108 2644 1197 2688 quin
1223 2643 1413 2677 Prisciano
1439 2643 1483 2676 de
1503 2642 1652 2676 nomine
1672 2640 1840 2684 oratoris,

308 2701 481 2736 Diomedi
514 2701 559 2735 de
593 2700 727 2734 cliente
759 2699 851 2734 fides
884 2698 1058 2733 habenda
1085 2697 1134 2731 sit·l
1159 2699 1197 2731 et,
1223 2697 1323 2740 apud
1350 2695 1568 2730 Diomedem
1594 2695 1728 2729 lacuna.
1754 2695 1840 2728 ante

308 2767 344 2790 u.
365 2755 459 2790 idem
486 2754 695 2796 statuenda,
727 2763 802 2796 qua
832 2753 1010 2786 haustum
1043 2751 1090 2785 sit,
1121 2749 1271 2784 Catonis
1306 2749 1459 2793 aliquod
1484 2748 1746 2793 fragmentum.
1787 2747 1842 2782 De

311 2808 395 2843 aliis
429 2810 505 2842 eius
539 2806 786 2849 orationibus,
822 2816 915 2849 quas
947 2805 1042 2839 dixit
1073 2805 1202 2838 contra
1235 2802 1413 2837 Scaurum
1443 2803 1479 2836 et
1505 2803 1630 2836 contra
1655 2800 1842 2845 Apicium,

312 2872 408 2906 quae
436 2862 626 2905 comperta
650 2859 848 2902 habemus,
879 2858 955 2892 iam
982 2869 1093 2902 supra
1126 2855 1354 2901 collegimus.
1394 2854 1438 2888 cf.
1460 2854 1586 2897 Meyer
1610 2865 1646 2898 p.
1668 2856 1735 2887 263
1762 2864 1840 2896 sqq.
