2002 3342
661 174 900 210 VALERIVS
928 174 1103 209 ANTIAS
1512 187 1649 217 (fC('X1

116 304 222 330 mum
259 296 294 328 et
333 297 508 340 tempore
546 294 583 326 et
618 300 691 326 usu
726 289 761 324 ei
796 287 917 324 l'uisse
951 285 1156 323 Claudium
1190 285 1492 335 Quadrigarium
1531 297 1649 335 supra

116 364 170 407 (p.
193 351 318 408 (six)
352 354 530 405 pluribus
565 353 817 403 exposuimus
855 350 1255 400 contirmabimusque
1290 351 1340 387 ita
1378 356 1421 388 ut
1454 349 1650 387 Valerium

116 423 233 460 etiam
257 420 394 470 gentili
410 419 668 458 aemulatione
692 416 918 467 inuidiaque
939 421 1160 466 permotum
1184 416 1224 452 in
1247 420 1447 453 certamen
1467 420 1504 453 et
1525 414 1651 453 laudis

116 488 291 537 gentium
319 490 356 523 et
384 485 571 522 historiae
600 481 852 521 descendisse
881 487 918 519 et
944 487 987 519 ut
1007 485 1133 518 aetate
1161 480 1390 517 inferiorem
1412 479 1650 518 abundantia

118 563 249 590 rerum
284 549 562 600 illecebrisque
591 548 772 586 oratoriis
801 546 1075 584 iucundiorem
1103 557 1144 583 se
1170 556 1241 595 pro
1269 544 1334 582 illo
1362 546 1401 582 in
1430 544 1651 595 aequalium

117 628 278 655 suorum
307 615 514 653 lectionem
542 614 765 651 insinuasse
789 611 1010 650 doceamus.
1050 622 1287 661 quamquam
1317 610 1388 647 hoc
1411 609 1583 648 studium
1612 611 1650 647 in

117 683 214 732 ipsis
242 681 471 730 fragmentis
498 676 676 730 (praeter
703 679 748 715 t'r.
768 673 840 729 17)
869 676 1135 714 oblitteratum
1163 680 1233 725 est,
1262 676 1374 713 cuius
1401 676 1567 725 uestigia
1591 675 1652 713 Li-

117 748 207 785 uius
234 747 435 784 nimietate
463 745 637 782 offensus
665 742 877 780 obscurare
906 741 1052 790 maluit,
1078 746 1121 778 ut
1143 745 1256 778 antea
1276 739 1454 778 Valerius
1476 739 1653 778 eiusdem

118 811 365 861 Quadrigarii
398 808 535 860 studii;
570 808 690 846 nihilo
724 808 854 845 minus
882 811 919 844 et
953 805 1055 856 apud
1082 805 1187 844 hune
1220 810 1258 843 et
1291 804 1392 856 apud
1424 804 1653 855 Dionysium

119 876 485 915 Halicarnasensem
506 873 839 923 Plutarchumque
866 873 907 909 in
934 872 1014 909 uita
1036 870 1267 921 Poplicolae,
1294 882 1461 921 quorum
1489 871 1653 921 scripto-

119 955 205 980 rum
233 942 463 979 memoriam
492 939 539 977 ad
566 939 761 977 Antiatem
790 937 918 976 redire
947 941 1191 987 compertum
1221 932 1338 986 estl),
1373 935 1654 986 quaerentibus

121 1008 215 1045 satis
243 1006 362 1044 multa
390 1004 570 1055 indagata
597 1009 699 1053 sunt,
728 1016 826 1054 quae
854 1015 958 1040 nnnc
985 1000 1327 1052 perlustrabimus.
1366 1012 1456 1038 narn
1484 1001 1559 1038 etsi
1578 1001 1654 1038 iam

120 1072 424 1110 commentarios
449 1069 616 1120 gentiles
639 1068 684 1107 de
707 1074 887 1106 ueterum
903 1067 1147 1105 Valeriorum
1167 1065 1384 1104 honoribus
1404 1065 1525 1103 multa
1547 1077 1654 1103 men-

121 1137 229 1175 dacia
258 1138 293 1175 ei
315 1134 644 1187 suppeditauisse,
673 1146 768 1181 quos
790 1134 983 1171 Antiatem
1012 1132 1235 1170 excussisse
1257 1136 1563 1169 consentaneum
1586 1136 1656 1177 est,

120 1215 166 1240 ex
195 1201 332 1252 elogiis
361 1200 589 1250 didicimus,
623 1199 685 1237 hic
720 1204 849 1237 tamen
880 1198 1028 1248 effecit,
1060 1203 1103 1235 ut
1135 1209 1180 1235 ex
1208 1196 1365 1235 illorum
1393 1196 1589 1235 thesauris
1615 1197 1655 1234 in

121 1268 272 1305 litteras
288 1271 613 1317 propagarentur,
635 1266 687 1303 ita
702 1270 744 1302 ut
761 1265 877 1302 etiam
894 1275 999 1302 nunc
1015 1262 1419 1301 ClaudiiValeriorum
1435 1261 1657 1313 frequentia

120 1333 312 1371 honorum
341 1336 581 1382 superentur
608 1329 752 1380 diuque
780 1331 819 1367 in
847 1329 1035 1367 memoria
1062 1332 1195 1366 nostra
1222 1329 1356 1377 inique
1384 1328 1540 1365 tractati
1567 1328 1655 1365 sint.

210 1397 344 1447 Itaque
372 1408 507 1434 omnes
533 1395 726 1445 Valerios,
759 1396 826 1445 qui
853 1400 942 1432 ante
974 1394 1168 1431 Antiatem
1196 1405 1363 1430 censura
1397 1393 1522 1430 suncti
1554 1397 1656 1442 sunt,

122 1468 279 1514 praeter
310 1474 432 1500 unum
468 1460 514 1499 de
545 1461 756 1499 seueritate
799 1472 867 1498 sua
901 1458 1077 1497 laudatos
1112 1470 1199 1496 esse
1236 1457 1421 1496 Muenzer
1448 1457 1469 1496 l.
1493 1470 1521 1496 s.
1548 1470 1584 1508 p.
1601 1456 1657 1496 62

122 1526 402 1566 animaduertit
433 1525 617 1576 idemque
644 1538 679 1576 p.
702 1521 891 1579 59s‹1q.2)
927 1530 1012 1563 octo
1040 1523 1213 1562 Valerios
1247 1524 1511 1573 enumerauit,
1547 1521 1657 1574 ‘quo-

124 1606 210 1632 rum
239 1605 301 1631 res
329 1593 368 1630 in
395 1591 508 1629 hellis
538 1591 638 1629 bene
666 1597 797 1641 gestae
825 1589 982 1628 aliunde
1010 1602 1086 1628 non
1114 1594 1228 1627 notae
1256 1590 1296 1626 in
1324 1589 1381 1626 eis
1410 1588 1511 1626 Liuii
1538 1589 1657 1639 parti-

123 1658 196 1697 bus
225 1663 471 1707 enarrantur,
499 1668 597 1707 quae
626 1668 671 1694 ex
697 1657 850 1694 Antiate
878 1652 1105 1704 fluxerunt’,
1132 1653 1196 1692 uel
1222 1653 1439 1704 legatorum
1461 1653 1657 1691 clarorum

122 1725 301 1762 uirorum
334 1722 498 1773 Papirii,
535 1721 724 1772 Marcelli,
760 1721 869 1759 Furii
902 1717 1091 1773 (Camilli,
1128 1720 1192 1757 cui
1220 1724 1264 1757 ut
1291 1717 1457 1757 ‘socium
1485 1715 1658 1769 imperii’

124 1879 228 1922 lium,
254 1878 415 1923 primum
441 1877 671 1919 historicum,
702 1876 766 1921 qui
793 1878 872 1911 arte
898 1876 1093 1910 historiam
1120 1876 1326 1910 Romanam
1353 1876 1560 1918 emmaum
1586 1886 1660 1909 non

124 1932 260 1977 puduit
286 1942 329 1966 ex
353 1930 576 1965 Hannibalis
604 1930 754 1965 cohorte
782 1942 887 1964 suum
915 1941 1008 1974 opus
1035 1931 1164 1973 aperte
1190 1929 1365 1973 supplere
1389 1928 1567 1972 (Scheller
1587 1928 1610 1963 l.
1632 1941 1658 1963 s.

124 1998 158 2030 p.
175 1989 219 2020 49
233 1997 284 2029 sq.
321 1984 439 2029 Polyb
469 1989 498 2026 1,
516 1989 570 2026 14,
586 1986 630 2028 5).
668 1984 794 2018 Liuius
821 1985 947 2017 autem
973 1985 1015 2016 ut
1040 1983 1078 2016 in
1106 1984 1210 2016 sexta
1237 1982 1472 2026 septimaque
1498 1982 1660 2027 pentade

124 2038 316 2073 Valerium
344 2050 427 2072 curn
455 2038 572 2073 altero
600 2040 711 2081 atque
739 2038 851 2071 etiam
880 2037 992 2070 tertio
1019 2037 1169 2070 auctore
1191 2035 1248 2080 (fr.
1270 2038 1328 2079 23)
1356 2035 1579 2079 coniungere
1603 2046 1660 2069 so-

125 2092 215 2126 litus
242 2094 312 2133 est,
344 2091 397 2125 ita
424 2102 521 2125 nunc
548 2091 653 2124 iuxta
679 2090 876 2135 Polybium
903 2092 939 2124 et
965 2089 1155 2124 Valerium
1184 2100 1250 2133 pro
1278 2088 1402 2123 Coelio
1429 2088 1508 2122 eius
1536 2091 1660 2123 aucto—

124 2156 201 2179 rem
223 2145 385 2179 Silenum
407 2144 640 2190 interposuit,
663 2156 734 2188 quo
756 2143 920 2178 Coelium
942 2143 1101 2177 multum
1122 2155 1229 2176 usum
1250 2153 1329 2177 esse
1347 2142 1534 2176 Ciceronis
1555 2141 1661 2175 testi—

126 2198 250 2233 monio
273 2198 327 2241 (fr.
346 2200 402 2242 11)
424 2200 581 2239 constat,
609 2197 734 2232 Coelio
762 2200 886 2231 autem
907 2196 1099 2230 Valerium
1121 2195 1346 2240 comparatis
1374 2195 1416 2228 fr.
1441 2199 1494 2228 26.
1518 2199 1560 2228 27
1581 2195 1660 2228 ueri

126 2252 248 2286 simile
275 2254 342 2293 est,
370 2252 433 2285 sed
461 2251 560 2295 quod
582 2251 726 2285 Silenus
748 2251 973 2294 Carthagine
1000 2261 1098 2284 noua
1125 2249 1338 2293 scorpiones
1364 2249 1522 2282 maiores
1544 2247 1661 2282 mino-

127 2317 257 2349 resque
284 2305 331 2339 ad
359 2305 554 2350 sexaginta
581 2307 709 2349 captos
730 2315 810 2339 esse
831 2304 1042 2348 scripserat,
1072 2303 1242 2337 Valerius
1263 2312 1457 2336 numerum
1478 2301 1660 2335 maiorum

127 2359 266 2393 centies
299 2359 413 2393 auxit.
454 2359 587 2393 similis
620 2359 717 2392 ratio
749 2358 846 2392 inter
879 2368 940 2392 eos
968 2357 1168 2391 intercedit
1194 2358 1307 2400 atque
1339 2356 1437 2390 inter
1462 2355 1661 2398 Polybium

127 2411 403 2455 Valeriumque.

225 2467 258 2508 1)
285 2465 467 2506 Quoniam
505 2468 590 2509 post
622 2465 811 2499 Antiatem
849 2464 963 2498 simili
1002 2464 1125 2498 studio
1165 2462 1453 2507 amplificandae
1490 2461 1662 2496 Valeriae

127 2517 250 2562 gentis
277 2518 417 2563 gloriae
452 2518 647 2552 historiam
682 2519 926 2562 deprauatam
960 2529 1038 2552 esse
1069 2529 1142 2551 non
1176 2517 1403 2560 accepimus,
1443 2518 1662 2561 argumenta

127 2571 272 2613 desunt,
300 2571 435 2615 quibus
462 2572 636 2606 inferiore
664 2572 843 2616 scriptore
864 2571 1105 2605 Plutarchum
1125 2582 1233 2604 usum
1255 2580 1333 2604 esse
1354 2569 1594 2613 suspicemur,
1620 2571 1662 2603 ut

129 2625 282 2669 quidam
302 2624 513 2659 uoluerunt.
549 2637 634 2658 nam
656 2626 685 2658 si
701 2626 807 2659 Liuio
828 2626 865 2660 et
879 2624 1058 2668 Dionysio
1080 2623 1251 2658 ueritatis
1266 2622 1538 2667 superlationes
1553 2633 1662 2665 quas-

129 2678 214 2712 dam
242 2677 401 2720 addidit,
422 2678 791 2722 cireumscripserunt
817 2678 855 2712 hi
877 2679 1042 2712 Antiatis
1064 2677 1317 2721 arrogantiam
1338 2676 1529 2721 gentilem,
1550 2687 1661 2719 quam

128 2742 201 2765 non
228 2730 434 2765 diminuere
461 2731 660 2776 biographi
687 2732 876 2766 intererat.
917 2731 990 2766 uid.
1012 2732 1056 2765 de
1084 2731 1163 2765 eius
1184 2731 1264 2764 uita
1285 2730 1383 2764 infra
1403 2742 1436 2774 p.
1455 2742 1569 2763 cccxn
1583 2741 1660 2773 sqq.

225 2787 257 2828 2)
289 2783 369 2818 Vid.
398 2785 476 2818 eius
504 2796 582 2829 cap.
598 2785 647 2819 VI
673 2786 711 2818 in
732 2785 818 2819 diss.
849 2785 917 2819 ‘De
943 2784 1053 2820 rebus
1079 2785 1117 2818 in
1139 2784 1372 2818 Valeriorum
1398 2784 1575 2817 honorem
1601 2781 1663 2815 fic-

127 2838 192 2872 tis'
222 2850 254 2882 p.
276 2841 425 2872 54—71.
