2002 3342
556 200 595 242 Q.
617 200 852 235 CLAVDIVS
880 199 1240 242 QVADRIGARIVS
1498 213 1668 243 coxon}

134 314 284 363 primus
312 311 507 350 Claudio
542 324 654 350 usus
689 318 761 349 est,
795 311 980 360 Liuius,
1015 313 1080 361 qui
1108 307 1382 363 quindecies1)
1411 311 1556 349 diserte
1579 324 1667 350 eum

136 377 320 427 laudauit,
348 378 465 415 etiam
494 378 651 427 saepius
676 378 792 415 tacite
815 377 1036 426 exscripsit,
1064 376 1194 427 idque,
1221 376 1324 427 quod
1346 389 1561 415 consensus
1583 378 1668 415 eius

135 455 223 481 cum
252 443 481 493 fragmentis
510 441 633 491 docet,
661 447 703 479 ut
730 443 900 492 primum
929 442 1013 479 eius
1041 441 1247 479 annalibus
1274 443 1332 479 uti
1360 444 1504 492 potuit7
1532 455 1550 480 a
1579 442 1668 480 libri

135 509 261 558 quinti
284 521 365 558 cap.
382 505 437 545 33
458 519 584 558 usque
606 506 653 544 ad
683 506 825 545 librum
852 506 1048 544 decimum
1071 506 1128 557 (o,
1143 505 1212 557 42,
1228 505 1266 545 5.
1294 505 1410 557 5319,
1430 507 1494 545 133.
1523 505 1560 557 9,
1576 505 1614 557 5,
1630 506 1667 546 2.

138 570 287 623 10,37,
306 568 429 625 13).2J)
470 573 510 610 in
540 573 653 610 tertia
682 571 826 610 decade
849 584 938 610 eum
966 573 1005 609 in
1027 571 1243 622 appendice
1265 571 1355 610 libri
1376 571 1444 623 25,
1460 570 1528 623 339,
1547 572 1598 611 12
1622 573 1668 611 de

135 637 174 675 L.
197 637 341 675 Marcio
364 639 535 688 inspexit
558 638 772 687 citauitque
794 649 870 675 una
893 649 981 675 eum
1004 636 1155 675 Valerio
1176 638 1330 675 Antiate
1353 637 1480 675 addita
1502 639 1669 677 auctori·

133 708 210 741 tate
233 702 417 752 Acihana,
445 709 620 741 ceterum
648 714 740 753 prae
767 701 925 752 Polybio
948 707 985 740 et
1006 701 1136 740 Coelio
1158 702 1362 753 Antipatro
1385 705 1572 753 seposuit,
1600 703 1669 741 sed

133 769 173 806 in
201 774 336 819 quarta
365 767 411 805 ad
439 780 528 806 eum
551 767 679 818 rediit⁷
706 767 773 805 uhi
796 769 968 818 primum
990 780 1078 805 eum
1107 766 1237 805 laudat
1259 765 1327 817 33,
1343 764 1408 817 10,
1425 767 1448 805 9
1473 770 1576 806 iuxta
1600 769 1668 807 Va-

135 833 276 872 lerium
305 839 342 871 et
369 832 585 884 Polybium,
613 845 730 883 quem
758 834 869 883 sequi
896 832 1056 881 mauult,
1085 832 1224 871 deinde
1253 834 1292 870 iu
1320 832 1455 871 eodem
1484 833 1583 871 libro
1609 833 1671 872 bis

134 896 185 951 (c.
203 895 305 949 3078
328 904 365 937 et
386 894 551 950 36,13),
578 904 749 948 utroque
778 897 862 936 loeo
884 910 972 936 eum
995 897 1158 947 Valerio,
1184 899 1225 935 in
1254 897 1352 936 llbro
1374 897 1510 935 XXXV
1525 896 1669 949 (13‚5)

134 966 173 1002 in
208 963 422 1015 appendice
455 975 531 1001 una
566 975 653 1001 cum
690 964 775 1001 eius
803 964 1036 1001 auctoritate
1064 963 1254 1013 miliana,
1287 965 1325 1001 in
1353 963 1452 1001 libro
1481 963 1670 1002 XXXVIII

134 1031 227 1068 item
248 1028 309 1067 bis
332 1024 383 1082 (c.
399 1025 504 1079 23,8
526 1041 614 1066 cum
630 1028 782 1066 Valerio
804 1034 841 1067 et
862 1026 930 1078 41,
949 1025 1036 1082 12),
1063 1030 1103 1066 in
1126 1027 1224 1066 libro
1247 1027 1362 1066 XLIV
1383 1029 1503 1067 semel
1527 1025 1576 1081 (c.
1598 1025 1669 1082 14)

134 1107 222 1133 cum
251 1093 406 1133 diuersa
428 1094 616 1132 memoria
640 1091 850 1143 ‘aliorum”,
879 1092 1048 1144 denique
1070 1095 1109 1131 in
1133 1100 1317 1144 excerpto
1338 1093 1468 1132 Orosii
1489 1095 1528 1132 in
1550 1094 1670 1132 bisto-

135 1161 190 1198 ria
219 1160 310 1198 anni
340 1156 435 1197 146.
457 1156 542 1197 608
566 1155 631 1211 (fr.
654 1156 721 1198 68.
744 1156 814 1208 69)
843 1164 882 1197 et
909 1156 977 1197 82.
1000 1156 1085 1196 672
1107 1158 1173 1210 (fr.
1196 1156 1283 1212 84).
1324 1158 1532 1198 admodum
1560 1160 1670 1198 uaria

133 1227 254 1276 igitur
280 1230 340 1263 est
366 1226 483 1263 etiam
511 1225 614 1262 intra
640 1236 706 1262 eos
734 1223 867 1274 libros,
894 1225 933 1262 in
956 1236 1054 1275 quos
1076 1223 1218 1263 Nissen
1240 1220 1669 1278 inquisiuit(XXX1-—

133 1287 263 1344 XLV),
291 1289 442 1328 Claudii
464 1289 684 1340 appellatio.
724 1302 814 1327 nam
836 1291 874 1327 in
897 1291 1046 1340 primae
1068 1289 1248 1340 pentadis
1271 1289 1422 1328 duobus
1444 1289 1555 1328 libris
1576 1291 1670 1328 cita-

136 1362 198 1394 tus
227 1361 299 1406 est,
326 1357 366 1393 in
394 1355 514 1393 altera
537 1361 575 1393 et
601 1356 716 1393 tertia
744 1356 784 1392 in
803 1367 900 1406 un03
928 1354 996 1393 sed
1018 1356 1092 1393 etsi
1113 1354 1290 1393 Valerius
1310 1356 1445 1394 Antias
1467 1357 1505 1393 in
1527 1357 1671 1394 ceteris

138 1420 322 1459 omnibus
343 1417 520 1472 (praeter
540 1432 662 1458 unum
684 1425 723 1458 et
743 1416 1008 1473 tricesimum)
1032 1421 1173 1458 citatus
1200 1419 1330 1459 locum
1351 1422 1435 1459 eius
1456 1433 1669 1471 occupasse

137 1486 307 1536 uidetur,
335 1487 522 1536 iniquitas
549 1485 686 1524 iudicii
713 1498 790 1523 non
817 1490 964 1524 mutata
992 1490 1062 1535 est,
1090 1498 1164 1536 qua
1189 1497 1279 1524 eum
1301 1498 1510 1537 aspergere
1533 1486 1671 1524 Liuius

135 1564 213 1590 non
242 1551 369 1590 desiit.
410 1552 574 1590 materia
601 1557 733 1589 tamen
761 1550 807 1588 ab
834 1556 1001 1601 utroque
1023 1550 1206 1589 similiter
1229 1551 1469 1589 conformata
1490 1564 1579 1589 cum
1600 1551 1670 1589 Po—

135 1616 236 1668 lybio
259 1617 406 1655 Graeco
434 1622 593 1655 auctore
620 1617 779 1654 omnino
803 1615 1062 1666 discrepabat,
1089 1628 1164 1666 qua
1187 1628 1229 1654 re
1250 1615 1295 1654 H.
1317 1615 1475 1655 Nisseni
1500 1618 1671 1655 acumini

135 1689 250 1733 atque
272 1681 490 1720 industriae
513 1682 687 1731 contigit,
708 1692 751 1724 ut
773 1693 872 1731 quae
894 1680 1105 1731 annalium,
1127 1693 1227 1732 quae
1241 1681 1392 1732 Polyhii
1413 1688 1556 1731 essent,
1579 1681 1671 1720 diri-

135 1753 257 1786 meret
292 1753 407 1798 atque
444 1746 540 1785 baec
574 1747 701 1797 capita
740 1759 785 1784 ex
820 1745 1025 1784 annalibus
1059 1752 1125 1785 aut
1151 1746 1302 1785 Claudii
1331 1753 1395 1785 aut
1416 1747 1557 1786 Valerii
1585 1760 1671 1786 esse

134 1818 316 1864 poneret:

349 1875 417 1928 32,
439 1876 615 1915 c.1—:-].
640 1875 765 1916 7—9.
787 1873 1012 1929 ,ΞΘ-3153)

349 1940 418 1993 33,
440 1955 470 1980 c.
488 1940 675 1980 21-27.
698 1940 765 1981 36.
787 1940 855 1980 37.
877 1940 1065 1981 42—45.

349 2005 417 2058 34,
439 2021 469 2046 c.
489 2006 643 2046 1-212.
664 2005 852 2046 42—48.
875 2005 1061 2047 52—57.

233 2118 266 2160 1)
293 2116 381 2150 Tres
414 2116 511 2150 enim
539 2115 659 2150 Orosii
692 2116 809 2158 locos,
843 2116 907 2160 qui
935 2115 1083 2150 Liuium
1113 2116 1319 2151 exscribere
1346 2117 1477 2151 solitus
1504 2120 1574 2158 est,
1607 2117 1672 2151 ad-

135 2170 340 2204 numeraui.

231 2225 264 2267 ⁶2)
292 2222 392 2257 Haec
420 2233 532 2256 eausa
557 2223 664 2257 nobis
690 2223 773 2261 fuit,
800 2225 843 2257 ut
869 2222 967 2256 Liuii
1000 2222 1237 2266 potissimum
1262 2223 1379 2258 uerba,
1404 2224 1441 2257 in
1469 2223 1594 2258 adnot.
1623 2224 1671 2257 ad

135 2276 348 2321 fragmenta
380 2275 603 2320 explicanda
635 2276 947 2318 adscriberemus,
981 2276 1080 2319 quod
1112 2276 1150 2309 in
1178 2275 1299 2310 altera
1324 2277 1485 2320 pentade
1512 2277 1671 2311 multum

136 2329 292 2365 Claudio
318 2341 427 2363 usum
453 2340 538 2363 eum
564 2340 644 2364 esse
671 2331 829 2364 constat.

232 2384 265 2427 3)
293 2383 332 2417 In
358 2382 453 2417 libro
474 2382 604 2426 XXXI,
629 2383 668 2416 in
694 2394 766 2427 quo
793 2384 942 2427 praeter
962 2382 1159 2426 Polybium
1185 2382 1372 2417 neminem
1396 2383 1585 2416 auctorem
1606 2394 1671 2417 no-

136 2436 307 2478 minauit,
329 2435 479 2470 dubitat
498 2435 632 2470 Nissen
660 2436 982 2482 Untersuchunyen
1003 2448 1037 2480 p.
1054 2440 1130 2470 131.
1155 2439 1234 2479 186,
1259 2447 1349 2469 num
1364 2435 1535 2470 Valerius
1563 2435 1670 2470 Clau-

137 2489 294 2533 diusque
320 2489 358 2523 in
380 2501 485 2523 usum
507 2489 632 2523 uocati
653 2489 734 2523 sint.
774 2489 865 2523 mihi
887 2492 1012 2524 tamen
1037 2500 1169 2534 parum
1190 2499 1269 2522 esse
1294 2488 1488 2532 probabile
1508 2489 1670 2532 uidetur,

137 2542 346 2582 Antiatem,
379 2553 490 2586 quem
523 2545 560 2576 et
592 2543 829 2577 antecedenti
862 2545 899 2576 et
931 2542 1140 2587 insequenti
1172 2541 1268 2576 libro
1294 2542 1515 2576 nominatim
1541 2542 1670 2576 Liuius

137 2595 283 2637 adtulit,
311 2595 348 2629 in
370 2595 439 2629 hoc
459 2595 554 2629 libro
569 2607 719 2640 prorsus
743 2596 931 2630 abiectum
952 2606 1043 2639 esse,
1063 2595 1424 2639 discrepantiaeque,
1451 2606 1543 2639 quas
1564 2596 1670 2629 inda-

138 2649 244 2694 gauit
269 2648 420 2692 Nissen,
453 2649 553 2682 haud
585 2650 712 2694 grauis
745 2649 923 2683 momenti
954 2654 1055 2691 sunt3
1095 2649 1208 2684 etiam
1235 2648 1273 2682 in
1300 2648 1405 2682 libris
1432 2649 1463 2683 V
1490 2651 1528 2683 et
1554 2648 1670 2683 XXIV

138 2713 246 2736 nemo
266 2702 399 2736 citatus
420 2704 486 2736 est.
527 2702 688 2745 denique
709 2702 799 2747 quid
820 2702 989 2746 impedit,
1016 2703 1225 2746 quominus,
1247 2701 1311 2736 ubi
1331 2702 1457 2736 Liuius
1479 2713 1500 2737 a
1521 2702 1670 2737 Valerio

139 2754 352 2789 discessisse
384 2755 550 2797 uidetur,
589 2754 786 2789 Claudium
818 2755 1103 2800 transscriptum
1135 2766 1215 2790 esse
1242 2755 1513 2798 existimemus,
1548 2756 1612 2790 ubi
1649 2766 1671 2790 a

139 2807 312 2849 Claudio,
341 2807 552 2843 Valerium?
591 2808 776 2843 fluxerunt
807 2808 923 2854 igitur
955 2819 998 2843 ex
1031 2809 1245 2843 alterutrius
1279 2808 1476 2843 annalibus
1508 2809 1546 2843 in
1573 2809 1670 2843 libro

138 2860 256 2895 XXXI
277 2872 306 2896 C.
325 2865 450 2904 1-14,
466 2866 496 2895 5.
527 2864 675 2896 19—22.
698 2865 849 2896 47—50.
