2002 3342
280 632 339 678 Π.
379 631 461 678 DE
489 630 913 677 LITTERARVM
937 628 1374 678 MONVMENTIS
1401 628 1742 695 PRIVATIS¹>

334 744 445 794 Apud
472 744 732 782 Athenienses
765 744 981 794 antiquitus
1014 744 1054 781 in
1087 744 1279 793 originem
1307 744 1482 793 gentium
1511 742 1622 782 docte
1649 744 1778 794 inqui-

246 811 363 848 situm
375 805 408 863 2)
449 821 576 860 neque
615 814 745 847 tamen
784 808 1010 847 fictionibus
1056 808 1338 858 fraudibusque
1384 813 1646 859 temperatum
1691 820 1779 847 esse

245 875 411 913 Ioannes
444 874 628 925 Toepfser
662 874 854 925 peculiari
886 873 986 912 libro
1021 869 1222 926 (Attische
1259 874 1503 921 Genealoqz'e
1541 868 1674 927 1889)
1715 886 1780 912 ex-

244 941 388 991 posuit.
438 939 549 978 uelut
574 939 803 977 Theodorus
831 936 869 978 εὁ
898 937 1109 990 Παναγὴς
1141 935 1594 990 προσαγορευόμενος’
1621 943 1779 988 gentem

246 1017 357 1044 suam
385 1004 577 1055 Cerycum
605 1017 623 1043 a
652 1004 797 1055 Ceryce
825 1003 1011 1043 Mercurii
1043 1009 1082 1042 et
1107 1003 1283 1054 Aglauri,
1322 1003 1424 1041 filiae
1457 1002 1661 1054 Cecropis,
1700 1003 1782 1042 filio

244 1070 425 1121 pluribus
452 1070 564 1108 libris
592 1071 778 1121 repetiuit
806 1065 861 1122 (p.
885 1065 1044 1123 >31qu
1071 1068 1231 1106 Andron
1251 1068 1502 1106 Atheniensis
1523 1067 1781 1119 Eumolpidis,

246 1148 334 1174 cum
356 1141 552 1186 agrestem
571 1135 777 1185 ferumque
792 1134 1009 1173 Thraecem
1024 1133 1258 1184 Eumolpum
1274 1133 1637 1184 perhorrescerent,
1656 1145 1780 1172 unum

246 1213 292 1239 ex
308 1202 393 1239 eius
408 1202 589 1252 posteris,
606 1205 737 1238 uatem
752 1201 860 1250 pium
876 1199 1132 1249 Eleusinium,
1149 1198 1272 1237 filium
1286 1198 1446 1249 Musaei,
1462 1199 1633 1237 auctoris
1650 1210 1780 1237 sacro-

245 1278 333 1304 rum
354 1265 659 1315 Eleusiniorum,
680 1264 883 1303 substituit
905 1259 1126 1317 (1).27s<1.),
1153 1263 1375 1314 multosque
1403 1275 1537 1301 rerum
1565 1264 1782 1314 scriptores

244 1332 285 1370 in
307 1343 352 1369 eo
367 1343 511 1381 genere
525 1335 704 1368 uersatos
720 1342 820 1379 esse,
834 1329 1084 1380 Hecataeum,
1099 1329 1335 1379 Acusilaum,
1350 1328 1606 1379 Hellanicum,
1628 1334 1782 1368 constat

243 1396 362 1447 idque
389 1395 534 1434 Romae
554 1396 663 1433 uiros
684 1394 876 1434 litteratos
896 1395 1069 1432 imitatos
1091 1406 1177 1433 esse
1200 1389 1298 1448 (uid.
1320 1394 1422 1432 infra
1443 1407 1479 1445 p.
1494 1403 1675 1433 XXXVIII
1691 1390 1782 1447 sq.).

246 1461 315 1501 sed
341 1461 402 1499 his
429 1462 545 1499 etiam
573 1462 658 1511 ipse
685 1460 809 1499 fastus
836 1459 993 1509 gentilis
1021 1460 1237 1510 antiquitus
1262 1465 1346 1498 erat
1366 1460 1508 1498 insitus
1531 1464 1569 1498 et
1595 1460 1781 1498 coniunc-

245 1528 350 1565 tione
378 1526 580 1576 sanguinis
606 1524 907 1576 propagabatur,
940 1537 1175 1575 quamquam
1208 1530 1309 1563 totos
1343 1537 1383 1563 se
1412 1524 1484 1562 soli
1518 1525 1576 1562 rei
1600 1523 1781 1575 publicae

247 1591 338 1630 dare
366 1591 569 1641 religionis
594 1590 791 1629 Romanae
820 1602 906 1629 esse
935 1589 1159 1628 censebant.
1210 1602 1400 1638 maqmtm
1427 1594 1485 1628 est
1512 1592 1634 1640 enim,
1660 1594 1703 1627 ut
1729 1590 1784 1628 ait

246 1657 383 1696 Cicero
411 1656 457 1694 de
485 1656 547 1694 off.
572 1654 607 1706 1,
632 1653 697 1706 17,
719 1652 787 1705 55,
821 1657 960 1694 eadem
992 1656 1144 1694 habere
1175 1660 1431 1694 monumenta
1457 1657 1674 1702 maiorum,
1707 1657 1785 1693 eis-

246 1724 333 1762 dem
359 1725 420 1761 uti
444 1724 594 1770 sacris,
632 1723 821 1770 sepulcra
847 1722 999 1759 habere
1032 1723 1276 1768 communia,
1316 1725 1432 1770 atque
1465 1720 1581 1758 etiam
1613 1719 1784 1770 populus

247 1786 445 1838 ‘stupebat
471 1788 511 1825 in
538 1786 662 1824 titulis
690 1792 728 1824 et
759 1783 1028 1836 imaginibus’,
1060 1791 1103 1824 ut
1135 1785 1319 1823 Horatius
1348 1781 1436 1837 (sat.
1462 1782 1497 1835 1,
1519 1782 1557 1834 6,
1581 1780 1654 1838 17)
1683 1785 1783 1823 risit.

334 1852 435 1890 Hinc
468 1853 590 1902 igitur
621 1850 717 1889 illud
750 1853 812 1889 ius
845 1851 1089 1901 gentilicium
1120 1855 1299 1889 exortum
1327 1854 1385 1888 est
1411 1850 1452 1887 in
1480 1848 1628 1887 alarum
1655 1850 1782 1900 parie-

245 1917 351 1957 tibus
366 1918 557 1955 maiorum
573 1928 708 1955 cereas
723 1917 915 1967 imagines
932 1914 1199 1954 constituendi
1213 1920 1252 1953 et
1265 1919 1471 1953 stemmata
1488 1910 1784 1968 depingendi3),

246 1981 677 2032 subscribebanturque
705 1981 783 2020 illis
809 1981 914 2020 tituli
941 1987 980 2020 et
1005 1980 1146 2031 elogia,
1179 1970 1278 2031 quae
1312 1992 1391 2018 non
1425 1979 1550 2018 solum
1580 1992 1689 2018 mera
1713 1991 1783 2018 no·

245 2049 352 2087 mina
380 2053 419 2086 et
444 2046 571 2085 nudos
597 2047 768 2085 honores
796 2046 1049 2085 continebant
1076 2045 1145 2084 sed
1172 2047 1289 2084 etiam
1316 2057 1451 2084 rerum
1473 2049 1673 2095 gestarum
1693 2044 1782 2083 bre-

245 2125 337 2152 uem
364 2108 674 2166 c011spectum.4)
721 2113 853 2163 itaque
881 2123 1038 2163 semper
1064 2110 1278 2162 gentilibus
1305 2111 1433 2161 gentis
1455 2122 1548 2148 suae
1568 2111 1784 2148 memoriae

344 2240 376 2283 1)
405 2238 488 2272 Vid.
510 2237 568 2271 W.
591 2237 720 2272 Soltau
746 2238 820 2272 Die
845 2249 950 2272 roem.
971 2238 1237 2272 Laudationem
1262 2236 1342 2271 und
1367 2236 1426 2270 ihr
1445 2236 1615 2279 Einfluss
1634 2236 1709 2279 auf
1726 2236 1786 2270 die

251 2292 465 2327 Annali-stile
484 2291 522 2325 in
544 2291 681 2326 Ztschr.
696 2291 722 2333 f.
742 2291 1039 2326 Geschichtswiss.
1064 2290 1191 2336 1897s8
1212 2302 1248 2334 p.
1265 2292 1450 2324 105-121
1473 2290 1510 2323 et
1530 2289 1667 2324 Liuius
1686 2300 1722 2333 p.
1743 2292 1787 2322 95

250 2348 374 2380 —100.

346 2401 381 2443 2)
409 2397 543 2432 Herod.
567 2401 598 2439 ⁶2,
622 2401 687 2431 143
714 2396 896 2441 πρότερον
923 2395 963 2431 δὲ
986 2395 1172 2443 εΕκαταιίςο
1199 2399 1249 2443 τῷ
1282 2398 1465 2442 λογοποιῷ
1489 2396 1528 2430 ἐν
1558 2394 1701 2441 Θήβῃσι
1727 2408 1783 2440 γε·

248 2449 510 2496 νεηλογήσαντί
530 2463 567 2485 τε
585 2450 722 2485 ἑωυτὸν
743 2451 807 2484 καὶ
827 2449 1059 2493 ἀναδήσαντι
1078 2449 1146 2494 τὴν
1165 2449 1325 2493 πατριὴν
1346 2449 1382 2489 ἐς
1403 2446 1668 2483 ἑκκαιδέκατον
1689 2445 1785 2482 θεὸν

246 2503 426 2548 ἐποίησαν
454 2503 489 2538 οἱ
515 2503 608 2546 ἱρέες
632 2509 697 2539 τοῦ
724 2504 814 2543 Διὸς
840 2501 922 2538 οἶόν
947 2517 982 2538 τι
1001 2504 1065 2537 καὶ
1091 2502 1171 2546 ἐμοὶ
1191 2503 1234 2537 οὐ
1261 2500 1568 2547 γενεηλογήσαντι
1589 2500 1782 2545 ἐμεωυτόν.

343 2560 377 2602 3)
403 2557 447 2591 V.
460 2559 610 2600 praeter
627 2556 719 2591 alios
734 2556 939 2590 Mommsen
955 2556 1110 2590 Staatsr.
1130 2556 1162 2590 1³
1177 2559 1244 2588 442
1258 2566 1335 2598 sqq.
1364 2554 1400 2588 C.
1417 2555 1441 2588 Ι.
1458 2554 1495 2588 L.
1518 2554 1551 2587 Ι2
1570 2566 1606 2598 p.
1624 2557 1690 2587 185
1703 2564 1784 2597 sqq.

343 2613 379 2655 4)
405 2610 531 2644 Prima
558 2621 727 2653 quaeque
755 2609 922 2643 Suetonii
948 2610 1115 2643 uitarum
1142 2609 1267 2653 capita.
1291 2607 1471 2652 originem
1493 2607 1626 2641 ducere
1647 2617 1691 2640 ex
1711 2606 1786 2640 elo-

248 2665 319 2710 giis
347 2674 459 2708 saepe
486 2664 543 2697 est
569 2663 881 2697 animaduersum.
934 2662 979 2697 cf.
1009 2662 1113 2697 Galb.
1143 2666 1181 2696 3:
1209 2662 1394 2706 Imayines
1420 2664 1452 2695 et
1477 2662 1593 2706 eloyia
1618 2661 1787 2694 uniuersi

246 2720 386 2764 yeneris
405 2718 550 2761 exsequi
569 2717 717 2761 Zonyum
737 2720 796 2750 est.
831 2716 1037 2750 Mommsen
1058 2716 1104 2750 R.
1120 2715 1164 2750 F.
1182 2715 1196 2748 I
1215 2727 1248 2759 p.
1267 2718 1332 2748 251
1355 2726 1389 2747 n.
1406 2718 1436 2747 2.
1465 2712 1642 2747 Versibus
1664 2712 1788 2757 elogia

248 2771 456 2815 antiquitus
493 2769 703 2813 conscripta
739 2779 817 2803 esse
853 2769 1015 2804 Huelsen
1049 2769 1101 2813 (in
1128 2768 1164 2803 C.
1186 2768 1210 2802 I.
1233 2768 1270 2802 L.
1298 2767 1321 2801 l.
1344 2769 1384 2810 s.)
1419 2778 1460 2800 ex
1494 2765 1718 2800 Graecorum
1750 2778 1785 2799 u.

248 2824 406 2869 ἐλεγεῖον
433 2822 596 2858 deduxit.
