2002 3342
200 401 269 432 390

197 450 269 491 '3⁷64

203 1118 270 1149 389

202 1178 270 1209 365

298 186 382 226 104
929 183 1188 225 RELIQVIAE

296 295 432 334 decem
458 297 577 345 uiros,
604 296 671 345 qui
693 294 826 333 decem
850 293 990 332 tabulis
1013 293 1107 332 duas
1129 293 1375 344 addiderunt,
1403 293 1449 332 de
1470 293 1737 333 intercalando
1758 307 1824 345 po-

295 360 429 412 pulum
459 372 628 410 rogasse.
669 360 827 397 Cassius
855 359 1014 397 eosdem
1041 358 1180 397 scribit
1207 364 1398 397 auctores.

391 422 488 464 195².
523 427 695 474 Appiam.
713 426 761 463 de
775 426 857 463 reb.
879 426 976 462 Gall.
994 424 1048 473 [ν.
1066 425 1147 473 61).
1163 424 1219 461 49
1234 425 1369 462 Mend.
1387 425 1492 470 (exc.
1512 424 1636 463 Vales.
1648 436 1692 473 p.
1709 425 1824 473 557).

295 486 453 529 Κελτοὶ
486 488 674 542 μηδεμιᾷ
707 493 875 541 μηχανῇ
907 485 1176 540 δυνηθέντες
1211 486 1414 539 ἐπιβῆναι
1442 492 1518 540 τῆς
1551 485 1826 540 ἀκροπόλεως

294 551 489 607 ἠρέμουν
516 552 573 600 ὡς
602 555 712 608 λιμῷ
733 553 836 600 τοὺς
862 553 994 592 ἔνδον
1019 552 1411 604 παραστησάμενοι.
1450 552 1523 591 καί
1547 566 1612 599 τις
1637 550 1721 593 ἀπὸ
1748 558 1827 593 τοῦ
1847 569 1863 594 5

296 618 579 658 Καπιτωλίου
602 616 858 669 κατέβαινεν
889 616 1048 670 ἱερεύς,
1081 617 1219 670 ὄνομα
1246 617 1449 670 Δόρσων,
1477 614 1546 657 ἐπὶ
1574 615 1747 670 ἐτήσιον
1775 618 1828 670 δή

295 699 393 724 τινα
422 683 677 736 ΐερουργίαν
711 680 752 731 ἐς
783 682 861 722 τὸν
892 687 966 735 τῆς
994 682 1161 730 Ἑστίας
1193 682 1306 722 νεὼν
1339 679 1530 722 στέλλων
1556 682 1608 722 τὰ
1635 682 1729 734 ἱερὰ
1756 683 1829 723 διὰ

295 755 383 789 τῶν
403 748 626 800 πολεμίων
648 747 892 795 εὐσταθῶς·
918 747 996 787 τὸν
1017 743 1063 787 δὲ
1079 746 1192 786 νεὼν
1213 745 1573 800 ἐμπεπρησμένον
1595 746 1703 787 ἰδὼν
1722 744 1828 788 ἔθυ-

297 825 373 854 σεν
399 811 469 853 ἐπὶ
496 818 575 853 τοῦ
602 814 832 865 συνήθους
851 812 1004 853 τόπου·
1033 810 1104 851 καὶ
1127 810 1379 864 ἐπανῆλθεν
1400 807 1532 860 αὖθις
1553 812 1626 852 διὰ
1646 819 1733 853 τῶν
1752 826 1828 853 πο-

297 878 459 930 λεμίων
485 876 786 918 αἰδεσθέντων
812 876 837 930 ἢ
864 875 1231 929 καταπλαγέντων
1257 875 1394 916 αὐτοῦ
1421 876 1500 929 τὴν
1520 877 1686 928 τόλμαν
1705 876 1730 930 ἢ
1751 878 1830 931 τὴν
1851 893 1884 917 10

297 941 525 995 εὐσέβειαν
550 941 575 996 ἢ
604 942 682 995 τὴν
709 943 815 992 ὄψιν
843 942 966 995 ἱερὰν
993 938 1142 983 οὖσαν.
1186 940 1207 982 ὃ
1235 938 1316 995 μὲν
1344 941 1396 994 δὴ
1418 941 1700 982 κινδυνεύειν
1720 941 1829 994 ὑπὲρ

296 1014 385 1049 τῶν
418 1008 548 1062 ἱερῶν
581 1006 779 1059 ἑλόμενος
812 1005 884 1047 ὑπ’
924 1006 1071 1047 αὐτῶν
1104 1005 1282 1056 ἐσώζετο
1316 1012 1403 1046 τῶν
1437 1006 1578 1059 ἱερῶν.
1629 1006 1700 1047 καὶ
1730 1007 1831 1048 τόδε

297 1072 434 1126 φησὶν
461 1069 546 1114 ὧδε
573 1071 783 1125 γενέσθαι
816 1070 1007 1120 Κάσσιος
1034 1070 1056 1112 ὁ
1085 1071 1297 1123 Ῥωμαῖος.

388 1136 460 1179 ⁶20.
495 1140 678 1178 Mam-ob.
698 1145 772 1177 sat.
795 1139 833 1187 1,
849 1140 921 1187 16,
938 1139 1004 1177 21.
1050 1138 1199 1176 Horum
1231 1135 1416 1189 [dierum
1438 1135 1832 1190 postricluanorum]

298 1217 455 1243 causam
488 1204 636 1243 Gellius
672 1203 869 1242 annalium
906 1203 1005 1241 libro
1042 1205 1178 1254 quinto
1216 1202 1366 1241 decimo
1403 1207 1442 1240 et
1477 1202 1635 1241 Cassius
1667 1202 1830 1242 Hemina
1853 1218 1886 1244 15

297 1269 552 1307 historiarum
585 1268 684 1307 libro
718 1268 891 1307 secundo
924 1269 1120 1307 referunt:
1154 1268 1264 1306 Anno
1298 1267 1344 1306 ab
1371 1267 1469 1306 urbe
1498 1267 1653 1306 condita
1679 1273 1832 1307 trecen-

296 1336 439 1373 tesimo
461 1336 704 1385 sexagesimo
726 1335 842 1373 tertio
864 1346 883 1372 a
904 1333 1075 1372 tribunis
1097 1333 1265 1372 militum
1279 1333 1466 1383 virginio,
1487 1332 1641 1383 Manlio,
1657 1333 1833 1384 Aemilio,

298 1399 498 1438 Postumio
526 1399 767 1450 collegisque
795 1411 929 1438 eorum
956 1400 997 1437 in
1019 1404 1157 1438 senatu
1184 1403 1405 1449 tractatum,
1433 1397 1527 1448 quid
1549 1403 1650 1436 esse*
1672 1404 1834 1449 propter

396 1525 458 1560 19.
489 1525 542 1567 Cf.
558 1526 645 1560 Lz'u.
661 1528 769 1568 5,46.·
790 1525 930 1559 Romae
949 1523 1100 1559 interim
1120 1524 1339 1568 plerumque
1354 1523 1499 1558 obsidio
1515 1523 1638 1569 segnis
1654 1525 1691 1558 et
1704 1524 1835 1558 utrim-

300 1584 371 1617 que
398 1573 589 1607 silentium
616 1584 705 1614 esse,
733 1572 781 1607 ad
806 1572 846 1606 id
872 1574 1020 1606 tantum
1045 1571 1199 1606 intentis
1228 1570 1357 1614 Gallis,
1383 1583 1429 1605 ne
1455 1571 1537 1614 quis
1564 1571 1727 1605 hostium
1749 1582 1835 1606 eua-

300 1621 386 1655 dere
412 1620 509 1654 inter
536 1620 716 1654 stationes
742 1621 880 1664 posset,
908 1631 990 1654 cum
1016 1621 1168 1663 repente
1200 1618 1347 1652 iuuenis
1374 1618 1562 1653 Romanus
1588 1618 1836 1654 admiratione

299 1668 338 1702 in
372 1679 409 1702 se
443 1668 542 1702 ciues
574 1667 774 1711 hostesque
807 1667 1001 1702 conuertit.
1047 1666 1271 1700 sacrificium
1303 1668 1383 1700 erat
1416 1667 1552 1700 statum
1586 1666 1624 1699 in
1654 1665 1837 1707 Quirinali

301 1715 394 1750 colle
427 1715 531 1759 genti
557 1715 707 1749 Fabiae.
753 1715 801 1748 ad
833 1715 873 1748 id
902 1714 1115 1749 faciendum
1142 1712 1178 1748 C.
1206 1713 1343 1748 Fabius
1371 1713 1512 1747 Dorsuo
1539 1712 1684 1747 Gabino
1711 1715 1835 1748 cinctu
1993 1742 1994 1746 ,

302 1773 407 1797 sacra
438 1762 610 1796 manibus
643 1773 774 1807 gerens
808 1773 891 1796 cum
924 1762 969 1796 de
997 1760 1182 1806 Capitolio
1210 1760 1479 1803 descendisset,
1511 1771 1578 1804 per
1602 1760 1745 1794 medias
1770 1760 1836 1795 ho·
1993 1760 1994 1800 l

301 1810 415 1844 stium
447 1810 628 1844 stationes
655 1820 824 1853 egressus
851 1809 947 1843 nihil
981 1809 1028 1842 ad
1054 1820 1183 1842 uocem
1212 1808 1429 1851 cuiusquam
1461 1810 1687 1842 terioremue
1712 1809 1836 1842 motus
1993 1802 1994 1838 l

300 1857 340 1891 in
355 1856 583 1898 Quirinalem
605 1856 738 1891 collem
758 1856 948 1901 peruenit3
967 1856 1094 1900 ibique
1109 1855 1280 1890 omnibus
1296 1855 1509 1889 solemnitffl
1528 1856 1691 1899 peractis
1706 1856 1836 1890 eadem

301 1906 491 1939 reueitens
512 1904 683 1939 similiter
703 1904 890 1938 constanti
910 1895 1019 1938 uultu
1038 1897 1242 1948 graduque
1269 1903 1360 1936 satis
1381 1913 1533 1946 sperans
1553 1903 1735 1946 propitios
1757 1913 1837 1938 esse

303 1952 402 1993 deos,
429 1963 586 1995 quorum
613 1951 754 1986 cultum
780 1962 826 1985 ne
851 1951 981 1986 mortis
1002 1951 1151 1994 quidem
1179 1951 1281 1984 metu
1307 1950 1519 1994 prohibitus
1540 1950 1771 1992 deseruisset,
1798 1950 1837 1984 in

303 1999 528 2043 Capitolium
562 1999 609 2033 ad
642 2010 727 2034 suos
760 1998 888 2041 rediit,
922 2009 985 2033 seu
1018 1997 1187 2032 attonitis
1215 1997 1331 2032 Gallis
1360 1997 1537 2032 miraculo
1565 1997 1746 2031 audaciae
1773 2008 1837 2031 seu

300 2047 482 2091 religione
503 2046 617 2081 etiam
637 2047 759 2089 motis,
788 2046 891 2080 cuius
917 2046 1210 2090 haudquaquam
1230 2045 1430 2089 neglegens
1451 2055 1541 2089 gens
1562 2046 1627 2078 est.
1661 2056 1705 2080 ex
1725 2046 1839 2079 Isiuz'o

308 2095 426 2129 Valer.
444 2096 551 2129 Max.
567 2098 599 2136 1,
614 2097 646 2136 1,
662 2098 705 2128 11
727 2099 759 2129 et
771 2095 875 2129 Flor.
891 2096 954 2136 1,7
967 2094 1136 2139 [13],16.
1164 2093 1241 2127 uid.
1265 2094 1361 2128 Cass.
1378 2093 1493 2127 Dion.
1506 2093 1553 2135 fr.
1568 2095 1719 2136 25‚5sq.
1734 2093 1836 2127 Bois.

304 2143 384 2185 (ubi
404 2147 523 2177 tamen
542 2141 688 2176 Fabius
708 2142 767 2176 ille
786 2153 860 2176 mm
877 2141 997 2176 Gaius
1014 2141 1076 2175 sed
1095 2141 1218 2175 Kaeso
1237 2141 1401 2184 dicitur).
1428 2141 1473 2183 ef.
1491 2140 1692 2174 Mommsen
1710 2139 1836 2173 Roem.

303 2189 450 2224 Forsch.
471 2190 521 2224 H
536 2192 607 2224 319
617 2201 688 2233 sqq.
719 2190 896 2223 Muenzer
918 2189 957 2223 R.
979 2188 1018 2222 E.
1044 2189 1100 2223 VI
1114 2190 1265 2222 c.1768.

400 2236 463 2271 20.
493 2238 547 2280 Cf.
569 2237 655 2271 Lm.
679 2239 766 2279 6‚1,
781 2240 844 2270 11:
881 2236 975 2270 Tum
1014 2235 1059 2269 de
1097 2235 1229 2269 diebus
1261 2234 1447 2278 religiosis
1482 2233 1619 2278 agitari
1654 2235 1836 2278 coeptum.

305 2284 478 2327 diemque
504 2285 590 2318 ante
618 2283 715 2318 diem
736 2283 801 2318 XV
823 2283 896 2317 kal.
919 2282 1077 2317 Sextiles
1104 2282 1245 2327 duplici
1266 2281 1370 2316 clade
1395 2281 1593 2326 insignem,
1617 2292 1688 2325 quo
1711 2281 1770 2315 die
1791 2281 1839 2315 ad

305 2331 513 2366 Cremeram
539 2331 645 2366 Fabii
679 2331 793 2374 caesi,
828 2342 899 2375 quo
934 2330 1068 2364 deiude
1101 2330 1149 2364 ad
1181 2329 1304 2363 Aliam
1337 2340 1420 2363 cum
1453 2328 1563 2362 exitio
1596 2328 1698 2363 urbis
1732 2328 1839 2363 foede

304 2381 530 2424 pugnatum,
570 2390 592 2412 a
623 2378 826 2423 posteriore
858 2378 964 2412 clade
997 2378 1186 2411 Aliensem
1220 2376 1458 2421 appellarunt
1495 2376 1754 2420 insignemque
1785 2375 1839 2410 rei

304 2426 444 2460 nullius
476 2407 628 2470 piiblice
660 2426 911 2470 priuatimque
938 2425 1105 2470 agendae
1137 2425 1315 2458 fecerunt.
1355 2423 1506 2467 quidam
1533 2424 1632 2467 quod
1657 2423 1839 2467 postridie

398 2533 475 2588 18,
504 2540 527 2575 2
556 2538 691 2576 eodem
719 2538 924 2585 Bambevy.
952 2540 1042 2575 ante
1069 2537 1252 2574 emendat.

400 2592 475 2648 19,
499 2599 522 2635 8
550 2595 862 2649 ἐμπεπρισμένον
889 2597 967 2634 cod.
1057 2598 1110 2634 10
1137 2592 1399 2633 αἰδεσθέντων
1427 2597 1515 2632 ante
1540 2592 1612 2644 τὴν
1638 2591 1838 2637 εὐσέβειαν

308 2658 528 2703 transponit
552 2656 691 2694 Nauck
815 2657 866 2694 13
893 2654 1069 2701 Καύσιος
1095 2656 1172 2693 cod.
1201 2666 1268 2691 em.
1298 2654 1474 2692 Valesius

400 2711 556 2766 20,15
595 2715 723 2754 casius
755 2715 962 2763 Bambery.
995 2718 1084 2752 ante
1116 2714 1299 2752 emendat
1426 2714 1477 2751 17
1512 2712 1672 2762 uirgilio
1704 2711 1840 2749 mallio

306 2773 820 2824 Bamb.Pa2-2fs.virgin10
853 2774 1002 2811 Manlio
1038 2774 1210 2812 Ζειιηῖιιε
1242 2765 1393 2819 (Αἶλος
1419 2771 1602 2817 Μάλλιος
1636 2783 1696 2819 ap.
1724 2771 1841 2808 Diod.

310 2834 378 2878 15,
392 2835 461 2877 ²2,
480 2834 521 2881 1)
