2002 3342
598 195 634 228 L.
660 193 858 228 COELIVS
886 193 1163 227 ANTIPATER.
1497 207 1651 236 CCXVII

118 309 337 345 orationum
366 306 609 356 fragmentis,
642 316 739 355 quae
767 304 904 342 Cicero
932 300 1164 357 seruauit.¹)
1211 305 1317 354 atqui
1346 306 1384 341 in
1412 303 1566 354 uulgari
1596 304 1651 342 di-

118 372 281 423 sciplina
309 370 481 410 nondum
506 370 650 408 Romae
680 369 741 407 illa
771 368 911 407 tradita
934 381 1019 407 esse
1049 371 1130 419 ipse
1154 370 1319 407 Crassus
1340 369 1403 407 uel
1424 370 1560 407 Cicero
1584 366 1650 421 (de

118 432 499 488 ‹›1·at.3,49‚188)
539 436 742 486 professus
782 440 857 485 est,
898 434 1054 472 Coelius
1094 440 1223 472 autem
1263 434 1359 472 illud
1398 442 1650 485 praeceptum

118 501 305 540 membris
339 500 617 539 minutioribus
655 505 693 538 et
728 500 949 538 numerosis
986 501 1201 537 orationem
1241 499 1508 550 discerpendi,
1548 499 1650 550 quod

115 567 302 618 Hegesias
324 567 363 604 in
386 566 588 604 rhetorum
610 564 762 603 scholas
784 566 1000 615 inuexerat,
1026 570 1102 602 tam
1124 566 1265 602 inscite
1289 566 1510 615 arripuerat
1531 561 1595 610 (l'r.
1613 563 1649 603 S.

116 631 153 670 9.
174 630 243 670 41.
264 628 353 684 49),
381 636 419 669 ut
450 632 566 669 etiam
594 631 678 669 eius
701 631 879 680 ineptias,
907 642 1003 680 quas
1025 630 1162 667 Cicero
1187 629 1328 667 acerbe
1350 631 1514 680 castigat
1534 627 1650 679 (orat.

115 695 183 747 67,
205 693 323 749 226),
351 697 574 735 imitaretur
601 701 638 733 et
664 700 825 746 propter
851 707 1061 733 numerum
1089 706 1138 732 ne
1160 707 1302 732 nomen
1325 694 1483 745 quidem
1506 694 1649 732 discin-

115 762 206 800 dere
233 767 443 800 uereretur
470 757 534 814 (fr.
550 759 606 798 *24
622 756 682 813 B).
717 766 777 798 est
803 765 839 798 et
866 759 940 798 hoc
966 760 1230 798 manufestum
1260 761 1433 798 tirocinii
1458 760 1649 798 indicium

115 834 149 866 et
178 839 367 865 numerus
389 828 505 864 etiam
533 827 573 863 in
602 826 765 863 formam
785 826 1019 863 usitatorum
1042 837 1229 863 uersuum
1252 825 1379 873 fictus,
1406 825 1514 863 uelut
1535 825 1649 863 hexa-

114 894 231 930 metri
266 891 445 943 dactylici
479 887 543 944 (fr.
566 889 622 929 24
644 887 692 945 B)
726 890 790 929 uel
822 891 1044 928 tetrametri
1078 890 1266 928 trochaici
1302 891 1425 941 partis
1459 886 1523 943 (fr.
1545 886 1590 944 ὃ)
1603 887 1649 943 21),

115 970 211 1008 quae
239 959 334 995 uitia
362 956 484 995 Coelii
519 956 735 1007 discipulus
763 955 928 994 Crassus
962 960 1092 993 orator
1124 956 1281 1005 uitauit,
1316 957 1381 1006 qui
1415 968 1649 1006 quamquam

114 1025 206 1060 item
241 1023 543 1061 conuersionem
577 1023 767 1060 orationis
803 1020 991 1059 membris
1027 1020 1308 1059 minutioribus
1347 1022 1648 1070 numerosisque

113 1089 275 1139 carpsit,
304 1088 484 1126 Ciceroni
512 1099 596 1125 eam
623 1086 885 1137 perpoliuisse
912 1085 1140 1136 uidebatur,
1167 1098 1245 1124 non
1274 1085 1468 1124 dolauisse
1494 1092 1537 1123 ut
1564 1086 1648 1123 eius

113 1154 311 1203 magister.
344 1153 436 1191 hinc
464 1164 616 1191 summa
643 1151 901 1190 admiratione
929 1156 1125 1189 oratorem
1153 1151 1276 1200 effert,
1305 1150 1481 1189 Coelium
1507 1156 1649 1197 autem,

113 1231 229 1268 quem
256 1220 428 1269 primum
454 1219 641 1256 maiorem
670 1217 856 1255 historiae
879 1229 1018 1254 sonum
1041 1214 1238 1254 addidisse
1261 1228 1402 1266 resque
1425 1228 1648 1265 exornasse,

113 1295 190 1321 11011
217 1289 367 1322 tantum
395 1295 575 1321 narrasse
596 1283 769 1320 Atticum
791 1282 1023 1320 historicum
1045 1286 1083 1319 et
1103 1281 1315 1319 Antonium
1337 1286 1647 1331 contemptorem

112 1348 325 1387 uerborum
362 1348 576 1399 elegantiae
613 1347 816 1386 laudantes
848 1347 957 1397 fecit,
996 1347 1080 1397 ipse
1108 1346 1246 1385 rudem
1276 1345 1370 1384 dicit
1403 1347 1515 1384 6111115
1541 1347 1647 1384 uires

113 1419 288 1464 agrestes
324 1413 585 1463 horridaeque
624 1414 719 1461 sint,
756 1413 994 1463 opponitque
1030 1410 1108 1449 illis
1145 1410 1187 1456 Q.
1216 1411 1415 1449 Lutatium
1455 1410 1646 1460 Catulum,

113 1477 282 1517 Graecae
324 1478 524 1517 doctrinae
563 1478 782 1528 elegantem
821 1476 1032 1527 arbitrum,
1069 1475 1252 1514 omnibus
1286 1477 1381 1514 artis
1417 1475 1647 1527 disciplinae

111 1545 331 1594 praeceptis
371 1556 461 1582 eum
501 1543 673 1582 defuisse
712 1542 962 1581 iudicantem.
1016 1541 1185 1592 denique
1225 1543 1310 1580 eius
1355 1543 1646 1579 excusationem

112 1608 317 1647 cauillatus
351 1614 426 1659 est,
460 1621 535 1659 qua
567 1613 729 1659 propter
761 1607 974 1646 uerborum
1010 1608 1281 1645 traleetionem
1316 1619 1646 1657 numerosamque

111 1675 396 1712 sententiarum
425 1672 718 1711 conclusionem
746 1686 766 1710 a
792 1672 832 1710 L.
854 1672 962 1710 Aelio
988 1673 1145 1710 ueniam
1173 1673 1341 1723 petierat
1362 1667 1503 1725 (11.1),
1531 1684 1646 1722 quem

113 1737 220 1777 ‘exili
251 1736 397 1777 littera'
428 1738 594 1776 obscura
627 1737 782 1788 linguae
810 1743 1063 1776 monumenta
1095 1735 1399 1788 ‘expedientem'
1432 1735 1571 1790 (Varro
1601 1736 1646 1775 de

110 1803 132 1841 l.
148 1803 171 1841 1.
189 1801 284 1856 7,2)
312 1803 448 1842 talium
470 1803 686 1853 elegantiae
706 1804 962 1841 artificiorum
985 1802 1184 1841 taeduisse
1201 1808 1509 1841 consentaneum
1532 1799 1645 1854 est.³)

112 1875 246 1907 contra
268 1869 458 1907 Frontoni
480 1868 602 1907 Coelii
622 1868 797 1907 breuitas
819 1869 1104 1907 sententiarum
1133 1863 1256 1921 (hunc
1280 1869 1384 1906 enim
1408 1867 1503 1905 dixit
1525 1867 1646 1906 histo·

111 1935 208 1972 riam
236 1935 443 1984 scripsisse
470 1933 605 1972 uerbis
632 1933 869 1984 multiiugis,
903 1933 1077 1971 Coelium
1106 1932 1271 1983 singulis
1298 1938 1457 1983 notans,
1485 1932 1532 1970 ad
1559 1933 1644 1971 Ver.

112 1997 147 2049 1,
172 1998 192 2037 1
222 2012 257 2050 p.
283 1997 379 2049 114,
405 1998 484 2037 uid.
513 2011 541 2037 5.
568 2012 604 2049 p.
627 1995 781 2052 CXLVI)
813 1998 1106 2049 uerborumque
1135 1999 1536 2049 exquisitissimorum
1565 2004 1644 2036 stu-

110 2063 235 2114 dium,
268 2077 344 2115 quo
372 2065 489 2102 etiam
516 2063 687 2102 Ennium
716 2062 905 2102 ‘studiose
934 2062 1151 2102 aemulatus
1179 2059 1356 2116 esset'4),
1389 2063 1646 2101 uehementer

111 2128 259 2167 adrisit.

206 2268 239 2310 1)
266 2266 349 2300 Vid.
364 2266 469 2300 Marx
489 2266 537 2300 ad
556 2265 715 2300 Herenn.
737 2278 771 2310 p.
790 2270 856 2300 136
872 2278 950 2310 sqq.
989 2266 1141 2301 Norden
1167 2267 1403 2310 Kunstprosa
1429 2278 1465 2310 p.
1483 2269 1548 2299 134
1564 2277 1642 2310 sqq.

110 2323 176 2354 174
193 2331 272 2364 sqq.

204 2377 237 2417 2)
266 2372 459 2407 Clausulas
486 2373 666 2417 quasdam
693 2373 731 2406 in
758 2374 836 2406 61115
863 2373 905 2407 fr.
929 2373 1000 2407 Leo
1025 2373 1048 2408 l.
1071 2385 1097 2408 5.
1118 2385 1154 2417 p.
1176 2376 1243 2406 339
1270 2372 1426 2407 notauit.

205 2428 239 2469 3)
266 2426 366 2460 Inter
392 2436 464 2468 605,
492 2426 556 2469 qui
577 2426 615 2459 in
637 2426 941 2461 adnotationibus
963 2426 1073 2460 Ennii
1100 2428 1137 2459 et
1163 2426 1296 2460 Lucilii
1323 2431 1357 2459 et
1383 2426 1643 2460 historicorum

109 2479 216 2513 certis
250 2479 344 2513 notis
376 2479 434 2513 usi
467 2481 607 2521 essent,
644 2479 790 2524 Fragm.
811 2480 1021 2514 Parisinum
1055 2479 1100 2514 de
1132 2479 1229 2513 notis
1264 2479 1362 2524 apud
1389 2478 1551 2512 Keilium
1578 2479 1644 2513 VII

107 2544 142 2576 p.
165 2536 232 2566 534
260 2533 493 2567 enumerauit
518 2533 675 2575 Aelium,
705 2534 906 2578 ‘postremo
933 2533 1110 2567 Probum’
1140 2532 1199 2577 (cf.
1222 2532 1313 2567 Gell.
1337 2536 1367 2573 6,
1391 2536 1422 2575 9,
1445 2537 1485 2567 11
1504 2534 1581 2576 sq).
1598 2553 1642 2558 -

107 2585 359 2629 Proprietates
387 2586 569 2629 quasdam
596 2587 782 2622 scribendi
803 2586 918 2621 Coelii
944 2587 1013 2620 Ad.
1028 2587 1074 2620 M.
1090 2587 1133 2620 A.
1155 2586 1326 2620 Schmidt
1351 2586 1390 2620 in
1411 2585 1526 2620 Sertis
1548 2586 1641 2620 Har-

107 2638 257 2673 telianis
284 2651 319 2684 p.
342 2643 529 2674 204—207
557 2639 725 2685 collegit3
755 2651 897 2684 paucae
924 2642 1051 2674 tamen
1078 2642 1162 2673 sunt
1186 2651 1308 2684 neque
1334 2639 1446 2673 ullius
1473 2639 1593 2683 pretii.

202 2694 236 2736 4)
263 2692 320 2726 Ad
347 2693 396 2727 M.
418 2693 519 2727 Caes.
542 2697 574 2735 4,
596 2697 616 2727 3
643 2705 678 2738 p.
700 2698 743 2727 62
758 2693 816 2737 N„
843 2704 952 2737 quem
979 2693 1102 2728 locum
1123 2692 1268 2727 Vahlen
1294 2692 1406 2727 Ε1111.2
1432 2704 1467 2736 p.
1488 2705 1574 2726 xxm
1589 2704 1640 2735 sq.

107 2749 204 2779 reete
239 2745 503 2790 interpretatus
538 2758 612 2780 non
647 2749 797 2791 poetam
834 2747 1015 2791 aliquem,
1054 2749 1096 2781 ut
1130 2746 1256 2781 Naber
1289 2747 1329 2781 in
1361 2746 1485 2780 11111166
1516 2758 1550 2790 p.
1574 2750 1640 2779 269

109 2798 265 2842 aliique,
305 2799 368 2833 sed
403 2800 502 2833 hune
530 2800 773 2845 Antipatrum
809 2801 950 2835 dictum
988 2812 1067 2835 esse
1101 2801 1253 2836 monuit.
1309 2799 1455 2835 Claudii
1490 2799 1640 2842 quidem

109 2851 347 2896 Quadrigarii
374 2853 560 2896 poeticum
587 2853 747 2888 colorem
775 2854 888 2888 etiam
910 2854 1051 2889 Gellius
1072 2857 1143 2898 (17,
1164 2858 1195 2896 2,
1217 2856 1263 2897 3),
1289 2854 1377 2888 item
1404 2852 1640 2895 antiquitatis
