2002 3342
468 654 530 700 M.
569 652 779 700 PORCII
818 652 1088 699 CATONIS
1128 651 1429 698 ORIGINES

800 761 870 798 EX
897 758 1055 798 LIBRO
1082 760 1101 797 I

274 847 313 890 1.
349 852 526 899 Pompeii
552 854 758 888 comment.
787 852 890 887 ανίῖε
916 849 1069 887 Donati
1092 847 1282 896 1‘p.208
1305 848 1353 886 K.
1393 847 1518 886 Huius¹
1547 847 1717 885 deelina-

183 917 301 955 tionis
322 916 588 954 nominatiuus
609 915 685 953 erit
705 926 820 965 ques:
847 914 964 952 huius
987 912 1273 963 declinationis,
1301 912 1340 950 id
1362 918 1422 951 est
1443 912 1597 963 quando
1621 912 1720 951 dicis

184 981 314 1020 datiuo
341 987 378 1020 et
405 982 584 1019 oblatizco
612 979 754 1031 plurali
780 992 801 1017 3
828 978 983 1030 quibus.
1026 979 1129 1029 siqui
1155 977 1228 1016 tibi
1255 977 1370 1027 dieat,
1398 978 1456 1016 sac
1483 977 1573 1016 inde
1595 978 1720 1016 nomi-

184 1049 359 1085 natiuum
385 1045 590 1097 pluralem,
617 1057 780 1084 neeesse
808 1044 928 1083 habes
956 1045 1085 1082 faeere
1112 1043 1151 1081 hi
1179 1055 1296 1094 ques:
1331 1040 1389 1081 eSi
1416 1055 1512 1094 ques
1540 1043 1719 1081 homines

183 1117 284 1161 311111,
312 1124 408 1163 quos
437 1110 604 1150 delectat
629 1110 764 1161 populi
791 1109 957 1148 Romani
984 1114 1093 1160 gesta
1121 1106 1367 1159 discribere'‚
1389 1139 1396 1146 .
1419 1138 1426 1146 .
1450 1139 1457 1146 .

272 1174 315 1216 ⁸2.
354 1178 481 1216 Cicer.
494 1188 576 1226 pro
598 1177 737 1215 Plane.
760 1176 827 1224 27,
845 1176 911 1214 66.
952 1175 1108 1213 Etenim
1143 1174 1190 1212 Μ.
1218 1173 1376 1212 Catonis
1404 1173 1516 1224 illud,
1551 1173 1654 1224 quod
1680 1175 1720 1211 in

182 1243 376 1293 principio
404 1243 566 1292 scripsit
592 1242 790 1292 originum
818 1253 991 1291 suarum,
1022 1251 1178 1290 semper
1203 1239 1456 1290 magnifieum
1484 1243 1522 1277 et
1548 1238 1720 1289 praeela-

183 1320 267 1346 rum
302 1309 457 1358 putaui,
494 1306 689 1345 clarorum
722 1306 926 1344 hominum
962 1311 1077 1356 atque
1113 1316 1344 1355 magnorum
1376 1316 1455 1342 non
1488 1305 1618 1342 minus
1652 1305 1721 1342 otii

183 1385 299 1423 quam
325 1373 473 1423 negotii
501 1373 692 1410 rationem
721 1377 874 1410 exstare
903 1376 1098 1422 oportere.

279 1498 314 1533 1.
344 1498 493 1543 (Seryii)
521 1499 666 1542 eoeplan.
700 1499 740 1532 in
766 1498 905 1532 Donat.
933 1497 999 1531 IV
1012 1508 1052 1541 p.
1075 1499 1147 1531 502
1163 1496 1280 1530 Ketis
1312 1495 1419 1529 Cato
1453 1504 1599 1539 quoque
1633 1493 1721 1528 ori-

182 1546 311 1590 gines
339 1545 526 1592 [origenes
552 1545 689 1580 codices
715 1545 833 1579 Keilii
852 1544 967 1590 LFS]
996 1544 1060 1578 sic
1086 1543 1289 1577 inchoat:
1318 1543 1349 1577 si
1376 1553 1466 1586 ques
1494 1542 1663 1588 [inchoat
1689 1541 1720 1575 si

181 1593 287 1637 quies
315 1593 416 1628 codd.
438 1593 505 1628 FS
528 1593 653 1627 ineoat
680 1592 711 1626 si
737 1602 827 1636 ques
855 1592 902 1637 L]
931 1592 1018 1626 sunt
1042 1591 1224 1626 homines.
1263 1590 1364 1625 Seru.
1386 1590 1436 1625 ad
1458 1590 1558 1635 Very.
1580 1590 1671 1624 Aen.
1687 1593 1721 1631 1,

182 1644 248 1675 95:
275 1640 382 1675 Cato
408 1640 453 1675 in
481 1639 742 1686 originibus
770 1639 839 1673 ait:
868 1639 900 1673 si
926 1649 1016 1682 ques
1044 1638 1135 1683 [siq;
1165 1638 1301 1683 Carol.]
1329 1639 1415 1671 sunt
1434 1636 1564 1682 populi
1585 1636 1655 1682 [ait.
1676 1657 1718 1661 -

182 1687 311 1732 populi
326 1700 392 1723 om.
408 1688 549 1734 Bern.].
587 1688 644 1722 De
663 1688 784 1730 forma
804 1697 894 1730 ques
914 1687 958 1730 ef.
977 1686 1013 1721 Ο.
1030 1687 1061 1721 Ι.
1076 1687 1121 1720 L.
1138 1687 1164 1720 I
1180 1686 1233 1729 (S.
1258 1686 1294 1721 C.
1316 1685 1358 1720 de
1373 1685 1577 1726 Bacchan.)
1593 1696 1632 1728 p.
1649 1686 1720 1719 196

181 1748 216 1770 u.
233 1738 254 1769 3
275 1740 306 1770 et
319 1738 376 1770 24.
410 1735 526 1770 Hertz
548 1735 654 1769 Vind.
673 1734 762 1769 Gen.
785 1736 919 1769 alterae
940 1735 979 1768 in
993 1733 1166 1768 Fleckeis.
1186 1733 1305 1777 suppl.
1329 1733 1412 1767 VII
1419 1743 1458 1776 p.
1475 1735 1507 1766 9.
1536 1732 1660 1767 Keller
1678 1733 1720 1765 in

188 1783 340 1826 IVerfsl.
357 1783 452 1818 arch.
468 1784 493 1817 Ι
500 1783 534 1817 V
546 1794 583 1827 p.
597 1785 677 1817 139.
712 1782 826 1827 Vulyo
849 1784 888 1824 (a
902 1781 953 1815 W
951 1791 1113 1827 ayenero,
1128 1781 1274 1823 Rothio,
1288 1781 1519 1823 Bormanno)
1535 1780 1599 1814 hoe
1617 1780 1720 1825 fray-

179 1835 338 1865 mentam
360 1831 618 1871 Catonianum,
645 1829 740 1874 quod
765 1830 931 1864 seruauit
960 1829 1127 1872 Seruius,
1154 1828 1341 1863 diuersum
1367 1839 1438 1863 esse
1463 1827 1508 1861 ab
1535 1838 1572 1862 eo
1595 1827 1719 1861 existi-

180 1882 314 1920 matur,
341 1878 436 1922 quod
461 1878 656 1922 Pompeius
681 1881 714 1912 et
733 1876 881 1922 Sergius
906 1878 1119 1911 attulerunt.
1158 1876 1245 1920 ipse,
1271 1887 1352 1910 cum
1377 1879 1445 1910 aut
1468 1875 1563 1918 falso
1589 1886 1624 1908 u.
1651 1885 1719 1918 po-

181 1925 261 1969 puli
283 1936 352 1969 pro
378 1925 548 1959 homines
576 1925 812 1959 librariorum
837 1924 1006 1959 Seruiiue
1031 1934 1149 1958 errore
1174 1924 1296 1958 inlata
1321 1927 1387 1957 aut
1411 1923 1524 1957 uerba
1550 1921 1719 1956 homines

181 1974 268 2007 sunt
287 1983 378 2016 quos
405 1972 570 2006 delectat
595 1972 820 2007 intercidisse
839 1972 1050 2014 uideantur,
1077 1971 1229 2006 eundem
1251 1970 1402 2006 Catonis
1423 1971 1538 2004 locum
1561 1981 1583 2004 a
1603 1970 1721 2004 tribus

180 2021 256 2055 illis
279 2021 516 2064 scriptoribus
541 2019 758 2054 adnotatum
783 2030 854 2054 esse
881 2020 1049 2054 arbitror.

276 2067 315 2102 2.
348 2068 412 2102 Ea:
440 2067 549 2102 Cicer.
572 2066 809 2112 Symmachus
833 2078 885 2110 ep.
902 2069 934 2107 1,
951 2069 982 2108 1,
996 2068 1029 2100 2.
1057 2066 1102 2109 ef.
1125 2066 1257 2100 lustin.
1275 2064 1394 2109 praef.
1414 2067 1447 2107 5,
1463 2066 1503 2098 5:
1537 2063 1643 2105 Quod
1670 2064 1719 2097 ad

181 2116 217 2148 te
243 2115 278 2132 **
302 2125 375 2148 11011
402 2117 481 2148 tam
508 2114 756 2157 cognoscendi
781 2114 901 2157 magis
925 2123 1038 2157 quam
1058 2112 1283 2147 emendandi
1304 2123 1417 2146 eausa
1442 2110 1643 2153 transmisi,
1671 2111 1720 2145 31-

181 2161 259 2195 mul
291 2164 333 2196 ut
359 2163 396 2196 et
425 2161 493 2196 otii
525 2162 615 2205 mei,
649 2161 753 2195 cuius
787 2163 824 2195 et:
850 2161 957 2195 Cato
985 2160 1214 2194 reddendam
1240 2170 1391 2204 operam
1417 2158 1617 2205 [rationem
1642 2158 1719 2193 eod.

182 2210 313 2244 Dresd.
335 2209 395 2256 Ε]
421 2211 542 2253 putat,
571 2209 671 2253 apud
697 2210 735 2243 te
760 2208 857 2242 ratio
885 2209 1083 2242 constaret.
1125 2208 1261 2243 Colum.
1281 2209 1399 2249 2,22:
1431 2205 1521 2240 Cum
1547 2207 1626 2240 tam
1652 2205 1721 2239 otii

181 2267 295 2300 quam
326 2256 470 2302 negotii
495 2256 680 2291 rationem
708 2255 861 2290 reddere
887 2255 1047 2290 maiores
1074 2254 1191 2289 nostri
1218 2253 1447 2297 censuerint,
1479 2264 1545 2287 1103
1572 2263 1719 2296 quoque

181 2308 214 2339 et
227 2315 257 2348 q.
272 2315 299 2339 s.
330 2305 375 2348 cf.
396 2304 494 2340 Suet.
512 2304 631 2339 Galba
646 2307 721 2346 9,1.
753 2303 977 2338 Sententiam
996 2314 1067 2337 esse
1083 2302 1336 2345 Xenophontis
1355 2302 1497 2336 monuit
1514 2301 1700 2343 Woelfflin
1707 2313 1719 2342 ,-

181 2352 242 2386 ille
267 2353 362 2386 enim
387 2352 602 2386 conuiuium
628 2363 736 2386 suum
758 2352 811 2385 sie
836 2351 1042 2385 incohauit:
1073 2347 1156 2383 Ἀλλ’
1183 2349 1263 2393 ἐμοὶ
1282 2350 1387 2383 δοκεῖ
1411 2353 1485 2383 τῶν
1504 2350 1627 2382 καλῶν
1654 2347 1720 2381 κά-

183 2402 315 2443 γαθῶν
341 2399 492 2443 ἀνδρῶν
518 2399 607 2444 ἔργα
633 2399 676 2433 οὐ
709 2398 826 2443 μόνον
852 2397 897 2432 τὰ
923 2396 1013 2441 μετὰ
1040 2398 1206 2440 σπουδῆς
1231 2394 1467 2440 πραττόμενα
1493 2393 1718 2439 ἀξιομνημό-

183 2459 296 2481 νευτα
322 2443 419 2481 εἶναι
444 2446 535 2481 ἀλλὰ
560 2446 625 2481 καὶ
650 2445 697 2480 τὰ
721 2447 761 2480 ἐν
786 2451 868 2485 ταῖς
893 2446 1076 2484 παιδιαῖς.

1214 2551 1231 2559 α,

278 2565 319 2620 l,
349 2573 370 2607 2
400 2568 511 2619 ques]
539 2571 649 2619 queis
675 2569 827 2607 Jordan
963 2569 985 2606 5
1020 2567 1158 2617 populi
1187 2567 1252 2606 R.
1280 2569 1392 2616 gesta
1425 2566 1556 2612 (Par.)
1578 2566 1618 2603 B
1650 2578 1718 2615 po-

184 2641 270 2690 puli
296 2624 362 2678 ..134
390 2643 521 2690 gestas
549 2640 680 2687 (Par.)
705 2639 738 2678 0
772 2639 911 2689 populi
929 2639 1133 2687 respondit
1160 2640 1270 2688 gesta
1294 2631 1523 2689 W(olfenb.)
1546 2649 1571 2674 a
1583 2649 1648 2684 pr.
1669 2649 1719 2673 ni.

184 2699 321 2749 populi
353 2713 414 2738 res
447 2702 577 2750 gestas
607 2700 691 2738 ΠῙα
715 2710 786 2737 ree.
814 2712 863 2736 m.
896 2697 1125 2737 disseribere
1154 2698 1191 2734 B
1227 2700 1260 2734 et
1290 2697 1542 2734 Lindemann
1582 2695 1720 2745 populi

187 2758 359 2797 Romani
384 2771 445 2796 res
472 2761 604 2808 gestas
630 2759 782 2797 Jordan

276 2812 320 2868 2,
350 2819 372 2855 7
401 2818 594 2868 originem
624 2818 838 2866 1¹(eyerns.)
946 2818 968 2854 8
997 2816 1141 2854 clarior
1169 2815 1204 2852 T
1261 2810 1485 2865 hominum]
1513 2816 1567 2852 sic
1588 2814 1624 2851 T
1640 2814 1719 2851 Er-

184 2879 278 2925 furt.
404 2878 427 2914 9
455 2878 611 2927 negocii
639 2877 675 2914 T
