2002 3342
182 622 248 652 216

280 203 339 243 50
917 198 1176 240 RELIQVIAE

278 308 390 353 εἶναι
419 311 475 359 ὡς
501 310 707 363 σήμερον,
733 305 825 349 ἀλλ’
854 307 1037 361 ἤπειρον
1062 304 1275 360 γενέσθαι
1302 304 1586 360 συνημμένην
1611 311 1662 360 τῆ
1689 305 1812 349 ὕστε-

278 393 359 432 ρον
375 375 553 430 Ἰταλίᾳ·
581 371 628 414 ἐκ
649 370 696 414 δὲ
716 379 793 426 τῆς
807 371 1073 420 ἐπικλύσεως
1092 378 1182 412 τῶν
1202 370 1433 425 ῥευμάτων
1452 378 1542 412 τῶν
1562 371 1694 426 ῥιζῶν
1708 371 1813 413 ἄπο-

279 445 556 483 σπασθεῑσαν
589 445 668 480 τοῦ
699 436 957 479 Ἀπεννίνου
990 437 1099 478 κατὰ
1131 437 1180 478 τὸ
1214 436 1469 477 Σκύλλαιον
1501 436 1708 490 ῥαγείσης
1739 443 1813 490 τῆς

276 508 462 561 ἠπείρου
487 510 628 558 νῆσον
654 503 1006 556 ἀποκαταστῆναι
1034 499 1105 543 καὶ
1133 501 1206 542 διὰ
1232 507 1362 542 τοῦτο
1389 499 1565 554 Ῥήγιον
1594 504 1812 555 κληθῆναι

276 575 324 615 τὸ
352 570 546 622 πλευρὸν
571 575 647 622 τῆς
667 566 852 617 Ἰταλίας
879 567 1033 609 ἐκεῖνο.

368 632 412 675 3.
451 638 531 677 Cic.
553 639 603 675 de
623 637 690 684 Off.
711 636 750 686 3,
765 636 834 683 32,
850 636 946 673 113.
987 633 1064 673 Sed
1089 639 1133 673 ut
1158 633 1375 672 laudandus
1395 633 1570 684 Regulus
1593 634 1633 671 in
1656 645 1813 672 conser-

276 701 404 740 uando
438 703 524 741 iure
557 700 742 751 iurando,
775 702 832 738 sic
861 699 995 738 decem
1022 699 1097 750 illi,
1130 712 1228 750 quos
1254 704 1341 750 post
1369 697 1617 737 Cannensem
1643 710 1814 749 pugnam

278 768 426 806 iuratos
453 767 500 805 ad
527 772 706 805 senatum
733 767 842 804 misit
861 764 1055 804 Hannibal
1076 777 1118 803 se
1140 766 1180 802 in
1202 768 1329 803 castra
1347 763 1544 802 redituros
1565 775 1621 813 ea,
1648 775 1815 814 quorum

279 837 390 871 erant
410 833 524 883 potiti
545 832 678 882 Poeni,
699 832 778 870 nisi
800 830 845 868 de
868 829 1109 868 redimendis
1140 830 1308 880 captiuis
1327 830 1663 880 impetrauissent‚
1684 830 1717 866 si
1737 840 1815 866 non

279 897 495 947 redierunt,
521 895 786 948 uituperandi.
827 895 874 934 de
902 894 1046 946 quibus
1072 907 1151 933 non
1173 907 1310 933 omnes
1336 906 1414 933 uno
1434 893 1568 932 modo:
1594 905 1685 932 nam
1705 893 1816 944 Poly-

278 963 379 1014 bius,
405 962 532 1001 bonus
561 967 698 1001 auctor
723 963 763 999 in
790 961 941 1012 primiS,
969 973 1016 999 ex
1044 960 1179 999 decem
1206 959 1478 1010 nobilissimis,
1505 960 1573 1010 qui
1599 964 1682 997 tum
1706 964 1818 997 erant

278 1030 402 1079 missi,
428 1040 571 1067 nouem
599 1027 815 1066 reuertisse
844 1025 950 1076 dicit,
982 1037 1023 1063 re
1051 1037 1070 1063 a
1098 1030 1236 1063 senatu
1263 1037 1341 1063 non
1367 1025 1595 1075 impetrata,
1621 1036 1744 1062 unum
1771 1035 1817 1061 ex

281 1093 435 1144 decem,
470 1094 536 1144 qui
562 1092 694 1143 paullo
721 1097 929 1143 postquam
958 1095 1042 1128 erat
1070 1102 1255 1140 egressus
1282 1102 1302 1128 e
1330 1090 1471 1128 castris
1498 1088 1679 1140 redisset,
1707 1089 1819 1139 quasi

280 1158 427 1210 aliquid
461 1163 566 1197 esset
598 1157 761 1208 oblitus,
792 1156 937 1195 Romae
971 1156 1222 1193 remansisse.
1250 1178 1305 1182 —
1334 1154 1373 1193 C.
1395 1154 1543 1193 Acilius
1571 1159 1719 1205 autem,
1752 1155 1818 1204 qui

281 1223 428 1263 Graece
451 1224 612 1275 scripsit
630 1223 848 1273 historiam,
874 1221 1009 1272 plures
1031 1222 1085 1259 ait
1106 1221 1240 1271 fuisse,
1262 1221 1327 1271 qui
1348 1221 1389 1258 in
1411 1224 1538 1258 castra
1558 1220 1820 1258 reuertissent

281 1289 417 1328 eadem
451 1288 606 1339 fraude,
640 1293 685 1326 ut
715 1288 803 1326 iure
836 1285 1000 1325 iurando
1034 1285 1317 1336 liberarentur,
1357 1297 1501 1336 eosque
1535 1298 1554 1323 a
1588 1284 1819 1323 censoribus

283 1354 464 1393 omnibus
492 1354 720 1404 ignominiis
747 1358 911 1390 notatos.

284 1475 457 1510 obrutum
480 1476 537 1509 est
558 1475 624 1508 aut
643 1484 709 1518 per
736 1473 951 1518 angustiam
979 1472 1159 1516 scissum),
1188 1472 1398 1506 accuratius
1424 1482 1447 1504 a
1473 1470 1639 1504 Diodoro
1660 1472 1693 1511 4,
1708 1472 1767 1511 85,
1782 1472 1821 1503 3:

284 1524 375 1567 φασὶ
409 1522 478 1567 γὰρ
513 1521 546 1556 οἱ
578 1521 732 1555 παλαιοὶ
765 1519 1009 1565 μυθογράφοι
1043 1519 1111 1564 τὴν
1140 1517 1313 1553 Σικελίαν
1339 1518 1380 1552 τὸ
1406 1515 1478 1560 πρὸ
1504 1522 1570 1552 τοῦ
1596 1515 1821 1562 χερρόνησον

283 1568 400 1606 οὖσαν
426 1569 580 1613 ὕστερον
606 1568 784 1613 γενέσθαι
810 1574 923 1613 νῆσον
951 1567 1014 1601 διὰ
1040 1567 1216 1606 τοιαύτας
1242 1564 1380 1604 αἰτίας·
1406 1563 1470 1600 τὸν
1497 1564 1636 1609 ἰσθμὸν
1661 1563 1755 1598 κατὰ
1780 1561 1821 1598 τὸ

285 1618 512 1653 στενώτατον
546 1615 617 1651 ὑπὸ
652 1618 760 1651 δυοῖν
792 1617 960 1656 πλευρῶν
991 1615 1164 1660 θαλάσσῃ
1197 1611 1516 1657 προσκλυζόμενον
1548 1612 1822 1656 ἀπορραγῆναι,

284 1667 348 1700 καὶ
373 1663 439 1700 τὸν
464 1663 579 1699 τόπον
606 1662 679 1699 ἀπὸ
705 1663 840 1698 τούτου
854 1661 1002 1706 Ῥήγιον
1029 1663 1301 1707 ὀνομασθῆναι,
1328 1661 1391 1694 καὶ
1416 1659 1484 1704 τὴν
1503 1659 1656 1703 ὕστερον
1676 1661 1824 1699 πολλοῖς

287 1713 402 1748 ἔτεσιν
429 1715 647 1747 κτισθεῖσαν
674 1709 783 1745 πόλιν
809 1716 931 1755 τυχεῖν
956 1716 1020 1754 τῆς
1047 1709 1244 1755 ὁμωνύμου
1270 1705 1531 1752 προσηγορίας.

381 1759 419 1795 3.
446 1760 615 1794 Eandem
647 1760 788 1801 famam
822 1759 943 1793 Cicero
975 1761 1050 1792 iam
1082 1762 1192 1792 antea
1222 1760 1254 1799 1,
1275 1758 1338 1798 13,
1359 1759 1406 1789 40
1436 1756 1616 1800 tetiyerat:
1656 1753 1823 1786 Secundo

285 1810 411 1842 autem
430 1807 570 1841 Punico
597 1806 696 1840 bello
722 1807 808 1850 post
829 1805 1057 1840 Cannensem
1084 1815 1248 1849 pugnam
1276 1814 1368 1846 quos
1393 1802 1520 1837 decem
1541 1800 1731 1834 Hannibal
1751 1800 1823 1834 Ro-

286 1867 385 1889 mam
414 1855 586 1888 astrictos
612 1854 715 1887 misit
740 1854 819 1887 iure
845 1853 1002 1887 iurando
1030 1863 1068 1886 se
1094 1852 1277 1886 redituros
1305 1861 1394 1892 0550Ί
1428 1849 1500 1883 11151
1528 1849 1572 1883 (10
1596 1848 1824 1883 redimendis

286 1903 349 1945 iis,
383 1902 445 1946 qui
473 1902 574 1946 capti
601 1903 724 1944 erant,
751 1901 1027 1944 impetrassent,
1054 1911 1114 1934 005
1143 1909 1269 1936 omnes
1297 1908 1482 1939 censores,
1516 1896 1641 1940 quoad
1668 1895 1826 1939 quisque

287 1962 414 1985 eorum
439 1949 550 1991 uixit,
578 1950 668 1993 quia
693 1949 942 1992 peierassent,
968 1947 1006 1980 in
1033 1946 1185 1981 aerariis
1210 1945 1441 1989 reliquerunt
1466 1955 1534 1978 1100
1559 1943 1681 1977 minus
1707 1942 1825 1984 illum,

288 1999 352 2041 qui
378 1997 469 2031 iuris
495 1997 644 2031 iurandi
670 1996 802 2030 fraude
829 1995 977 2040 eulpam
1005 1995 1209 2028 inuenerat.
1255 1994 1393 2027 Liuias
1413 1996 1609 2037 postquam
1632 1993 1694 2033 22,
1710 1993 1826 2032 6—8;

289 2049 346 2087 61,
362 2048 453 2079 1-4
480 2045 677 2089 Polybium
701 2049 844 2079 secutus
870 2047 936 2085 est,
968 2054 995 2077 c,
1018 2046 1074 2084 61,
1090 2044 1184 2076 5—9
1213 2041 1394 2076 ‘alteram’
1424 2040 1467 2075 de
1497 2040 1657 2083 captiuis
1687 2039 1826 2080 famam

288 2094 477 2135 admeruit,
504 2104 577 2137 qua
603 2103 693 2134 cam,
719 2103 829 2135 quam
849 2092 1048 2135 Appianus
1076 2089 1344 2133 (Hanm'b.28,
1372 2088 1413 2122 de
1439 2087 1555 2122 tribus
1578 2086 1736 2130 captiuis
1761 2086 1825 2120 Οτι,

289 2141 500 2185 δωηῳνοηίο
527 2140 615 2174 duce
642 2140 760 2174 missis
785 2143 893 2182 atque
917 2149 955 2172 re
980 2139 1115 2181 infecta
1140 2137 1308 2179 reuersis)
1335 2136 1520 2176 narrauit,
1547 2145 1627 2168 cum
1646 2134 1755 2168 tertia
1774 2134 1828 2167 ita

288 2189 570 2230 contamiuauit,
589 2192 630 2222 ut
649 2188 708 2221 illi
726 2191 796 2221 tres
816 2187 932 2221 decem
946 2186 1079 2230 primis
1092 2185 1397 2225 submitterentur,
1417 2183 1456 2216 hi
1469 2185 1694 2217 remanerent
1713 2181 1827 2215 omni-

290 2237 422 2279 busque
448 2236 661 2281 iynonzi'niis
686 2234 957 2276 conficerentur,
984 2234 1041 2267 villi
1066 2237 1135 2266 tres
1155 2232 1364 2266 nominibus
1382 2229 1583 2275 significati
1608 2229 1657 2263 ad
1677 2228 1829 2261 Hauni-

290 2285 404 2318 balem
435 2283 604 2317 redirent.
643 2282 868 2327 iyrzomz'm'as
899 2282 999 2325 ipsas
1031 2280 1154 2322 adfert
1182 2281 1372 2321 24‚13,5,
1404 2278 1468 2312 ubi
1499 2287 1577 2311 eam
1609 2276 1829 2316 memoriam,

291 2343 400 2375 quam
426 2334 534 2365 antea
561 2331 673 2365 altero
701 2330 775 2364 loco
795 2333 982 2373 posuerat,
1007 2328 1189 2372 sequitur:
1222 2325 1433 2360 Secundum
1459 2335 1520 2358 eos
1548 2323 1651 2357 citati
1677 2323 1723 2368 [a
1750 2333 1828 2356 ceu-

290 2379 455 2423 sorz‘bus]
481 2377 592 2411 nimis
620 2377 749 2411 callidi
776 2375 991 2411 exsoluendi
1018 2374 1109 2408 iuris
1136 2373 1284 2408 iurandi
1311 2373 1543 2416 interpretes,
1570 2371 1633 2414 qui
1661 2370 1830 2414 captiuo-

292 2438 370 2459 rum
399 2436 443 2459 ex
468 2425 600 2458 itinere
628 2424 786 2470 regressi
813 2424 908 2458 clam
934 2423 972 2456 in
1000 2424 1122 2457 castra
1149 2420 1372 2455 Hannibalis
1399 2419 1579 2460 solutum,
1606 2418 1704 2461 quod
1732 2417 1830 2450 iura-

292 2475 425 2507 uerant
448 2472 644 2514 redituros,
671 2472 860 2506 rebantur.
899 2470 957 2504 his
991 2469 1316 2514 superioribusque
1346 2467 1421 2501 illis
1449 2466 1534 2510 equi
1561 2464 1739 2509 adempti,
1766 2464 1830 2508 qui

293 2520 485 2565 publicum
507 2531 642 2563 equum
669 2519 870 2561 habebant,
897 2517 1072 2561 tribuque
1095 2516 1186 2550 moti
1206 2515 1339 2550 aerarii
1360 2525 1486 2548 omnes
1507 2513 1608 2547 facti.
1639 2516 1698 2555 (ex
1717 2512 1831 2546 Liuio

292 2580 359 2603 sela
386 2568 491 2602 habet
512 2569 629 2602 ναῖεν.
653 2569 759 2602 Max.
780 2569 816 2609 2,
831 2568 932 2610 9,S.)
972 2566 1063 2600 duos
1089 2565 1228 2599 Romae
1258 2564 1432 2598 mansisse
1457 2566 1490 2596 et
1513 2565 1639 2605 postea
1665 2572 1688 2594 a
1713 2570 1830 2594 censo-

385 2675 427 2730 2,
451 2682 485 2717 2.
504 2681 527 2717 3
556 2677 858 2717 ἀποσπασθεῖσα
880 2679 958 2715 cod.
974 2688 1068 2715 corr.
1084 2676 1219 2714 Rohdc
1305 2675 1330 2710 4
1357 2675 1557 2723 κληθῆναι
1576 2673 1710 2710 Rohde
1736 2669 1830 2708 ἀπο-

296 2744 533 2788 καταστῆναι
560 2740 638 2776 cod.
764 2738 787 2775 5
815 2736 967 2776 ἐκείνου
995 2737 1072 2774 eod.
1100 2745 1195 2772 corr.
1216 2734 1351 2772 Rohde

388 2793 432 2849 3,
456 2800 509 2836 14
538 2798 576 2836 O.
598 2798 751 2835 Acilius
781 2796 821 2835 Ο.
842 2797 970 2834 Heme
1001 2795 1176 2832 Facilius
1202 2793 1342 2831 Bamb.
1364 2792 1525 2839 Hcrbip.
1546 2791 1666 2828 Beru.
1689 2791 1709 2827 b
1741 2789 1831 2826 Aci-

296 2858 373 2895 lius
400 2857 535 2895 Ambr.
558 2858 675 2896 Rern.
698 2869 717 2895 e
841 2858 892 2894 16
922 2867 1064 2904 eosque
1097 2852 1369 2892 accensoribus
1396 2851 1535 2889 Bamb.
1558 2850 1717 2896 Her-bip.

1837 908 1870 933 10

1841 1233 1873 1259 15

1964 0 1978 57 ’afl—
