2002 3342
295 187 366 228 vr*

294 295 398 349 garii
439 293 694 335 coniecturis
734 293 900 346 peperci
939 306 1076 346 neque
1112 291 1247 333 ullum
1287 307 1337 333 ex
1378 292 1525 333 libello
1564 292 1614 333 de
1653 292 1817 347 origine

294 366 431 419 gentis
458 365 674 406 Romanae
708 364 870 416 admisi,
897 364 1016 405 cuius
1044 366 1248 417 auctoreS,
1275 364 1354 404 etsi
1381 366 1630 418 argumenta
1657 378 1705 404 ex
1734 377 1818 404 cer-

292 436 474 477 tioribus
500 435 694 476 fontibus
722 435 996 489 collegerunt,
1023 434 1138 475 omni
1165 434 1246 475 fide
1273 434 1439 489 indigni
1465 436 1574 476 sunt.

381 507 540 547 'sextus
562 508 702 546 autem
723 505 853 547 uerba
876 505 1104 546 secundum
1127 505 1329 559 optimam
1348 519 1557 558 quamque
1577 505 1819 557 editionem,

294 577 327 618 si
357 591 439 631 qua
466 577 632 617 interim
657 576 816 631 publici
846 576 948 617 iuris
974 576 1087 617 facta
1107 578 1208 629 erat,
1234 576 1397 616 ratione
1418 575 1617 617 recensui.
1656 577 1748 616 tum
1776 574 1817 614 in

295 650 499 701 apparatu
527 647 673 688 critico
701 646 993 701 componendo
1019 646 1061 687 id
1088 646 1218 700 tenui,
1244 649 1291 686 ut
1318 660 1424 699 quae
1450 645 1502 686 ad
1529 646 1658 687 uerba
1677 660 1727 686 ex
1750 659 1820 685 ue-

295 719 456 760 teribus
489 718 711 759 annalibus
748 720 943 771 excerpta
976 720 1133 771 essent,
1168 719 1259 758 tota
1293 717 1404 757 mole
1441 717 1819 771 discrepantiarum

298 790 547 831 instruerem
588 788 895 843 orthographia
936 792 1130 842 excepta,
1175 788 1225 828 de
1267 787 1417 829 ceteris
1462 788 1650 841 potiores
1696 787 1820 842 elige-

295 875 394 914 rem,
422 875 528 914 quae
555 859 606 900 ad
634 862 881 914 argumenta
907 858 1225 912 interpretanda
1250 861 1323 899 aut
1350 858 1399 899 ad
1420 858 1550 899 uerba
1569 859 1750 899 fortasse
1770 872 1820 898 ex

295 934 508 973 uetustate
544 931 749 971 translata
784 930 1061 984 pertinerent,
1100 929 1241 983 plures
1282 932 1423 970 tamen
1459 929 1609 970 addere
1652 929 1820 970 mallem

297 1018 424 1056 quam
457 1002 508 1042 ad
541 1001 727 1042 diuersas
754 1000 959 1042 editiones
989 1000 1244 1041 euoluendas
1271 1015 1396 1041 usum
1427 1014 1636 1041 reuocare.
1677 999 1726 1040 de
1756 1013 1820 1040 so-

295 1074 346 1115 lis
374 1073 512 1114 Gellio
539 1075 581 1113 et
606 1071 748 1113 Nonio
777 1071 973 1112 omnibus
999 1071 1121 1123 locis,
1153 1073 1201 1111 ut
1233 1071 1403 1112 chartae
1429 1084 1661 1125 parcerem,
1694 1071 1821 1111 etiam

295 1144 407 1200 sigla·
435 1144 490 1184 M.
512 1143 677 1185 Hertzii
710 1146 751 1184 et
778 1143 823 1184 L.
844 1142 1038 1184 Muelleri
1071 1143 1227 1184 retinui
1259 1157 1395 1196 neque
1427 1142 1467 1183 h.
1490 1142 1515 1182 l.
1543 1142 1691 1183 tacebo
1724 1145 1821 1182 ante

296 1229 429 1256 annos
463 1228 534 1255 sex
568 1217 610 1255 et
640 1213 921 1268 quadraginta
946 1217 1153 1267 apparatu
1179 1213 1293 1254 illius
1322 1212 1531 1267 Gelliano,
1560 1212 1606 1255 G.
1627 1213 1821 1254 Thilonis

296 1285 499 1327 Seruiano
533 1285 595 1325 uti
628 1284 735 1325 mihi
766 1284 947 1325 licuisse.
988 1283 1271 1338 Coniecturis,
1299 1299 1352 1325 ne
1378 1283 1651 1325 traditionem
1679 1298 1754 1338 per
1780 1298 1822 1324 se

296 1371 417 1411 saepe
444 1356 648 1397 incertam
675 1355 810 1410 magis
838 1355 1052 1396 turbarem
1079 1354 1365 1409 historicaque
1392 1355 1532 1396 studia
1559 1369 1822 1409 occuparem,

294 1427 545 1481 praesertim
572 1427 613 1466 in
636 1426 797 1467 truncis
817 1439 1051 1479 paucorum
1071 1425 1312 1478 uerborum,
1339 1440 1432 1466 raro
1453 1425 1623 1479 indulsi,
1649 1426 1752 1466 item
1773 1425 1822 1467 de

296 1499 496 1540 clausulis
516 1497 802 1552 numerandis,
817 1512 995 1551 quarum
1011 1497 1215 1551 quaedam
1237 1498 1430 1551 exempla
1449 1497 1515 1538 Fr.
1531 1496 1616 1538 Leo
1637 1496 1823 1537 animad-

295 1570 424 1611 uertit
452 1567 608 1624 (Roem.
629 1568 711 1610 Lz‘t.
732 1567 752 1608 I
778 1583 817 1622 p.
839 1568 925 1609 330
947 1583 984 1608 n.
1007 1568 1043 1608 2.
1072 1568 1157 1609 339
1179 1583 1217 1609 n.
1238 1568 1277 1609 4.
1305 1568 1389 1609 346
1417 1583 1456 1609 n.
1481 1566 1537 1623 1),
1562 1582 1711 1609 manus
1733 1567 1823 1609 abs-

294 1641 416 1682 tinui.

384 1710 546 1752 Deinde
580 1710 854 1752 adnotatione
886 1713 1049 1752 textum
1084 1710 1280 1764 suppleui
1312 1713 1354 1751 et
1385 1724 1531 1752 eorum
1563 1710 1825 1766 fragmento-

294 1798 407 1836 rum,
441 1797 548 1836 quae
581 1782 707 1823 etiam
741 1782 834 1823 aliis
873 1781 978 1822 locis
1011 1784 1180 1822 seruata
1211 1784 1328 1835 sunt,
1366 1784 1407 1822 et
1442 1796 1588 1822 eorum
1619 1781 1824 1834 locorum,

295 1854 367 1909 qui
396 1868 446 1894 ex
473 1853 619 1895 eodem
647 1855 820 1894 auctore
847 1867 897 1893 ex
919 1867 1003 1906 quo
1030 1853 1271 1908 fragmenta
1291 1852 1499 1908 originem
1524 1852 1735 1892 duxerunt
1755 1852 1824 1893 uel

296 1925 466 1967 duxisse
501 1924 717 1977 uidentur,
754 1924 934 1978 denique
969 1924 1014 1964 in
1050 1938 1140 1964 eam
1174 1939 1224 1965 ex
1256 1924 1385 1965 uariis
1426 1923 1547 1964 libris
1579 1923 1823 1977 libellisque

297 1997 439 2037 omnia
471 2010 519 2036 ea
551 1996 730 2051 contuli,
765 2010 872 2049 quae
906 2009 1000 2036 cum
1033 1995 1335 2049 probabilitate
1365 1995 1546 2049 quadam
1579 1995 1629 2035 ad
1661 1995 1825 2036 intelle-

296 2067 431 2123 genda
458 2066 802 2120 aestimandaque
827 2066 1067 2121 fragmenta
1092 2067 1267 2108 inuenta
1293 2068 1422 2107 erant.

384 2138 448 2179 De
475 2137 737 2179 emendando
764 2138 845 2179 hoc
870 2137 980 2178 libro
1007 2136 1186 2178 Ioannes
1215 2135 1432 2191 Gilbert,
1459 2137 1693 2191 discipulus
1720 2135 1823 2178 olim

297 2223 434 2263 meus,
467 2211 558 2249 tum
593 2208 756 2264 collega
782 2208 987 2262 Afranus,
1011 2222 1125 2249 nunc
1150 2208 1328 2260 amicus,
1361 2207 1522 2263 optime
1548 2207 1722 2249 meritus
1749 2210 1823 2261 est,

298 2280 417 2321 cuius
444 2279 650 2334 singulari
685 2279 915 2321 subtilitati
942 2283 983 2320 et
1015 2278 1249 2320 indefessae
1276 2279 1521 2334 diligentiae
1551 2278 1735 2319 debitam
1762 2279 1823 2319 iu-

298 2354 492 2404 stamque
519 2350 700 2405 gratiam
726 2350 882 2392 habere
908 2365 993 2392 non
1019 2349 1219 2391 desinam.

384 2444 563 2486 Misniae
593 2459 736 2486 mense
761 2443 958 2486 Ianuario
986 2460 1019 2485 a.
1040 2456 1234 2486 MCMXIV.

1166 2537 1534 2580 HERMANNVS
1561 2537 1762 2580 PETER.

387 2692 511 2734 Diem
538 2693 695 2735 mensis
722 2693 943 2735 Februarii
970 2696 1136 2734 sextum
1166 2693 1375 2734 decimum
1401 2691 1672 2733 Hermannus
1698 2691 1823 2733 Peter

299 2763 487 2804 scribens
515 2778 658 2818 paene,
690 2767 801 2806 certe
833 2765 1107 2818 scripturiens
1136 2764 1244 2805 obiit
1276 2778 1520 2817 supremum
1551 2777 1716 2804 summo
1748 2777 1824 2817 per

299 2836 512 2876 extremos
552 2835 638 2876 dies
678 2838 910 2890 occupatus
949 2835 1155 2877 desiderio
1194 2834 1302 2876 hanc
1337 2833 1563 2875 editionem
1603 2847 1736 2887 usque
1771 2834 1823 2875 ad
