2002 3342
309 210 334 240 (ς
640 195 703 230 DE
732 194 1041 230 SCRIPTORVM
1067 194 1189 229 VITIS
1216 194 1277 229 ΕΤ
1305 195 1513 230 SCRIPTIS

308 309 447 346 cinunt
472 307 537 345 illa
564 306 722 358 quidem
757 319 845 345 cum
879 306 979 344 fama
1011 306 1165 357 uulgari
1197 306 1259 345 uel
1288 306 1474 357 Fabiana,
1513 307 1582 346 sed
1616 307 1662 346 ad
1688 307 1840 347 Plutar-

308 373 427 411 chum
454 368 675 424 redeunffl)

398 437 531 488 Itaque
564 449 689 487 usque
722 436 769 475 ad
802 437 966 488 Augusti
1000 442 1164 477 aetatem
1199 437 1309 475 Fabii
1346 437 1505 476 annales
1541 443 1718 477 seruatos
1755 451 1842 478 esse

308 502 494 552 uidimus,
521 502 622 540 ultra
649 501 752 553 quod
780 507 947 553 tempus,
976 515 1052 554 quo
1079 502 1182 541 Liuii
1209 502 1394 554 splendor
1420 504 1497 541 iam
1524 515 1661 542 omnes
1682 503 1842 543 Latinos

306 567 466 605 annales
499 566 751 617 obscurabat,
784 573 827 606 ut
858 567 1001 606 Fabius
1028 568 1068 605 in
1095 567 1299 606 hominum
1326 567 1508 606 manibus
1536 574 1641 607 esset
1667 573 1705 607 et
1734 568 1842 608 lecti-

307 637 459 670 taretur
498 637 614 683 atque
653 633 771 670 etiam
808 634 983 684 Appiano
1022 633 1214 684 Dionique
1254 638 1369 671 notus
1414 629 1579 686 esset²)‚
1625 635 1665 672 in
1703 636 1842 685 primis

310 696 458 735 Graeco
486 696 685 735 annalium
711 709 894 736 sermone
922 699 1065 737 sactum
1093 711 1179 737 esse
1206 698 1381 749 uidetur,
1419 711 1494 749 quo
1522 698 1690 738 Graecos
1718 701 1843 751 serip-

309 767 425 812 tores,
453 775 542 801 eum
564 767 603 801 et
621 761 742 801 libros
763 775 783 801 a
803 762 976 802 Romano
1005 765 1173 815 scriptos
1201 769 1239 802 et
1260 776 1374 802 suum
1396 775 1617 802 sermonem
1639 764 1842 815 haberent,

307 827 468 866 allectos
496 839 582 866 esse
610 827 798 866 credibile
826 834 895 867 est.

406 958 436 993 1)
464 953 516 989 Cf.
544 954 580 989 C.
602 953 709 988 Peter
735 955 819 989 Lz'v.
842 967 876 989 u.
899 955 977 989 Pol.
1010 967 1045 999 p.
1068 958 1110 988 67
1127 967 1205 999 sqq.
1242 959 1295 990 76.
1347 955 1389 990 A.
1416 955 1689 1000 Baumgartner
1733 956 1843 992 Ueber

306 1008 365 1042 die
394 1008 542 1052 Quellen
568 1008 629 1042 des
657 1007 803 1043 Cassius
830 1009 906 1043 Dio
931 1009 1014 1050 fuer
1039 1008 1097 1043 die
1123 1010 1251 1043 aeltere
1276 1019 1382 1043 roem.
1406 1008 1611 1043 Geschiehte
1637 1010 1768 1052 (1880).

403 1063 436 1105 2)
464 1061 656 1105 syncellus
684 1063 721 1095 et
747 1061 929 1096 Eusebius
956 1062 1053 1106 (adn.
1075 1061 1119 1096 fr.
1141 1064 1174 1107 6)
1202 1073 1297 1106 quae
1324 1073 1367 1096 ex
1395 1061 1510 1096 Fabio
1543 1061 1589 1096 de
1615 1073 1711 1097 anno
1737 1062 1840 1096 urbis

307 1114 425 1148 natali
445 1115 630 1157 adferunt,
652 1125 695 1149 ex
715 1114 893 1158 Dionysio
915 1117 1162 1159 sumpserunt.
1179 1136 1223 1140 —
1238 1115 1425 1149 Ineditum
1439 1114 1663 1149 Vaticanum
1682 1115 1841 1149 Arnimii

307 1167 444 1211 (Herm.
466 1167 601 1202 XXVII
626 1180 660 1212 p.
686 1170 884 1211 118—130)
913 1179 934 1202 a
954 1168 1070 1202 Fabio
1089 1180 1163 1204 non
1183 1169 1355 1213 pondere,
1382 1170 1421 1202 ut
1446 1167 1526 1212 ipse
1553 1168 1772 1211 coniecerat,
1799 1168 1839 1203 E.

307 1220 512 1266 Wendling
537 1221 661 1255 Herm.
682 1221 833 1255 XXVIII
859 1234 893 1266 p.
918 1225 984 1256 335
1000 1233 1078 1265 sqq.
1106 1222 1386 1257 demonstrauit.
