2002 3342
279 189 489 220 CXXXVIH
611 173 672 207 Dr.
701 172 1005 207 SCRIPTORVM
1033 171 1154 206 V1T1s
1183 171 1243 205 ET
1270 171 1480 206 sommis

281 289 365 338 ipse
399 288 518 336 igitur
552 298 592 322 se
627 286 678 322 ita
712 296 793 322 rem
828 284 1134 321 constituturum
1171 294 1257 320 esse
1297 283 1473 333 exponit,
1511 287 1553 320 ut
1587 283 1708 320 oratio
1742 294 1811 320 sua

280 352 414 404 populi
445 352 636 401 originem
666 354 862 399 repeteret
889 346 1101 395 (Vibenter
1127 351 1230 386 em'm
1263 360 1305 386 Se
1337 351 1456 386 eliam
1490 349 1612 386 uerbo
1649 350 1706 385 uti
1741 348 1814 385 Ca-

278 413 424 464 tonis-³)
454 422 569 466 atque
598 426 707 452 suam
736 426 818 451 rem
845 426 880 463 p.
908 418 1133 451 nascentem
1162 418 1200 451 et
1230 416 1474 451 crescentem
1508 417 1546 450 et
1579 411 1750 450 adultam
1778 417 1816 450 et

282 485 359 521 iam
388 484 538 519 tirmam
567 484 681 529 atque
711 478 909 517 robustam
931 473 1210 530 ostenderet.¹)
1250 476 1353 528 quod
1374 479 1407 515 si
1429 477 1710 527 archaeologiis
1732 478 1815 515 suis

282 547 492 597 Iosephum
522 557 583 582 res
610 558 629 582 a
651 543 796 582 mundo
818 548 948 581 creato
969 555 1093 593 usque
1115 542 1162 581 ad
1184 541 1459 580 duodecimum
1481 554 1625 580 annum
1647 541 1814 581 Neronis

282 612 548 664 pertexuisse,
580 609 807 660 Dionysium
841 613 970 647 autem
997 607 1156 658 Polybio
1184 608 1295 658 quasi
1327 607 1546 658 praefatum
1573 619 1659 645 esse
1688 608 1815 645 consi-

283 676 568 724 derauerimus,
597 676 713 713 etiam
742 674 833 712 Cato
861 686 992 712 rerum
1015 673 1278 711 Romanarum
1306 673 1535 710 memoriam
1559 684 1684 723 usque
1707 671 1752 710 ad
1776 671 1814 709 id

284 748 452 792 tempus,
480 753 555 791 quo
582 739 741 777 biennio
768 744 855 777 ante
883 738 1026 777 bellum
1049 738 1261 776 Poenicum
1282 738 1454 788 primum
1477 737 1711 775 debellatum
1734 737 1818 788 tuit,

284 807 551 858 pertinentem
579 806 751 855 origines
777 803 995 842 inscribere
1023 804 1161 854 potuit.
1208 802 1347 853 quodsi
1373 808 1497 841 totum
1524 815 1622 854 opus
1650 816 1668 842 3
1690 802 1816 841 Plinio

286 867 382 925 (nat.
406 871 494 909 hist.
517 871 561 909 fr.
584 867 658 921 88)
687 875 725 908 et
750 870 791 907 in
812 869 915 907 Liuii
935 868 1133 919 periochis
1154 864 1220 920 (fr.
1245 864 1347 920 106)
1375 869 1480 906 inter
1500 867 1659 906 annales
1681 881 1818 907 nume-

286 943 414 976 ratum
442 941 501 975 est
534 941 571 974 et
598 935 643 974 ah
670 935 813 973 Ioanne
841 933 945 984 Lydo
966 930 1175 985 Ῥωμαικὴ
1203 930 1434 985 ἀρχαιότης
1468 932 1628 983 dicitur,
1668 935 1701 972 si
1734 935 1818 985 ipse

284 1016 305 1041 a
332 1002 516 1052 Dionysio
544 1002 648 1038 iuxta
670 999 833 1038 Fabium
854 999 1061 1049 Pictorem,
1089 998 1279 1049 Cincium,
1305 998 1486 1036 Pisonem
1515 997 1687 1049 aliosque
1714 1000 1819 1037 inter

285 1068 474 1106 historiae
502 1067 715 1117 scriptores
743 1061 1052 1117 (συγγραφεῖς)
1086 1064 1238 1114 positus
1271 1069 1347 1114 est,
1385 1075 1425 1102 se
1458 1064 1588 1114 ipsum
1621 1065 1661 1102 in
1689 1065 1818 1102 animo

284 1132 472 1171 habuisse
500 1130 669 1181 uidetur,
698 1142 787 1168 cum
815 1131 853 1167 in
881 1131 1083 1180 prooemio
1105 1128 1314 1167 scriberet:
1340 1132 1376 1167 si
1396 1141 1492 1177 ques
1517 1130 1696 1167 homines
1714 1136 1824 1176 sunl,

281 1209 383 1247 quos
405 1199 575 1235 delectat
587 1198 732 1245 populi
747 1195 923 1233 Romani
939 1201 1054 1243 qesta
1077 1196 1311 1233 discribere.
1346 1206 1444 1244 quae
1466 1195 1499 1232 si
1520 1199 1626 1233 recte
1645 1195 1820 1245 exposita

285 1268 388 1312 sunt,
404 1262 450 1301 ab
466 1263 638 1312 antiquis
654 1259 915 1311 scriptoribus
930 1259 1089 1310 longum
1104 1259 1199 1298 illud
1215 1260 1403 1310 temporis
1419 1260 1599 1310 spatium,
1615 1258 1717 1310 quod
1733 1271 1819 1310 spa-

285 1330 384 1367 tium
407 1339 543 1377 regum
565 1327 646 1364 fere
667 1331 863 1376 aequaret,
885 1324 1029 1363 lectum
1046 1337 1130 1363 esse
1153 1325 1342 1374 sequitur,
1364 1325 1660 1375 sententiaeque
1682 1326 1818 1375 paucis

283 1406 307 1432 a
341 1392 557 1431 Niebuhrio
591 1386 786 1444 (11.R.12,
812 1403 847 1441 p.
870 1388 908 1428 9.
953 1389 1144 1428 Praelect.
1171 1389 1197 1437 Ι,
1224 1402 1260 1440 p.
1282 1386 1357 1441 26)
1394 1390 1633 1440 propositae,
1673 1402 1691 1427 3
1725 1388 1818 1428 Gut-

286 1457 477 1496 schmidio
500 1454 558 1509 (V,
584 1469 618 1507 p.
641 1453 725 1494 519
743 1452 830 1508 sq),
859 1456 924 1506 qui
946 1460 1077 1493 tamen
1098 1454 1224 1493 tribus
1245 1454 1321 1492 illis
1348 1453 1460 1492 libris
1482 1454 1667 1492 Catonem
1694 1467 1819 1506 usque

284 1523 334 1561 ad
360 1521 587 1560 incendium
613 1521 805 1559 Gallicum
831 1520 895 1559 uel
922 1521 1078 1558 initium
1105 1519 1298 1558 bellorum
1326 1519 1561 1558 Samnitium
1587 1521 1819 1570 peruenisse

285 1589 473 1638 coniecit,
505 1585 802 1624 Wachsmuthio
836 1582 1016 1638 (Einleit.
1058 1598 1091 1636 p.
1122 1581 1246 1637 625),
1286 1584 1449 1623 Seeckio
1489 1580 1822 1637 (Kalenderlasel

286 1666 323 1704 p.
348 1649 469 1706 177),
503 1653 569 1703 qui
596 1657 639 1689 ut
666 1650 842 1689 Niebuhr
867 1651 1034 1702 Appiani
1060 1649 1160 1688 bella
1188 1651 1445 1700 comparauit,
1479 1649 1727 1700 Nipperdeyo
1754 1646 1822 1703 (ad

286 1718 383 1769 Nep.
410 1718 433 1756 l.
462 1713 511 1770 s.)
543 1716 729 1768 probatae
763 1715 1099 1767 adstipulabimur.
1146 1715 1346 1753 transtulit
1382 1717 1501 1765 igitur
1535 1714 1626 1753 Cato
1663 1727 1819 1753 omnem

283 1785 493 1822 scientiam
527 1788 565 1821 et
598 1783 878 1832 cognitionem,
915 1793 989 1832 qua
1024 1780 1069 1819 de
1096 1780 1209 1819 bellis
1237 1786 1325 1819 ante
1352 1780 1519 1819 Poenica
1546 1782 1667 1831 gestis
1696 1792 1737 1819 se
1764 1781 1823 1818 in-

288 1854 498 1898 struxerat,
526 1849 565 1886 in
593 1848 789 1898 originum
817 1846 960 1885 librum
988 1846 1102 1897 paulo
1129 1852 1217 1897 post
1243 1845 1386 1884 Persae
1412 1845 1557 1884 bellum
1585 1845 1751 1894 editum,
1778 1847 1819 1883 in

288 1927 333 1952 ea
355 1926 397 1952 re
418 1913 581 1951 Fabium
602 1913 799 1951 Pictorem
820 1913 1005 1962 imitatus,
1033 1911 1137 1962 quod
1163 1916 1205 1950 ut
1234 1910 1324 1949 fidei
1346 1924 1438 1950 suae
1460 1910 1683 1961 religiosius
1704 1923 1820 1962 quam

288 1980 364 2018 arti
392 1978 592 2017 scribendi
619 1977 921 2028 obsequeretur,
959 1977 1116 2015 lacunas
1143 1972 1323 2027 uulgatae
1350 1977 1563 2014 memoriae
1590 1977 1740 2026 ingenii
1766 1977 1823 2014 in-

289 2045 477 2083 uentione
511 2056 588 2081 non
622 2042 811 2093 expleuit,
851 2042 916 2080 illo
951 2043 1147 2093 superior,
1183 2041 1285 2092 quod
1318 2041 1455 2092 gentili
1484 2041 1666 2092 superbia
1694 2040 1823 2079 oculo-

290 2121 377 2147 rum
406 2110 510 2147 acies
538 2120 614 2146 non
641 2109 875 2158 praestricta
903 2113 1002 2158 erat,
1040 2120 1150 2146 suam
1176 2108 1281 2145 uiam
1309 2108 1528 2157 ingressus,
1565 2106 1668 2157 quod
1695 2113 1733 2144 et
1760 2119 1823 2145 res

287 2173 444 2212 Italicas
478 2186 547 2212 suo
581 2185 762 2211 sermone
796 2174 976 2224 exposuit
1010 2178 1047 2211 et
1074 2185 1137 2211 res
1165 2174 1217 2211 ita
1246 2172 1397 2221 diuisit,
1430 2178 1473 2211 ut
1500 2170 1619 2210 ‘unde
1646 2183 1825 2223 quaeque

292 2240 431 2277 ciuitas
459 2238 590 2277 Italica
618 2244 701 2276 orta
728 2235 858 2288 esset’,
889 2251 1014 2289 usque
1042 2238 1088 2276 ad
1117 2250 1201 2276 eam
1227 2239 1447 2288 uictoriam,
1475 2250 1548 2288 qua
1569 2237 1755 2276 Romanis
1783 2250 1824 2275 se

288 2304 473 2342 >subicere
501 2309 657 2342 coactae
685 2309 792 2354 sunt,
825 2309 1150 2355 persequeretur,
1184 2303 1357 2354 singulas
1384 2304 1505 2353 igitur
1532 2315 1602 2341 suo
1629 2314 1824 2353 quamque

292 2370 419 2419 capite
448 2369 680 2407 absolueret.
721 2381 848 2420 neque
877 2370 981 2407 enim
1002 2368 1218 2407 Niebuhrio
1245 2370 1297 2406 ita
1325 2367 1534 2418 adsentior,
1562 2369 1663 2406 utin
1689 2367 1825 2418 populi

291 2433 457 2472 Romani
492 2433 608 2472 rebus
641 2447 713 2485 per
745 2440 965 2485 temporum
999 2433 1177 2472 ordinem
1214 2435 1406 2472 enarratis
1446 2445 1579 2472 earum
1619 2434 1822 2471 ciuitatum

293 2511 369 2549 reS,
391 2512 490 2550 quae
513 2512 601 2537 cum
624 2511 668 2537 eo
690 2511 828 2537 manus
849 2504 1116 2548 consererent,
1144 2498 1190 2536 ab
1215 2498 1432 2548 originibus
1455 2499 1640 2549 repetitas
1662 2510 1706 2536 eo
1728 2497 1825 2549 loco,

294 2563 362 2602 ubi
399 2576 534 2602 earum
573 2565 610 2601 in
646 2565 835 2602 memoria
872 2564 1045 2602 Romana
1077 2565 1248 2614 primum
1282 2565 1429 2602 mentio
1468 2564 1597 2613 fieret,
1639 2562 1824 2601 Catonem

294 2630 510 2667 intexuisse
545 2628 757 2667 concedam
797 2635 929 2680 atque,
960 2641 1049 2668 cum
1077 2628 1249 2679 Italicae,
1282 2630 1511 2679 priusquam
1545 2641 1633 2666 cum
1667 2628 1826 2666 Cartha-

393 2726 425 2769 1)
452 2724 503 2759 Cf.
532 2724 660 2769 Polyb.
683 2729 714 2767 6,
731 2729 761 2767 4,
780 2729 838 2759 13:
867 2724 1022 2769 μάλιστα
1043 2722 1079 2759 δ’
1103 2725 1161 2760 ἐπὶ
1182 2730 1246 2769 τῆς
1265 2722 1457 2767 Ῥωμαίων
1483 2723 1668 2764 πολιτείας
1692 2729 1825 2759 τοῦτον

292 2776 471 2821 ἁρμόσειν
499 2778 564 2812 τὸν
590 2777 729 2821 τρόπον
755 2777 944 2822 ὑπείληφα
970 2784 1033 2822 τῆς
1059 2777 1261 2822 ἐξηγήσεως
1286 2778 1349 2811 διὰ
1376 2778 1415 2811 τὸ
1442 2776 1536 2811 κατὰ
1567 2778 1680 2821 φύσιν
1706 2777 1823 2821 αὐτὴν

293 2829 361 2864 ἀπ’
395 2831 509 2876 ἀρχῆς
536 2830 727 2875 εἰληφέναι.
754 2831 821 2874 τήν
846 2845 882 2866 τε
910 2831 1081 2865 σύστασιν
1108 2832 1171 2865 καὶ
1199 2831 1365 2875 αὔξησιν.

1996 1958 1999 1998 4.,
1994 1748 2002 1948 ἤρα-Ν(
1992 1726 1999 1738 ι,
1996 1690 2002 1696 ,
