2002 3342
270 209 449 239 CXXVIII
606 194 668 228 DE
697 192 1003 228 SCRIPTORVM
1028 192 1151 227 VITIS
1178 192 1239 227 ET
1266 191 1472 226 SCRIPTIS
1498 171 1500 174 v

271 320 376 355 quae
403 310 441 346 ἱη
468 307 588 345 Malia
611 306 896 354 llispanie‘sque
917 310 988 342 ant
1009 307 1158 351 fierent
1184 308 1254 341 aut
1281 305 1520 342 uiderentur
1541 305 1798 342 admiranda.

272 376 311 410 in
342 374 487 421 quibus
512 373 636 409 mulla
664 372 868 408 industria
895 375 932 408 e!
960 372 1171 418 diligentia
1199 374 1420 418 comparet,
1453 371 1564 406 nulla
1598 370 1797 407 doclrina.

360 437 402 475 ln
431 436 572 487 quibus
599 434 733 473 uerbis
761 440 852 472 sunt
880 447 990 484 sane,
1024 447 1122 485 quae
1149 435 1317 471 maximo
1344 445 1462 484 opere
1490 434 1691 471 miremur.
1731 433 1797 471 lio—

269 514 357 540 rum
385 501 576 539 bellorum
606 500 725 538 duces
752 500 972 538 nominatos
999 512 1075 537 non
1098 511 1184 536 esse
1212 499 1250 536 in
1279 497 1377 536 libro
1404 497 1590 536 historico
1613 511 1631 536 a
1653 498 1797 536 Catone

265 566 339 605 sed
367 579 429 605 res
458 567 541 604 sine
570 564 794 603 nominibus
823 564 990 602 notatas!
1027 563 1075 601 ob
1102 559 1264 617 trium1>
1298 562 1488 601 librorum
1521 568 1796 613 argumentum

267 637 419 682 septem
454 632 664 681 inscriptos
697 642 783 668 esse
817 628 1006 679 origines!
1047 640 1186 666 uerum
1221 633 1349 666 tamen
1382 629 1423 666 in
1454 627 1516 666 his
1549 629 1645 678 ipsis
1678 627 1796 666 rebus

263 696 427 748 accidit,
457 704 500 735 ut
527 695 572 734 ab
600 695 685 734 aliis
713 694 973 746 scriptoribus
1000 693 1161 744 Nepotis
1188 694 1424 742 testimonia,
1451 694 1630 743 quamuis
1657 705 1728 743 per
1754 705 1795 731 se

268 763 419 800 incerta
448 767 486 800 et
513 760 641 811 dubia,
668 760 1007 799 confirmarentur.
1041 771 1130 797 nam
1159 763 1196 796 et
1215 757 1365 796 Plinius
1386 759 1425 795 iu
1447 757 1613 796 naturali
1634 757 1795 795 historia

266 825 332 879 (fr.
350 824 425 880 88)
446 828 729 878 imperatorum
745 826 902 863 nomina
925 823 1130 862 annalibus
1147 822 1362 861 detraxisse
1377 822 1562 861 Catonem
1580 818 1796 876 εει-1115112),

261 897 305 930 et
330 891 470 930 Festus
500 892 547 941 (s.
568 904 605 930 u.
627 891 822 941 originum
844 902 880 940 p.
902 886 1004 942 198)
1031 890 1227 939 originum
1254 889 1554 939 inscriptionem
1582 887 1794 938 reprehen-

264 957 333 1007 dit,
360 956 463 1008 quod
491 968 568 995 non
597 957 691 994 satis
718 956 876 1007 plenum
905 954 1061 993 titulum
1087 954 1278 1005 propositi
1300 954 1361 992 sui
1380 952 1562 991 uideatur
1581 952 1794 1004 amplexus,

261 1021 420 1073 quando
448 1028 710 1073 praegrauent
737 1033 798 1071 ea,
832 1033 930 1072 quae
957 1021 1036 1058 sint
1063 1031 1195 1058 rerum
1228 1024 1426 1070 gestarum
1458 1018 1592 1069 populi
1617 1017 1794 1056 Romani.

352 1087 461 1125 Hanc
494 1088 615 1138 igitur
647 1086 695 1124 ob
729 1098 885 1124 causam
919 1098 1008 1123 cum
1041 1097 1119 1123 non
1154 1085 1221 1135 sit,
1263 1096 1333 1122 cur
1369 1083 1416 1122 de
1448 1082 1608 1134 Nepotis
1646 1083 1720 1122 fide
1757 1089 1794 1122 et

260 1154 494 1191 auctoritate
517 1151 752 1201 dubitemus,
780 1163 1015 1202 quamquam
1037 1149 1281 1200 singulorum
1305 1149 1496 1187 librorum
1518 1161 1581 1187 res
1603 1147 1793 1200 Nepotem

260 1230 340 1256 non
373 1219 467 1256 satis
507 1222 687 1255 accurate
722 1216 976 1255 adumbrasse
1016 1217 1284 1265 inueniemus,
1321 1216 1405 1253 eius
1442 1215 1664 1253 testimonio
1702 1226 1792 1252 con-

259 1282 383 1321 fidere
412 1294 579 1333 eumque
608 1281 747 1320 ducem
774 1283 813 1319 in
843 1280 1104 1332 disputatione
1136 1285 1269 1318 nostra
1305 1280 1417 1330 sequi
1449 1280 1683 1330 poterimus,
1717 1292 1791 1330 qua

257 1347 419 1399 quidem
448 1347 543 1386 illud
570 1349 687 1386 etiam
714 1348 838 1397 magis
865 1347 1015 1385 firmari
1042 1345 1275 1384 uidebimus,

351 1411 548 1451 ‘Senex'
577 1414 698 1463 igitur
725 1410 978 1450 ‘historias
1006 1410 1221 1449 scribere
1249 1406 1500 1459 instituit’,
1527 1408 1566 1447 id
1593 1414 1651 1448 est
1678 1410 1792 1448 mini-

259 1491 366 1517 mum
400 1478 677 1529 sexagenarius
706 1473 844 1531 (Varro
872 1489 930 1529 ap.
953 1478 1112 1515 Censor.
1137 1473 1202 1525 14,
1218 1471 1283 1529 2),
1317 1476 1350 1513 si
1383 1474 1613 1513 Ciceronem
1648 1474 1694 1513 de
1722 1475 1791 1513 Ca-

256 1544 362 1582 tonis
389 1548 513 1581 aetate
541 1544 731 1594 sequeris,
758 1555 858 1581 anno
889 1539 982 1581 174.
1005 1539 1103 1591 580,
1131 1542 1164 1579 si
1184 1540 1341 1579 Liuium
1369 1545 1406 1578 et
1432 1539 1697 1591 Plutarchum,
1725 1541 1791 1591 qui

257 1610 452 1648 minorem
480 1608 596 1647 fidem
623 1607 780 1659 habent,
806 1621 837 1646 a.
862 1605 956 1646 179.
980 1604 1064 1646 575
1092 1603 1311 1659 (Drumann
1339 1606 1367 1643 V
1393 1619 1428 1657 p.
1450 1602 1538 1657 98).
1578 1605 1646 1644 sed
1673 1607 1790 1644 etiam

256 1676 454 1713 seniorem
482 1673 667 1713 Catonem
696 1674 836 1724 fuisse,
870 1686 958 1711 cum
987 1671 1202 1711 secundum
1230 1672 1428 1722 originum
1461 1670 1605 1709 librum
1633 1683 1790 1722 compo-

256 1745 386 1790 neret,
420 1739 510 1778 inde
544 1744 721 1790 apparet,
755 1738 857 1790 quod
885 1738 1081 1776 Ameriam
1114 1739 1226 1776 annis
1252 1736 1500 1775 DCCCLXIII
1533 1742 1620 1774 ante
1654 1736 1789 1774 Persei

255 1804 402 1844 bellum
430 1804 626 1843 conditam
654 1816 739 1843 esse
767 1803 995 1855 prodiderat
1022 1798 1198 1856 (fn—19).
1235 1801 1403 1853 denique
1431 1802 1643 1852 septimum
1670 1802 1789 1852 origi-

254 1883 350 1909 num
376 1870 520 1909 librum
548 1869 623 1908 sibi
650 1871 690 1908 in
714 1869 895 1908 manibus
917 1881 1004 1907 esse
1031 1870 1161 1919 ipsum
1183 1867 1369 1906 Catonem
1391 1879 1489 1906 anno
1511 1871 1599 1905 ante
1620 1871 1787 1904 mortem

253 1935 393 1974 Cicero
429 1935 474 1974 de
510 1940 713 1974 senectute
747 1931 840 1987 (11,
862 1931 938 1987 38)
970 1933 1350 1985 profitentemifacit
1383 1928 1490 1985 (nam
1524 1944 1554 1970 a.
1579 1928 1673 1970 150.
1701 1929 1788 1970 604

252 2000 351 2039 illud
385 2000 623 2051 colloquium
656 2000 832 2039 habitum
866 2012 952 2038 esse
979 1998 1065 2037 uult
1091 1996 1129 2049 5,
1153 1994 1244 2050 14),
1273 1997 1456 2049 idemque
1483 1998 1523 2035 in
1551 1996 1671 2035 Bruto
1699 1994 1786 2049 (23,

252 2061 330 2119 89)
359 2078 473 2117 quam
501 2066 717 2104 orationem
745 2070 878 2104 contra
908 2063 1067 2103 Galbam
1095 2063 1274 2114 dixisset,
1303 2075 1392 2102 eum
1425 2064 1465 2101 in
1492 2063 1665 2113 origines
1696 2074 1787 2101 suas

253 2131 453 2170 rettulisse
491 2132 682 2169 certiores
716 2143 786 2169 nos
820 2131 912 2169 facit
944 2127 1101 2181 ‘paucis
1142 2134 1350 2180 antequam
1382 2133 1561 2166 mortuus
1597 2133 1702 2166 esset
1736 2139 1785 2165 an

252 2195 392 2234 diebus
419 2208 467 2234 an
494 2194 726 2234 mensibus'.

341 2261 383 2299 In
410 2261 484 2299 hoc
504 2266 611 2299 tanto
634 2262 951 2299 testimoniorum
973 2272 1168 2299 consensu
1190 2260 1274 2297 sine
1297 2257 1537 2297 dubitatione
1561 2256 1657 2295 duos
1678 2256 1784 2296 locos

250 2338 502 2377 spernemus,
536 2327 604 2377 qui
638 2338 727 2364 cum
760 2325 822 2364 bis
855 2338 1030 2377 pugnare
1064 2325 1285 2364 uideantur.
1325 2323 1423 2362 alter
1454 2322 1563 2361 locus
1595 2327 1655 2360 est
1681 2322 1785 2360 Liuii

251 2389 320 2442 34,
335 2389 372 2442 5,
390 2389 426 2441 7,
460 2391 526 2429 ubi
552 2396 807 2442 posteaquam
836 2390 927 2429 Cato
961 2389 1066 2429 nullo
1094 2389 1208 2428 modo
1241 2389 1367 2440 legem
1395 2387 1560 2439 Oppiam
1594 2386 1783 2437 abrogan-

251 2455 339 2494 dam
367 2468 453 2494 esse
481 2457 674 2507 exposuit,
703 2455 742 2494 L.
764 2456 954 2507 Valerius,
981 2455 1162 2494 tribunus
1189 2454 1327 2506 plebis,
1354 2459 1397 2492 ut
1424 2453 1664 2503 rogationem
1693 2464 1712 2490 a
1741 2464 1782 2489 se

249 2521 535 2572 promulgatam
570 2520 815 2572 defenderet,
852 2523 970 2560 etiam
1002 2521 1096 2559 haec
1135 2526 1268 2559 contra
1306 2519 1491 2557 Catonem
1529 2517 1640 2556 dicit:
1679 2518 1782 2555 Nam

347 2643 380 2685 1)
408 2640 589 2682 Quoniam
616 2642 658 2674 ut
684 2641 769 2675 libri
797 2640 891 2675 aiter
917 2642 955 2675 et:
979 2641 1131 2683 tertius,
1156 2641 1211 2674 ita
1237 2639 1352 2673 etiam
1377 2638 1517 2683 primus
1545 2636 1592 2670 ad
1619 2637 1782 2681 origines

248 2693 457 2738 spectabat,
483 2693 578 2727 nihil
599 2693 734 2736 obstat,
761 2694 958 2738 quominus
979 2705 1023 2728 ex
1048 2693 1168 2728 tribus
1189 2692 1374 2737 prioribus
1395 2691 1500 2725 libris
1520 2690 1678 2734 Nepotis
1699 2701 1781 2724 sen-

248 2747 369 2781 tentia
394 2747 675 2791 inscriptionem
702 2747 852 2781 ductam
880 2758 958 2781 esse
985 2747 1248 2781 existimemus.

346 2802 380 2845 2>
407 2799 547 2833 iniuria,
568 2800 685 2845 igitur
704 2800 894 2835 Drumann
920 2801 1008 2835 hist.
1029 2800 1132 2834 Rom.
1153 2799 1186 2833 V
1206 2811 1240 2843 p.
1259 2802 1324 2833 146
1352 2797 1512 2832 absurde
1531 2797 1622 2831 haec
1642 2795 1781 2830 tradita

247 2864 328 2888 esse
356 2853 529 2887 affirmat.
