2002 3342
283 212 369 244 CCL
618 198 680 232 DE
710 198 1019 233 SCRIPTORVM
1045 198 1166 233 vrris
1194 198 1255 233 ET
1282 197 1491 234 sommis

284 309 386 348 diem
414 311 531 348 etiam
559 321 630 360 per
658 309 863 347 duodecim
891 321 1014 360 paene
1042 322 1163 348 annos
1196 311 1318 348 uitam
1345 308 1546 360 produxit,
1581 322 1668 348 nam
1697 323 1727 349 a.
1750 308 1816 350 88.

283 372 368 413 666
397 376 481 412 eius
508 387 606 412 uxor
633 374 802 412 Caecilia
829 374 958 412 Sullae
986 372 1169 427 nupsitstJ)

372 439 502 477 Multis
531 440 652 489 igitur
673 439 791 478 rebus
818 439 974 490 publice
1002 441 1123 490 gestis
1145 441 1230 477 eius
1251 440 1331 478 uita
1352 439 1567 478 abundauit
1593 440 1816 491 largamque

282 504 464 555 praebuit
490 503 681 543 scribenti
708 505 925 542 materiam.
965 517 1092 555 neque
1121 510 1250 543 tamen
1273 504 1318 542 ab
1340 504 1522 543 omnihus
1548 506 1697 555 pariter
1717 505 1817 544 cele-

283 568 412 619 brata,
444 570 563 606 immo
597 569 808 607 multorum
843 570 991 607 ciuium
1024 569 1232 620 inuidiam,
1266 581 1382 620 quam
1411 571 1495 620 ipse
1523 576 1818 620 prouocauerat,

282 639 442 684 experta
464 640 534 672 est.
569 634 769 683 nimirum,
791 638 833 671 ut
855 640 938 672 erat
958 634 1172 672 uehemens
1195 641 1232 672 et
1251 647 1352 685 acer,
1373 647 1446 672 nec
1467 647 1559 673 suae
1581 647 1654 673 nec
1669 635 1818 673 alienae

285 699 461 750 dignitati
490 698 687 749 parcebat,
713 704 757 736 ut
778 711 888 736 suam
915 701 1141 749 potentiam,
1168 699 1368 749 honorem,
1397 699 1626 749 dignitatem
1648 706 1820 750 augeret,

284 771 324 803 ut
353 770 437 802 erat
464 765 633 814 impiger
660 769 698 801 et
725 762 900 814 callidus,
928 769 1011 801 arte
1033 776 1101 802 sua
1130 765 1358 803 inimicitias
1386 777 1426 803 se
1449 764 1700 815 repulsurum
1727 764 1820 803 tela-

283 842 358 880 que
387 831 425 867 in
454 828 703 867 aduersarios
728 833 834 866 retro
858 841 1068 867 uersurum
1090 841 1176 868 esse
1198 829 1419 868 confidebat
1443 829 1638 880 idemque,
1666 831 1699 867 si
1721 829 1819 867 diffi-

284 894 413 943 deret,
451 895 490 932 in
522 899 700 944 tempore
734 906 753 931 a
788 893 950 931 consilto
985 907 1178 945 causaque
1214 894 1404 933 desistere
1431 906 1509 932 non
1538 893 1822 944 dedignabatur

283 956 393 1012 (Sall.
409 960 489 1010 lug.
506 957 639 1011 15,4).
674 961 804 1009 itaque
827 971 873 997 ex
895 958 1076 997 omnibus
1098 959 1254 998 iudiciis
1276 959 1485 997 incolumis
1506 960 1642 997 euasit.
1676 960 1821 998 frustra

283 1026 404 1075 igitur
430 1024 497 1063 Cn.
518 1024 712 1062 Domitius
740 1025 864 1062 iratus
892 1024 1050 1074 Scauro,
1078 1024 1181 1075 quod
1209 1037 1298 1063 eum
1325 1026 1365 1062 in
1393 1036 1585 1073 augurum
1613 1023 1822 1074 collegium

283 1102 361 1128 non
377 1094 642 1140 cooptauerat,
670 1089 772 1127 diem
789 1088 886 1127 dixit
907 1089 1008 1139 apud
1028 1089 1228 1140 populum,
1250 1089 1353 1140 quod
1374 1090 1459 1127 eius
1481 1101 1599 1139 opera
1620 1101 1729 1127 sacra
1751 1102 1820 1140 pu-

283 1154 383 1193 blica
405 1155 537 1205 populi
552 1154 717 1192 Romani
739 1154 853 1192 deum
874 1156 1086 1205 penatium,
1109 1167 1207 1205 quae
1223 1154 1379 1193 Lauinii
1394 1155 1546 1204 flerent,
1568 1156 1699 1192 minus
1715 1160 1821 1193 recte

284 1225 468 1270 casteque
490 1219 631 1258 fierent
650 1216 700 1271 (a.
720 1217 815 1257 104.
832 1217 929 1257 650.
950 1220 1089 1259 Ascon.
1107 1221 1147 1257 in
1164 1219 1297 1258 Scaur.
1319 1232 1355 1270 p.
1374 1217 1426 1257 18
1442 1218 1596 1257 K.-Sch.
1624 1217 1681 1257 24
1696 1219 1749 1258 St.
1775 1219 1822 1257 cf.

284 1284 363 1323 Cic.
384 1297 441 1335 pr.
463 1284 586 1323 Deiot.
605 1283 672 1334 11,
688 1282 756 1322 31.
784 1283 908 1322 Valer.
930 1284 1027 1323 Max.
1044 1283 1081 1335 6,
1097 1282 1135 1335 5,
1151 1282 1189 1323 5.
1218 1284 1323 1323 Cass.
1344 1284 1454 1322 Dion.
1476 1285 1522 1322 fr.
1538 1281 1627 1338 90),
1652 1284 1691 1322 P.
1713 1284 1822 1323 Ruti—

285 1350 379 1388 lium
402 1355 544 1400 autem,
566 1351 632 1399 qui
654 1349 770 1387 simul
793 1362 880 1387 cum
902 1361 947 1387 eo
969 1349 1215 1388 consulatum
1236 1351 1404 1400 petierat
1431 1354 1468 1387 et
1489 1354 1697 1400 superatus
1719 1361 1821 1388 com-

283 1417 491 1466 petitorem
513 1414 681 1452 ambitus
703 1427 813 1452 reum
836 1416 994 1465 fecerat,
1023 1414 1267 1454 absolutione
1290 1427 1358 1453 sua
1386 1427 1463 1452 non
1484 1414 1659 1465 placatus
1686 1414 1823 1453 eodem

284 1482 449 1518 crimine
476 1481 561 1531 ipse
595 1481 713 1517 etiam
746 1481 786 1517 in
820 1480 880 1517 ius
910 1481 1069 1518 uocauit
1095 1476 1193 1533 (Cic.
1215 1479 1323 1518 Brut.
1345 1477 1414 1529 30,
1433 1477 1527 1518 113.
1557 1479 1603 1518 de
1625 1492 1679 1517 or.
1702 1477 1822 1530 269,

285 1542 402 1598 280),
425 1551 566 1583 etcum
583 1544 625 1589 Q.
643 1544 837 1583 Seruilius
853 1544 996 1595 Caepio
1013 1550 1051 1583 et
1065 1545 1111 1583 M.
1129 1545 1275 1583 Brutus
1291 1557 1379 1583 eum
1398 1544 1443 1583 de
1466 1545 1695 1596 repetundis
1710 1558 1822 1584 acc-u-

285 1612 493 1661 sauissent,
514 1623 558 1648 ea
580 1611 744 1648 crimina
764 1622 842 1648 non
863 1609 990 1648 solum
1006 1610 1205 1659 refutauit,
1226 1609 1294 1648 sed
1316 1611 1432 1648 etiam
1454 1609 1689 1661 Caepionem
1711 1623 1822 1649 reum

286 1676 439 1714 deferre
456 1688 575 1714 ausus
591 1681 651 1713 est
666 1670 717 1728 (a.
735 1672 802 1714 91.
819 1672 915 1713 663.
937 1676 1076 1714 Ascon.
1093 1675 1115 1713 l.
1132 1688 1161 1713 s.
1182 1688 1218 1726 p.
1234 1673 1287 1714 19
1303 1674 1456 1714 K.-Sch.
1472 1688 1508 1726 p.
1524 1673 1581 1713 24
1596 1675 1649 1713 St.
1670 1688 1705 1726 p.
1721 1675 1821 1714 Fon-

284 1743 362 1780 teio
382 1739 446 1791 17,
462 1738 516 1779 38
545 1741 592 1779 cf.
614 1741 716 1778 infra
737 1740 873 1791 fragm.
896 1742 980 1779 eius
1003 1737 1130 1792 orat).
1172 1739 1339 1791 denique
1362 1753 1450 1778 cum
1474 1742 1700 1791 insequenti
1721 1753 1821 1779 anno

285 1806 327 1852 Q.
350 1806 488 1845 Varius
508 1805 680 1856 Hybrida
708 1805 892 1844 tribunus
918 1805 969 1856 pl.
997 1806 1123 1856 legem
1150 1805 1317 1855 tulisset,
1343 1810 1387 1842 ut
1408 1810 1666 1855 quaereretur
1686 1804 1732 1842 de
1754 1805 1823 1854 eis,

287 1884 454 1923 quorum
482 1884 555 1922 ope
582 1871 798 1909 consilioue
826 1872 923 1909 socii
950 1876 1085 1908 contra
1110 1869 1298 1921 populum
1318 1868 1536 1907 Romanum
1563 1881 1670 1907 arma
1691 1882 1822 1920 sump-

285 1939 442 1987 sissent,
462 1937 566 1975 idem
588 1935 630 1981 Q.
647 1936 801 1987 Caepio,
822 1941 939 1974 uetus
960 1935 1097 1974 Scauri
1117 1936 1314 1985 inimicus,
1335 1933 1391 1972 illi
1412 1936 1620 1985 persuasit,
1640 1939 1684 1972 ut
1703 1934 1822 1973 Scau-

287 2015 373 2041 rum
401 2001 493 2040 belli
520 2003 703 2039 concitati
731 2002 897 2039 crimine
931 2002 971 2038 in
1002 2002 1062 2039 ius
1089 2005 1260 2039 uocaret.
1300 2012 1376 2037 una
1405 2005 1535 2037 autem
1563 1998 1700 2037 Scauri
1725 2011 1822 2038 uoce

286 2073 491 2106 accusator
512 2066 697 2117 repulsus
718 2071 788 2116 est,
812 2078 900 2103 cum
922 2071 1082 2116 accepto
1104 2064 1369 2116 respondendi
1390 2064 1473 2102 loco
1491 2064 1655 2103 diceret:
1690 2065 1729 2110 ζ).
1749 2065 1822 2103 Γα-

286 2137 374 2172 rius
400 2134 604 2182 Hispanus
632 2132 685 2170 M.
715 2132 917 2170 Scaurum
942 2133 1175 2180 principem
1206 2135 1372 2169 senatus
1396 2132 1526 2168 socios
1553 2133 1592 2167 iu
1622 2141 1738 2168 arma
1765 2132 1824 2168 ait

287 2210 557 2243 conuocasse;
589 2198 643 2235 M.
666 2198 850 2235 Scaurus
873 2199 1071 2245 princeps
1103 2202 1267 2234 senatus
1292 2200 1437 2243 περιτη-
1470 2197 1581 2233 testis
1607 2206 1719 2233 nemo
1747 2200 1823 2233 est:

286 2267 372 2302 utri
392 2275 474 2311 uos,
501 2263 691 2309 Quirites,
713 2264 904 2300 conueml
924 2263 1124 2299 credere?
1151 2257 1309 2312 (Ascon.
1331 2259 1354 2297 l.
1370 2272 1399 2297 s,
1414 2272 1450 2310 p.
1466 2256 1523 2297 20
1539 2256 1634 2305 (25).
1662 2258 1822 2304 Quintil.

287 2326 325 2379 5,
341 2328 406 2379 12,
422 2325 487 2367 10.
508 2328 599 2366 Aur.
615 2327 711 2365 Vict.
727 2326 750 2365 l.
766 2322 827 2379 5.).
840 2322 874 2379 ²)
909 2327 965 2364 sic
980 2337 1116 2364 omnes
1130 2326 1301 2376 impetus
1317 2323 1635 2362 aduersariorum
1656 2325 1823 2362 auctori-

287 2399 365 2432 tate
392 2405 462 2431 sua
484 2393 676 2443 repressit
702 2396 740 2429 et
761 2403 809 2429 ne
832 2390 1108 2429 consuetudini
1130 2390 1288 2441 quidem
1310 2390 1439 2440 cessit,
1467 2401 1542 2440 qua
1563 2401 1651 2426 cum
1672 2390 1712 2426 in
1734 2401 1823 2427 cen-

288 2471 379 2497 sura
400 2457 545 2508 collega
567 2462 747 2495 mortuus
768 2462 884 2506 esset,
905 2457 1135 2506 priusquam
1157 2466 1320 2494 munere
1342 2459 1447 2492 esset
1465 2453 1685 2504 defunctus,
1712 2453 1825 2492 alteri

288 2525 443 2562 censori
474 2523 706 2572 magistratu
739 2521 962 2560 abeundum
990 2526 1110 2571 esset,
1145 2520 1236 2558 dum
1268 2518 1419 2558 tribuni
1446 2518 1571 2570 plebis
1598 2530 1639 2557 se
1667 2531 1755 2557 eum
1782 2520 1823 2556 in

386 2646 416 2685 1)
446 2641 515 2683 Qui
542 2652 563 2675 a
590 2641 731 2675 Lucilio
758 2643 1065 2675 commemoratus
1093 2641 1149 2674 est
1175 2639 1366 2680 Aemilius,
1399 2641 1464 2673 aut
1490 2639 1653 2673 incertus
1686 2641 1740 2672 est
1770 2639 1822 2683 (L.

288 2696 444 2730 Mueller
463 2707 498 2739 p.
515 2697 595 2738 200)
621 2696 686 2728 aut
706 2694 743 2728 L.
760 2694 941 2728 Aemilius
962 2694 1111 2735 Paulus,
1138 2692 1322 2736 Scipionis
1343 2691 1544 2725 Aemiliani
1565 2694 1672 2736 pater
1691 2692 1820 2736 (Marx,

288 2749 331 2783 fr.
353 2753 384 2791 2,
407 2752 450 2782 63
478 2747 523 2782 cf.
546 2752 577 2789 6,
599 2751 677 2781 221.
705 2747 908 2782 Commenta.
930 2759 964 2791 p.
987 2748 1056 2790 90).

385 2804 418 2845 2)
445 2800 616 2835 Valerius
643 2801 680 2834 M
684 2811 739 2834 ax.
763 2804 793 2842 3,
818 2804 848 2843 7,
869 2803 889 2833 8
917 2800 965 2833 ad
993 2799 1104 2833 aliam
1130 2809 1207 2833 rem
1229 2797 1324 2832 falso
1346 2797 1475 2832 Scauri
1494 2797 1610 2831 uerba
1630 2798 1824 2832 notissima

288 2855 449 2889 rettulit.
