2002 3342
310 210 405 241 xcn
644 196 707 230 DE
737 195 1046 231 SCRIPTORVM
1071 195 1194 230 vms
1220 195 1283 231 ET
1309 195 1519 232 scrupeus

400 307 499 346 Tum
533 320 578 346 ex
611 307 797 346 Romanis
829 305 992 345 Fabium
1030 306 1227 345 Pictorem
1264 305 1439 345 laudauit
1476 306 1663 346 Plinius
1702 307 1766 346 bis
1806 309 1848 347 in

311 372 501 412 naturalis
532 373 719 411 historiae
753 371 853 410 libro
881 370 914 409 X
941 377 980 410 et
1004 370 1087 410 XIV
1115 367 1178 425 (fr.
1201 369 1257 409 24
1285 376 1322 410 et
1349 367 1425 425 27)
1453 377 1491 410 et
1524 373 1564 410 in
1597 372 1727 412 indice
1754 373 1846 412 libri

310 436 386 488 XV,
418 439 459 476 in
487 450 562 488 quo
590 438 674 488 ipsa
701 442 831 475 tamen
857 436 966 475 Fabii
999 436 1120 475 uerba
1155 436 1408 475 delituerunt.
1421 433 1453 488 ¹)
1504 449 1598 476 num
1625 437 1700 476 alia
1727 451 1772 477 ex
1801 451 1846 477 eo

311 504 538 553 sumpserit,
564 503 803 552 ignoramus.
853 503 990 553 utique
1017 514 1160 540 nomen
1188 503 1273 540 eius
1303 501 1344 539 in
1371 500 1568 541 indicibus
1594 502 1785 542 librorum
1815 503 1846 541 X

310 573 349 606 et
375 567 458 605 XIV
484 573 647 618 propter
673 579 739 605 eos
766 566 889 618 locos,
924 566 1067 618 quibus
1098 567 1140 605 in
1170 567 1267 617 ipsis
1295 565 1408 605 libris
1436 566 1545 605 Fabii
1572 569 1845 606 auctoritatem

310 631 532 683 adscripsit,
559 631 735 670 additum
762 643 850 670 esse
878 644 923 670 ex
951 631 1088 670 ordine
1115 644 1192 682 quo
1220 636 1401 670 auctores
1428 637 1712 671 enumerantur
1738 632 1845 671 colli-

309 698 431 747 gitur,
463 709 591 748 neque
619 708 760 748 operae
787 709 874 735 esse
900 698 1073 748 pretium
1098 696 1258 735 uidetur
1285 695 1359 734 alia
1385 695 1494 735 Fabii
1521 698 1687 748 uestigia
1719 698 1760 736 in
1788 700 1845 736 eis

309 773 510 812 quaerere.

397 826 469 865 Hic
508 832 638 865 tamen
683 832 907 878 postremus
953 828 1123 878 scriptor
1160 827 1359 865 Romanus
1403 827 1533 877 ipsum
1577 828 1617 865 in
1662 827 1843 866 manibus

307 891 505 942 habuisse,
526 893 560 930 si
580 891 716 930 habuit
726 887 771 944 2).
793 896 830 930 et
852 893 1109 943 exscripsisse
1130 891 1300 930 uidetur.
1337 903 1427 930 nam
1442 891 1659 931 Arnobium
1675 889 1741 945 (fr.
1759 889 1845 946 12),

306 956 472 995 Marium
499 957 743 995 Victorinum
777 953 841 1010 (fr.
866 954 921 1010 1),
956 956 1133 995 Solinum
1162 954 1270 1009 (adn.
1293 957 1338 995 fr.
1361 952 1419 1009 6),
1453 956 1636 995 Seruium
1664 952 1842 1010 (auctum

308 1022 352 1060 ir.
375 1017 453 1074 3¹³),
486 1021 681 1060 Isidorum
709 1017 793 1075 (uel
820 1023 999 1073 quisquis
1026 1022 1073 1060 fr.
1095 1019 1121 1059 2
1149 1023 1189 1060 in
1216 1023 1392 1072 margine
1420 1018 1640 1076 adnotauit)
1669 1035 1768 1073 quae
1796 1035 1843 1061 ex

307 1099 351 1125 eo
385 1087 578 1138 referunt,
616 1087 714 1125 alius
748 1088 920 1126 auctoris
954 1086 1155 1138 diligentia
1187 1099 1280 1126 usos
1315 1099 1420 1137 esse,
1458 1099 1530 1138 per
1562 1099 1603 1125 se
1631 1086 1841 1126 admodum

305 1154 393 1191 ueri
425 1152 551 1191 simile
586 1157 662 1204 est3
701 1153 935 1203 praesertim
969 1164 1058 1190 cum
1090 1152 1268 1203 plerique
1301 1151 1411 1190 Fabii
1444 1153 1715 1191 auctoritatem
1750 1165 1840 1191 cum

306 1217 392 1256 aliis
419 1218 753 1267 consociauerint‚
791 1222 834 1255 ut
867 1230 991 1268 aequo
1025 1218 1155 1256 animo
1188 1216 1382 1268 spondere
1415 1219 1560 1268 possis,
1600 1230 1678 1257 non
1704 1230 1841 1256 omnes

305 1288 372 1321 aut
397 1281 531 1334 plures
558 1282 627 1321 sed
653 1283 915 1320 nouissimum
936 1294 1131 1333 quemque
1160 1282 1206 1321 ab
1234 1283 1290 1320 eis
1317 1284 1551 1334 inspectum,
1579 1283 1745 1322 aliorum
1772 1295 1841 1321 no-

304 1349 411 1386 mina
438 1347 528 1386 inde
555 1354 710 1398 sumpta
737 1359 823 1386 esse
852 1343 1014 1401 (Gesclz.
1037 1348 1131 1386 Lm.
1152 1347 1185 1385 11
1213 1344 1297 1386 257
1315 1345 1403 1401 sq.).

395 1412 624 1463 Sequuntur
656 1413 870 1462 scriptores
899 1411 1055 1463 Graeci,
1089 1424 1256 1463 quorum
1283 1414 1435 1463 primus
1463 1412 1688 1464 Polybius
1720 1413 1840 1452 Fabio

302 1490 398 1517 usus
420 1484 489 1516 est.
524 1479 609 1516 eius
630 1478 810 1528 iniquum
826 1477 1017 1516 iudicium
1031 1479 1109 1516 iam
1125 1490 1244 1529 supra
1259 1475 1314 1529 (p.
1331 1475 1527 1532 LXXXIV)
1547 1478 1840 1530 explorauimus

302 1628 471 1672 gentium
497 1627 635 1661 Fabiae
668 1629 705 1661 et
732 1626 925 1662 Corneliae
951 1626 1095 1661 inuidia
1131 1627 1335 1672 significari
1361 1627 1529 1671 uidetur,
1560 1628 1658 1662 unde
1690 1628 1838 1663 Liuium

303 1681 427 1715 animo
454 1682 679 1725 occupatum
705 1680 752 1714 ad
779 1680 937 1715 Pictoris
963 1679 1139 1715 historias
1167 1681 1366 1715 accessisse
1392 1680 1641 1715 confirmatur.

400 1736 433 1777 1)
461 1733 699 1778 Seposuimus
723 1733 822 1767 hunc
842 1733 956 1767 Plinii
976 1733 1108 1778 locum,
1137 1744 1364 1778 quamquam
1384 1733 1522 1768 Fabius
1544 1733 1682 1769 citatur
1703 1735 1748 1778 (8,
1763 1735 1839 1777 81):

302 1788 494 1822 Euccuthes
520 1788 615 1822 inter
641 1791 804 1821 auctores
827 1786 1003 1822 Graeciae
1028 1798 1102 1822 uon
1127 1792 1267 1830 spretus
1292 1788 1417 1822 scribit
1436 1788 1606 1822 Arcadas
1631 1787 1774 1822 tradere
1794 1799 1838 1822 ex

301 1845 403 1886 yentc
423 1841 540 1876 Anthi
559 1841 748 1875 cuiusdam
769 1845 861 1875 sorte
887 1840 1053 1881 familiae
1073 1841 1200 1875 lectum
1220 1840 1269 1874 ad
1288 1845 1458 1886 stayuum
1479 1841 1661 1884 quoddam
1680 1842 1839 1886 reyz'onis

302 1896 378 1929 etus
404 1895 490 1929 duct
515 1895 717 1939 uestituque
750 1895 790 1928 in
822 1905 955 1938 quercu
986 1905 1157 1937 szwcspenso
1190 1898 1338 1928 trcmarc
1370 1898 1476 1938 atque
1508 1895 1608 1929 abire
1633 1895 1674 1928 tn
1699 1894 1838 1929 deserta

302 1949 633 1993 traussiyzorarique
660 1948 697 1981 in
725 1948 853 1991 lupum
879 1951 910 1981 et
936 1958 1015 1981 cum
1042 1948 1165 1981 ceteris
1191 1947 1348 1983 eiusdem.
1373 1948 1512 1992 yeneris
1537 1947 1751 1992 conyreyari
1770 1958 1838 1991 per

301 2012 419 2036 annos
444 2012 582 2036 nouem.
629 2013 697 2044 Quo
724 2002 764 2035 ‘tn
790 2005 945 2044 tempore
969 2003 1001 2035 si
1027 2001 1168 2035 homine
1193 2011 1228 2034 sc
1255 2001 1483 2043 abstinuerit,
1509 2001 1643 2035 reuerti
1668 2000 1717 2034 acl
1743 2001 1838 2035 idem

300 2059 471 2100 staynum
492 2059 535 2097 et,
562 2065 642 2089 cum
669 2056 888 2096 tranaucrit,
913 2054 1065 2099 effigiem
1098 2055 1250 2098 recipere
1280 2053 1329 2088 acl
1348 2054 1552 2098 pristinum
1580 2054 1743 2088 habitum
1771 2054 1836 2088 ad-

301 2109 376 2143 (lito
398 2120 527 2143 nouem
546 2119 729 2142 annorum
748 2109 859 2142 senio.
899 2108 943 2141 id
969 2118 1135 2151 quoquc
1156 2107 1195 2141 F
1200 2107 1274 2142 abi
1285 2118 1331 2141 us
1353 2107 1502 2141 eandem
1521 2108 1674 2150 recipere
1694 2110 1835 2141 uestem.

300 2163 434 2196 mirum
460 2166 509 2196 est
535 2173 604 2206 quo
624 2162 800 2206 procedat
828 2161 999 2196 Graeca
1024 2161 1241 2195 credulitas!
1265 2161 1408 2195 nullum
1434 2164 1508 2194 tam
1533 2160 1716 2204 inpudens
1741 2171 1836 2194 men-

300 2216 447 2250 dacium
474 2220 534 2258 est,
560 2219 601 2249 ut
626 2219 709 2250 teste
735 2219 865 2250 careat.
918 2215 1074 2258 apparet
1100 2213 1198 2247 enim
1223 2224 1296 2248 non
1323 2213 1508 2248 Pictorem
1533 2212 1608 2248 dici
1634 2213 1698 2247 sed
1726 2212 1838 2247 Grae-

300 2280 384 2303 cum
404 2268 566 2312 aliquem
589 2268 818 2312 scriptorem.
857 2267 984 2301 Brunn
1009 2268 1067 2302 De
1087 2267 1199 2302 indic.
1221 2267 1319 2301 Pan.
1341 2278 1376 2311 p.
1393 2270 1435 2300 21
1458 2266 1615 2300 Fabium
1636 2266 1836 2300 Procilium

300 2321 499 2366 intellegit,
527 2322 591 2366 qui
618 2321 654 2355 in
685 2321 808 2356 indice
836 2321 915 2355 eius
936 2320 1022 2354 libri
1043 2320 1159 2354 altero
1180 2320 1261 2354 1000
1281 2319 1434 2364 ponitur
1454 2321 1492 2354 et
1518 2323 1550 2362 8,
1571 2323 1592 2353 4
1619 2319 1664 2353 de
1684 2319 1837 2363 Pompei

299 2375 489 2419 triumpho
510 2375 696 2409 laudatur.
736 2374 766 2408 is
789 2376 914 2409 autem
934 2374 1007 2407 fuit
1026 2374 1215 2408 Romanus
1235 2384 1356 2417 neque
1376 2373 1414 2407 in
1435 2384 1518 2407 eum
1538 2372 1709 2416 quadrat,
1735 2372 1836 2416 quod

301 2428 435 2463 deinde
469 2429 514 2462 de
547 2428 771 2463 Graecorum
804 2427 1027 2462 credulitate
1060 2427 1244 2462 exclamat
1270 2427 1423 2461 Plinius.
1469 2437 1538 2471 ego
1568 2437 1650 2460 cum
1677 2425 1835 2470 Silligio,

299 2482 364 2525 qui
395 2492 530 2516 nomen
556 2482 700 2517 Fabius
732 2481 901 2526 pluribus
934 2480 1147 2515 nominibus
1184 2480 1370 2515 offendere
1409 2480 1622 2523 adnotauit‚
1658 2479 1831 2513 mendum

298 2535 419 2569 inesse
451 2535 662 2579 suspicatus
696 2546 797 2569 eram
830 2538 868 2569 et
899 2534 1017 2569 latere
1043 2533 1202 2568 fortasse
1235 2535 1301 2568 aut
1331 2533 1487 2568 uerbum
1519 2532 1673 2576 aliquod
1703 2533 1836 2567 subicit

298 2588 360 2623 uel
378 2589 501 2624 subdit
520 2588 581 2622 uel
601 2588 678 2623 tale
699 2588 789 2632 quid
810 2589 1000 2633 (traditzwn
1014 2586 1160 2621 Vrlichs
1176 2587 1354 2622 Fleckeis.
1377 2598 1460 2621 ann.
1476 2586 1607 2620 LXXV
1623 2598 1658 2630 p.
1675 2589 1742 2620 338
1755 2587 1832 2630 sq.)‚

299 2645 365 2677 aut
383 2643 600 2686 fabulosius,
628 2643 726 2686 quod
746 2642 962 2676 Pellicerius
984 2640 1153 2685 coniecit,
1176 2640 1368 2675 Detlefsen
1388 2640 1426 2674 in
1447 2640 1660 2674 contextum
1680 2639 1833 2683 recepit,

299 2698 363 2730 aut
387 2696 518 2739 fabula
543 2697 621 2730 eius
647 2695 773 2740 (Hertz
799 2695 838 2729 in
863 2707 986 2740 progr.
1013 2707 1048 2739 p.
1072 2697 1140 2739 12),
1167 2705 1265 2728 nunc
1284 2693 1377 2728 mihi
1396 2693 1557 2728 maxime
1578 2692 1711 2727 adrisit
1730 2693 1833 2736 May-

297 2748 403 2783 hoffii
429 2760 446 2783 c
471 2749 608 2792 fabulis
634 2748 686 2793 (in
712 2748 768 2782 ed.
796 2748 889 2782 Ianii
917 2749 1058 2791 altera).

394 2804 428 2846 2)
454 2802 628 2836 Muenzer
664 2802 777 2846 Quell.
805 2802 838 2836 d.
866 2803 965 2836 Ptin.
998 2813 1033 2845 p.
1058 2803 1123 2834 179
1140 2812 1192 2844 sq.
1234 2803 1311 2834 183.
1353 2803 1420 2834 189
1436 2811 1514 2844 sqq.
1554 2799 1602 2833 ad
1628 2798 1832 2833 Varronem

297 2855 412 2890 Plinii
439 2854 647 2890 doctrinam
674 2855 787 2889 etiam
814 2855 874 2889 hic
900 2854 1021 2889 redire
1047 2853 1248 2888 admodum
1279 2853 1525 2898 probabiliter
1551 2852 1834 2887 demonstrauit.
