2002 3342
94 932 127 957 10

95 1258 127 1284 15

96 1578 129 1603 20

349 220 389 261 Q.
412 219 538 253 FABII
566 218 778 253 PICTORIS
807 218 1030 252 GRAECAE
1058 217 1326 252 HISTORIAE.
1365 217 1407 251 fr.
1431 217 1469 251 5¹'
1624 217 1675 258 17

144 333 415 383 καταμαθεῖν
441 325 576 378 ἀξιῶν
609 325 905 369 ἀποκαλύπτει
938 328 1014 381 βία
1042 327 1123 380 τὴν
1147 327 1400 379 περιβολήν.
1439 326 1497 375 ὡς
1523 323 1570 366 δὲ
1597 326 1677 379 τὴν

145 394 318 449 σκάφην
357 392 570 435 ἐθεάσατο
615 393 686 433 καὶ
732 393 808 433 τὸν
853 392 1096 443 ἄνθρωπον
1139 388 1307 443 ἔμαθεν
1351 391 1678 444 ἀπορούμενον,

147 459 268 513 ἠξίου
297 458 452 512 λέγειν,
478 459 543 506 τίς
573 457 594 510 ἡ
622 459 785 511 ταραχὴ
816 455 887 498 καὶ
914 459 960 497 τί
988 457 1036 496 τὸ
1061 456 1260 509 βούλημα
1286 462 1365 498 τοῦ
1391 458 1448 509 μὴ
1476 462 1679 510 φανερῶς

145 524 347 578 ἐκφέρειν
373 529 527 572 σκεῦος
547 522 681 564 οὐδὲν
701 523 912 576 δεόμενον
932 520 1184 575 ἀπορρήτου
1207 529 1360 575 φορᾶς,
1400 520 1448 563 ἐν
1470 521 1518 562 δὲ
1538 521 1677 576 τούτῳ

145 592 322 638 πλείους
349 596 436 630 τῶν
462 587 674 642 φυλάκων
700 586 962 641 συνέρρεον,
997 588 1073 627 καί
1101 601 1167 635 τις
1200 586 1346 627 αὐτῶν
1372 587 1573 640 γνωρίζει
1599 587 1680 639 τὴν

146 655 341 708 σκάφην,
368 654 498 702 αὐτὸς
529 651 578 694 ἐν
611 652 751 707 ἐκείνῃ
786 653 838 693 τὰ
870 652 1023 693 παιδία
1056 653 1238 704 κομίσας
1270 649 1338 692 ἐπὶ
1365 652 1443 692 τὸν
1468 651 1680 704 ποταμόν,

145 719 216 761 καὶ
251 719 401 774 φράζει
434 718 545 772 πρὸς
576 719 680 767 τοὺς
711 719 941 771 παρόντας.
988 718 1033 758 οἱ
1064 714 1112 758 δὲ
1145 717 1440 769 συλλαβόντες
1466 717 1544 757 τὸν
1575 718 1680 757 Φαι-

147 785 310 827 στύλον
331 785 518 838 ἄγουσιν
538 781 601 825 ἐπ’
631 781 768 824 αὐτὸν
788 782 866 824 τὸν
887 781 1070 836 βασιλέα
1095 780 1167 823 καὶ
1195 783 1453 835 διηγοῦνται
1480 782 1531 822 τὰ
1558 783 1681 834 γενό-

146 866 266 904 μενα.
310 849 504 901 Ἀμόλιος
537 846 582 890 δὲ
622 845 776 902 ἀπειλῇ
822 848 1030 900 βασάνων
1068 845 1452 900 καταπληξάμενος
1489 845 1568 887 τὸν
1607 847 1682 887 ἄν·

147 919 354 968 θρωπον,
387 915 426 955 εἰ
450 915 507 967 μὴ
536 912 647 963 λέξει
673 913 749 962 τὰς
775 911 986 966 ἀληθείας
1014 912 1144 965 ἑκών,
1178 919 1354 965 πρῶτον
1379 909 1460 964 μὲν
1488 913 1527 952 εἰ
1552 913 1683 962 ζῶσιν

148 981 194 1021 oc
216 981 366 1029 παῖδες
395 980 540 1033 ἤρετο·
580 978 638 1027 ὡς
666 976 713 1019 δὲ
737 977 853 1020 τοῦτ’
880 975 1032 1030 ἔμαθε,
1059 984 1134 1030 τῆς
1155 978 1368 1030 σωτηρίας
1388 976 1539 1025 αὐτοῖς
1566 976 1683 1025 ὅστις

148 1045 169 1085 ὁ
197 1047 355 1100 τρόπος
382 1044 571 1097 ἐγένετο·
617 1042 944 1098 διηγησαμένου
972 1040 1019 1084 δὲ
1047 1042 1184 1084 αὐτοῦ
1212 1043 1355 1083 πάντα
1382 1042 1438 1090 ὡς
1468 1040 1682 1095 ἐπράχθη,

136 1111 231 1165 Ἄγε
258 1111 325 1164 δή,
352 1108 490 1164 φησὶν
518 1109 539 1151 ὀ
567 1109 787 1162 βασιλεύς,
815 1107 962 1162 ἐπειδὴ
990 1113 1126 1149 ταῦτα
1148 1106 1399 1162 ἀληθεύσας
1419 1104 1544 1161 ἔχεις,
1571 1106 1683 1160 φρά-

148 1188 248 1229 σον,
281 1175 392 1216 ὅπου
420 1180 505 1216 νῦν
531 1173 585 1216 ἂν
612 1174 848 1228 εὑρεθεῖεν.
893 1173 947 1215 οὐ
972 1175 1056 1228 γὰρ
1084 1171 1145 1214 ἔτι
1176 1173 1344 1214 δίκαιοί
1367 1173 1480 1214 εἰσιν
1507 1172 1554 1213 ἐν
1580 1174 1684 1225 βου-

147 1243 294 1289 κόλοις
326 1239 397 1281 καὶ
431 1240 593 1290 ἄδοξον
626 1242 727 1293 βίον
759 1242 835 1293 ζῆν
867 1241 1012 1292 ἔμοιγε
1039 1239 1164 1287 ὄντες
1190 1244 1438 1292 συγγενεῖς,
1471 1238 1613 1286 ἄλλως
1640 1252 1684 1278 τε

147 1305 218 1348 καὶ
244 1310 365 1347 θεῶν
391 1306 580 1360 προνοίᾳ
606 1306 857 1358 σωζόμενοι.
896 1308 1003 1356 (cap.
1024 1306 1100 1354 83)
1133 1303 1381 1352 Φαιστύλος
1408 1301 1456 1344 δὲ
1482 1308 1557 1356 τῆς
1583 1301 1683 1343 ἀλό-

148 1387 230 1425 γου
256 1372 499 1424 πραότητος
530 1371 701 1424 ὑποψίᾳ
733 1369 932 1423 κινηθεὶς
965 1371 1021 1423 μὴ
1056 1376 1243 1423 φρονεῖν
1276 1368 1412 1410 αὐτὸν
1440 1368 1568 1422 ὅμοια
1595 1374 1686 1416 τοῖς

149 1438 295 1490 λόγοις
333 1436 615 1489 ἀποκρίνεται
649 1432 751 1477 ὧδε·
799 1435 875 1476 ‘Oc‘
909 1435 989 1484 μὲν
1021 1434 1173 1483 παῖδές
1212 1435 1325 1475 εἰσιν
1353 1433 1400 1474 ἐν
1437 1440 1530 1482 τοῖς
1563 1434 1685 1487 ὄρεσι

148 1504 483 1556 βουκολοῦντες,
511 1501 645 1554 ὅσπερ
673 1499 854 1542 ἐκείνων
880 1501 995 1554 βίος,
1024 1499 1107 1553 ἐγὼ
1137 1499 1176 1541 δ’
1208 1497 1445 1553 ἐπέμφθην
1470 1497 1573 1553 παρ’
1608 1498 1684 1539 αὐ-

150 1575 238 1609 τῶν
269 1574 319 1622 τῇ
347 1567 475 1621 μητρὶ
509 1567 721 1620 δηλώσων
757 1564 805 1607 ἐν
838 1560 906 1615 αἷς
945 1566 1028 1607 εἰσι
1066 1565 1236 1619 τύχαις·
1280 1564 1444 1617 ταύτην
1483 1561 1530 1605 δὲ
1569 1563 1686 1616 παρά

152 1645 222 1674 σοι
249 1633 550 1686 φυλάττεσθαι
578 1631 753 1672 ἀκούων
780 1632 1018 1684 δεήσεσθαι
1044 1636 1118 1684 τῆς
1146 1637 1224 1684 σῆς
1244 1630 1470 1683 θυγατρὸς
1491 1631 1688 1681 ἔμελλον,

152 1699 225 1739 ἵνα
257 1713 309 1752 με
343 1698 452 1751 πρὸς
485 1697 623 1750 αὐτὴν
650 1696 819 1750 ἀγάγοι.
876 1697 956 1750 τὴν
989 1696 1037 1738 δὲ
1074 1696 1250 1750 σκάφην
1286 1692 1469 1749 ἔφερον,
1510 1693 1566 1735 ἵν’
1604 1692 1686 1748 ἔχω

153 1763 380 1805 δεικνύναι
406 1763 642 1816 τεκμήριον
669 1759 859 1815 ἐμφανὲς
897 1762 983 1815 ἅμα
1023 1768 1115 1810 τοῖς
1155 1762 1315 1814 λόγοις.
1361 1766 1446 1801 νῦν
1479 1763 1562 1801 οὐν
1597 1757 1687 1800 ἐπεὶ

152 1901 214 1943 τὸς
252 1902 493 1947 ἀφιστάντος,
532 1907 596 1938 τοῦ
635 1901 676 1937 δὲ
710 1901 895 1946 Ρωμύλου
932 1901 1186 1946 προσάγοντος
1225 1901 1384 1944 ἔξωθεν,
1424 1900 1507 1934 οὔτε
1545 1899 1690 1942 πράξας

154 1949 265 1985 οὐδεν
297 1949 316 1985 ὁ
348 1950 530 1993 τύραννος
561 1950 644 1985 οὔτε
678 1950 879 1995 βουλεύσας
911 1949 1090 2006 σωτήριον
1124 1948 1241 1995 ἑαυτῷ
1271 1948 1335 1983 διὰ
1367 1948 1407 1982 τὸ
1442 1948 1598 1990 ἀπορεῖν
1625 1948 1689 1981 καὶ

152 1997 403 2041 ταράττεσθαι
421 1998 677 2041 καταληφθεις
698 1996 901 2032 ἀπέθανεν
936 1992 1004 2031 Ων
1030 1996 1075 2030 τὰ
1095 1999 1245 2031 πλεῖστα
1265 1996 1329 2029 καὶ
1348 2001 1414 2030 τοῦ
1437 1995 1608 2053 Φαβίου
1637 1994 1690 2029 λε’-

154 2058 285 2089 γοντος
309 2045 374 2079 καὶ
398 2050 464 2079 τοῦ
490 2043 741 2087 Πεπαρηθίου
768 2044 979 2085 Διοκλέους,
1007 2043 1046 2084 ὃς
1071 2046 1177 2078 δοκεῖ
1194 2049 1338 2087 πρῶτος
1358 2044 1536 2078 ἐκδοῦναι
1550 2040 1690 2087 Ρωμης

155 2091 288 2135 κτίσιν
315 2091 483 2127 υποπτον
509 2092 575 2136 μὲν
601 2091 715 2132 ἐνίοις
740 2092 814 2127 ἐστὶ
839 2090 880 2126 τὸ
908 2092 1139 2135 δραματικὸν
1165 2092 1228 2125 καὶ
1254 2092 1533 2134 πλασματῶδες,
1561 2091 1604 2125 οὐ
1632 2091 1691 2124 δεῖ

156 2139 196 2175 δὲ
228 2140 405 2174 ἀπιστεῖν.
450 2140 628 2184 quaedam
661 2151 704 2174 ex
727 2140 784 2174 his
810 2141 966 2174 breuiter
989 2141 1119 2183 repetit
1142 2139 1242 2174 Plut.
1264 2139 1307 2173 (le
1331 2139 1415 2181 fort.
1438 2138 1541 2172 Rom.
1564 2140 1600 2179 8,
1626 2138 1690 2171 aba

155 2189 241 2222 haec
266 2187 387 2229 addin
420 2198 513 2231 quae
538 2189 579 2221 in
604 2189 670 2221 ιιιί.
699 2188 803 2222 Rom.
830 2198 962 2222 amessa
995 2185 1268 2226 erant:015vm3
1299 2187 1383 2228 περὶ
1415 2184 1482 2229 τὴν
1504 2183 1690 2229 Ρωμύλου

156 2234 300 2278 σπορὰν
326 2236 389 2268 καὶ
416 2234 624 2280 καταβολὴν
649 2232 715 2269 τὸν
741 2234 845 2279 ἥλιον
872 2235 1033 2269 ἐκλιπεῖν
1061 2233 1245 2277 ἱστοροῦσι
1270 2232 1524 2277 ποιησάμενον
1555 2232 1690 2277 ἀτρεκῆ

156 2283 316 2317 σύνοδον
342 2282 434 2325 πρὸς
460 2282 624 2326 σελήνην,
653 2280 770 2324 ὥσπερ
798 2281 817 2316 ὁ
838 2280 941 2325 ’Ἀρης
965 2282 1057 2321 θεὸς
1083 2279 1134 2315 ὢν
1153 2287 1195 2327 τῇ
1218 2279 1352 2328 Σιλβία
1372 2282 1494 2325 θνητῇ
1517 2282 1692 2325 συνῆλθε,

156 2331 378 2364 consentiens
403 2341 484 2364 cum
510 2329 666 2374 Dmnys.
693 2333 724 2371 1,
746 2332 803 2371 77,
822 2332 864 2364 2
891 2328 925 2364 οἱ
952 2328 991 2363 δε
1018 2331 1179 2363 πλεῖστοι
1205 2330 1459 2377 μυθολογοῦσι
1483 2328 1557 2372 [sie
1583 2328 1690 2362 ettam

157 2377 247 2412 alibi
272 2378 433 2412 Fabiam
466 2378 608 2412 inducet
638 2378 859 2422 loquentem]
891 2382 956 2412 τοῦ
990 2375 1167 2420 δαίμονος
1199 2375 1370 2419 εἰδωλον,
1405 2377 1448 2409 οὑ
1481 2373 1522 2409 τὸ
1555 2373 1691 2420 χωρίον

248 2520 272 2555 4
305 2516 498 2569 εἰσφέρειν
520 2519 651 2556 Vrbin.
674 2518 797 2556 Nicol.
860 2515 977 2556 οὐδὲν
1004 2519 1105 2555 deest
1125 2530 1186 2564 ap.
1208 2517 1331 2554 Nicol.
1445 2517 1467 2553 6
1496 2515 1691 2567 γνωρίσας

158 2577 312 2615 Nicolai
332 2579 410 2615 cod.
502 2579 556 2616 10
583 2575 683 2624 λέξοι
707 2577 807 2616 Oltis.
831 2578 963 2615 Vrbin.
1003 2575 1099 2623 λέξει
1123 2577 1292 2624 Sylbmy
1313 2578 1346 2613 et
1364 2575 1489 2613 Nicol.
1551 2574 1597 2613 τὰ
1623 2580 1691 2625 τῆς

159 2635 347 2686 ἀληθείας
375 2637 552 2675 Valesius
607 2649 682 2684 pro
708 2635 776 2682 τὰς
795 2637 918 2674 Nicol.
941 2642 1010 2686 τῆς
1092 2639 1142 2674 11
1182 2635 1301 2686 εἴρετο
1327 2635 1451 2673 Nicol.
1539 2636 1590 2673 12
1620 2631 1690 2686 ὡς]

160 2695 230 2734 ὅσα
258 2696 390 2733 Vrbin.
519 2698 571 2734 13
599 2691 707 2734 ταῦτ’
736 2696 860 2734 Νἱςοῖ.
996 2697 1046 2733 15
1075 2693 1219 2741 ἄδοξον
1246 2691 1354 2745 βίον]
1384 2694 1527 2732 Vsener
1565 2692 1691 2747 ἀδόξῳ

159 2755 231 2808 βίῳ
259 2756 347 2793 libri
435 2757 486 2793 19
510 2754 626 2805 ὅσπερ
649 2756 781 2793 Vrbz'n.
797 2767 892 2793 corr.
926 2753 1052 2804 ὥσπερ
1077 2755 1177 2792 Ckis.
1201 2754 1332 2792 Vrbin.
1349 2756 1437 2791 ante
1456 2765 1551 2791 corr.
1567 2753 1691 2791 Nicol.

160 2810 251 2864 παρ’
278 2814 410 2853 Vrbin.
424 2814 548 2852 Nicol.
575 2810 643 2852 ὑπ’
662 2817 725 2853 cet.
741 2815 846 2853 codd.
937 2816 987 2852 21
1018 2819 1086 2863 τῆς
1108 2819 1178 2863 σῆς
1200 2811 1398 2864 θυγατρὸς
1420 2813 1551 2851 Vrbin.
1567 2813 1693 2851 [Vicol.

160 2879 229 2924 τῆς
254 2876 295 2911 θ.
322 2879 391 2923 τῆς
417 2879 488 2923 σῆς
517 2877 580 2911 eet.
601 2874 708 2911 codd.
832 2875 884 2912 23
919 2871 985 2912 ἐπὶ
1013 2873 1146 2911 Vrbin.
1174 2876 1261 2911 ante
1286 2884 1381 2911 corr.
1429 2870 1561 2921 ἐπειδὴ
1592 2872 1692 2911 Oltis.

232 2946 312 2971 Hist.
325 2946 410 2971 Rom.
423 2945 475 2971 rel.
490 2946 514 2977 1,
534 2945 579 2971 ed.
593 2946 711 2971 Peter.
741 2946 796 2972 Ed.
812 2946 864 2971 alt.
1388 2942 1407 2971 ‘2
