2002 3342
616 167 652 201 L.
676 166 874 202 COELIVS
904 167 1183 202 ANTLPATER
1516 182 1672 212 ccxxv

136 280 255 317 fuisse
283 278 452 328 uidetur,
480 277 583 328 quod
610 290 687 316 non
716 277 842 316 solum
869 283 993 316 artem
1021 280 1231 316 oratoriam
1258 279 1436 317 exercuit
1462 278 1531 317 sed
1552 280 1671 318 etiam

135 356 224 382 cum
246 344 285 381 C.
303 343 477 382 Graccho
498 355 624 393 usque
640 342 687 381 ad
706 354 843 381 necem
859 344 944 381 eius
967 343 1230 382 familiaritate
1253 345 1488 382 coniunctus
1511 339 1577 397 (fr.
1593 340 1669 398 50)

135 410 296 460 eiusque
329 421 424 459 gens
460 407 612 458 plebeia
645 414 739 446 erat.
779 407 847 446 sed
882 420 1116 459 quamquam
1144 408 1279 447 rhetor
1304 408 1369 447 ille
1396 408 1468 447 sub
1497 408 1671 447 domina-

134 475 238 512 tione
253 473 425 511 Mariana
446 472 590 511 librum
612 485 726 511 suum
746 474 967 523 composuit
987 474 1202 524 neriusque
1225 475 1308 525 ipse
1330 475 1459 513 animo
1482 473 1671 513 Gracchis

133 551 248 589 quam
282 537 535 589 optimatibus
568 537 725 576 fauebat
758 532 825 590 (cs.
847 536 892 588 4,
921 535 994 588 22,
1016 536 1090 590 313
1117 536 1192 589 54,
1217 537 1290 592 673
1318 535 1392 592 553
1421 537 1495 591 683
1522 537 1561 590 9,
1585 536 1670 593 13),

134 610 262 642 tamen
296 616 345 642 ne
378 603 622 642 nobilitatem
656 616 675 641 a
710 602 853 641 scholis
887 604 969 641 suis
1005 603 1241 654 deterreret,
1277 604 1446 643 mediam
1474 604 1670 656 quandam

132 669 235 707 uiam
258 670 459 719 ingressus
480 681 608 719 neque
627 668 815 706 nobilium
835 673 1036 706 oratorum
1051 669 1228 720 exempla
1250 671 1402 719 spreuit
1422 675 1460 708 et
1482 669 1527 708 de
1550 670 1671 709 histo-

133 735 225 772 ricis
248 733 424 772 Coelium
446 734 665 772 nominauit
689 738 733 771 ut
760 733 991 772 familiarem
1013 733 1052 772 C.
1072 732 1239 772 Gracchi
1260 734 1508 786 eundemque
1530 735 1669 774 nobili-

132 800 221 837 tatis
243 799 446 849 fautorem,
466 821 514 825 —
539 804 696 849 praeter
711 798 931 837 Corneliam
953 804 1122 849 gentem,
1145 800 1184 837 in
1207 811 1322 850 quam
1343 804 1421 838 tam
1442 799 1670 839 uehementi

131 863 220 902 odio
257 863 434 914 ardebat,
473 869 515 902 ut
549 863 771 915 exemplum
808 863 1005 914 quoddam
1040 865 1254 915 insereret,
1294 865 1406 903 cuius
1446 866 1670 904 testimonio

132 928 216 967 Tib.
245 928 444 967 Gracchus
471 941 491 967 a
520 928 703 979 Scipione
731 928 869 967 Nasica
898 930 983 980 ipso
1011 929 1196 968 ferociter
1221 929 1442 968 trucidatus
1469 927 1623 984 esset.¹)

222 994 435 1032 Rhetorum
462 993 607 1032 scholis
634 995 751 1032 etiam
773 994 939 1032 Cicero
967 994 1014 1033 ad
1035 994 1158 1033 Coelii
1185 995 1450 1046 cognitionem
1479 994 1670 1034 deductus

132 1065 202 1097 est.
229 1072 319 1097 nam
340 1058 659 1097 adulescentibus
679 1064 723 1097 ut
743 1060 948 1110 scriptoris
970 1065 1052 1098 tum
1078 1059 1228 1110 uulgati
1254 1072 1379 1110 genus
1402 1059 1558 1098 dicendi
1591 1060 1671 1099 stili

129 1123 344 1175 iudiciique
367 1123 579 1163 exercendi
601 1137 715 1163 causa
738 1124 1032 1175 proponebatur
1051 1130 1247 1176 notusque
1268 1125 1343 1164 fuit
1364 1126 1481 1164 etiam
1495 1125 1616 1164 Bruto
1633 1131 1672 1165 et

131 1190 256 1228 Attico
279 1191 415 1228 amicis
438 1185 565 1243 (Brut.
587 1187 657 1240 26,
675 1186 791 1244 102).
830 1191 1010 1228 meminit
1036 1189 1102 1229 ille
1123 1189 1271 1241 aliquot
1296 1189 1392 1229 locis
1414 1191 1498 1229 eius
1521 1189 1567 1230 de
1588 1196 1670 1230 arte

129 1255 316 1293 historiae
337 1255 571 1293 meritorum
594 1251 691 1307 (uid.
713 1267 749 1305 p.
768 1251 924 1308 CCXVI)
948 1260 985 1293 et
1006 1267 1038 1293 a.
1053 1252 1122 1294 45.
1141 1252 1224 1294 709
1247 1268 1336 1294 cum
1357 1255 1478 1294 libros
1502 1255 1548 1295 de
1570 1255 1670 1295 diui-

131 1321 287 1358 natione
321 1319 531 1371 scriberet,
565 1320 611 1358 ab
645 1321 770 1358 Attico
804 1321 918 1371 petiit
952 1317 1031 1373 (ep.
1055 1317 1208 1375 13,8),
1242 1326 1285 1359 ut
1319 1319 1532 1372 ‘epitomen
1559 1321 1671 1361 Bruti

129 1383 418 1423 Coehanorum'
447 1381 624 1438 (praeter
649 1385 823 1424 Panaetii
853 1382 952 1436 περὶ
978 1382 1209 1439 προνοίας)
1245 1385 1319 1425 sibi
1351 1387 1538 1425 mitteret.
1578 1399 1669 1425 nam

129 1450 274 1489 Brutus
300 1457 343 1489 ut
364 1450 502 1488 Fannii
530 1445 629 1503 (uid.
652 1446 854 1504 s.CXCV1)
882 1456 920 1489 et
940 1450 1091 1502 Polybii
1113 1446 1232 1505 (Plut.
1254 1451 1361 1490 Brut.
1382 1448 1442 1505 4),
1470 1453 1526 1491 sic
1551 1453 1668 1490 etiam

128 1515 245 1554 huius
268 1517 478 1567 epitomam
499 1516 735 1567 confecerat,
757 1515 875 1566 idque
898 1517 961 1567 ita,
982 1522 1025 1555 ut
1047 1516 1197 1555 fabulas
1218 1517 1360 1556 multas
1381 1518 1422 1555 in
1437 1529 1522 1556 eam
1542 1522 1669 1556 trans-

130 1576 304 1634 ferret'2),
331 1582 409 1619 nisi
430 1580 566 1619 Cicero
597 1582 766 1632 epitoma
794 1580 1017 1620 admonitus
1045 1583 1150 1633 ipsas
1172 1581 1295 1620 Coelii
1320 1581 1506 1621 historias
1527 1583 1567 1620 in
1588 1595 1669 1621 ma-

129 1658 202 1684 nus
230 1647 415 1698 sumpsit3
450 1645 496 1684 de
530 1651 681 1697 septem
710 1645 869 1697 quidem
896 1646 1009 1698 locis,
1043 1646 1187 1698 quibus
1214 1659 1280 1686 eas
1308 1648 1461 1698 citauit,
1494 1649 1669 1698 quinque

128 1709 191 1762 (fr.
210 1709 274 1750 11.
296 1709 364 1750 20.
386 1709 453 1750 34.
468 1709 537 1750 49.
559 1708 635 1764 50)
662 1712 702 1749 in
730 1712 856 1762 primo
885 1710 932 1750 de
964 1711 1206 1750 diuinatione
1233 1711 1334 1750 libro
1362 1717 1532 1763 exstant,
1564 1724 1669 1751 unus

129 1772 193 1828 (fr.
219 1773 291 1830 19)
319 1777 359 1814 in
387 1789 444 1826 eo,
471 1788 588 1827 quem
617 1776 663 1815 de
691 1782 829 1815 natura
858 1775 1022 1815 deorum
1051 1776 1189 1816 eodem
1215 1783 1393 1829 tempore
1419 1779 1579 1829 scripsit
1600 1774 1667 1831 (de

128 1841 173 1880 fr.
192 1840 211 1880 1
242 1841 321 1880 uid.
344 1855 372 1880 s.
397 1838 582 1896 CCXVII).

216 1907 258 1945 ln
286 1908 424 1958 primis
452 1912 581 1946 autem
602 1906 768 1946 Liuius
796 1920 866 1958 per
893 1909 1050 1946 tertiam
1078 1907 1265 1946 decadem
1287 1907 1463 1947 Coelium
1491 1910 1667 1960 exscrip-

127 1968 239 2024 sit3);
261 1985 350 2010 nam
372 1985 460 2011 cum
477 1972 663 2023 Polybius
684 1969 1045 2023 scriptorGraecus
1066 1974 1152 2012 eius
1177 1972 1372 2012 desideria
1393 1985 1472 2012 non
1492 1975 1599 2012 omni
1621 1986 1667 2012 ex

226 2081 256 2123 1)
282 2084 316 2121 4,
330 2083 385 2122 55,
402 2083 457 2115 68,
498 2080 543 2114 cf.
564 2085 596 2121 4,
613 2084 668 2121 22,
685 2084 739 2115 31.
780 2080 885 2115 Marx
911 2080 933 2115 l.
956 2092 982 2115 S.
1009 2093 1043 2125 p.
1063 2085 1127 2115 152
1145 2092 1197 2125 sq.

223 2135 256 2177 2)
284 2133 443 2167 Inseruit
470 2145 530 2167 eas
559 2134 629 2175 eis,
663 2144 758 2178 quae
789 2134 993 2168 secundum
1019 2134 1262 2168 Posidonium
1289 2135 1374 2178 περὶ
1400 2140 1579 2179 μαντικῆς
1606 2146 1667 2170 ex-

126 2188 303 2230 posuerat
329 2188 459 2231 (usquo
481 2187 528 2220 ad
550 2191 581 2229 1,
595 2191 652 2230 40,
669 2190 738 2231 86).
772 2187 817 2221 cf.
840 2186 905 2221 Th.
928 2187 1053 2222 Stiche
1077 2188 1135 2222 De
1153 2188 1283 2230 fontib.
1305 2189 1366 2223 lib.
1390 2189 1461 2223 Cic.
1483 2189 1525 2223 de
1544 2189 1664 2224 dium.

126 2239 235 2285 (Diss.
257 2239 336 2274 Jen.
361 2242 465 2285 1875)
485 2252 520 2284 p.
539 2244 669 2285 15sqq.

222 2295 256 2337 3)
282 2292 435 2327 Nitzsch
456 2295 609 2337 (Αηηαῖ.
630 2306 666 2338 p.
684 2298 726 2328 13
740 2296 833 2338 sqq.)
860 2293 1007 2328 Liuium
1034 2294 1072 2328 in
1101 2294 1214 2328 tertia
1242 2294 1382 2328 decade
1407 2294 1565 2338 Polybio
1592 2307 1666 2330 non

126 2357 206 2381 esse
227 2358 336 2380 usum
357 2346 422 2380 sed
443 2358 568 2381 eorum
591 2358 810 2381 consensum
829 2347 915 2382 inde
937 2358 1017 2382 esse
1039 2348 1182 2389 natum,
1209 2348 1309 2391 quod
1331 2347 1476 2382 Silenus
1498 2350 1535 2383 et
1555 2359 1576 2381 a
1596 2349 1666 2383 Po-

125 2399 227 2443 lybio
249 2401 286 2434 et
306 2411 327 2434 a
349 2399 472 2434 Coelio
495 2402 592 2435 esset
612 2401 830 2445 exscriptus,
851 2400 912 2434 hic
934 2402 1059 2435 autem
1081 2401 1259 2445 (exceptis
1280 2400 1424 2435 ultimis
1446 2401 1525 2435 eius
1545 2400 1664 2439 libris)

125 2453 325 2496 primarius
357 2453 462 2487 Liuio
503 2453 577 2488 dux
614 2454 764 2497 fuisset,
804 2454 998 2488 contendit
1033 2454 1145 2497 idque
1178 2453 1348 2498 pluribus
1381 2456 1575 2489 exsecutus
1609 2454 1665 2490 est

127 2505 163 2540 C.
185 2506 385 2541 Boettcher
408 2507 608 2549 (Kritz'sche
635 2508 955 2553 Umersuch'zmyen
986 2508 1074 2543 ‘tiber
1105 2508 1163 2541 die
1192 2508 1341 2552 Quellen
1371 2509 1431 2543 des
1457 2509 1590 2544 Livius
1615 2510 1664 2544 im

128 2559 233 2594 XXI
244 2571 278 2594 u.
296 2560 427 2594 XXII
437 2561 543 2595 Buch
562 2561 600 2594 in
621 2560 853 2595 Fleckeiseni
874 2559 996 2605 suppl.
1009 2560 1065 2605 V).
1100 2560 1166 2595 alii
1193 2561 1239 2595 ab
1261 2572 1305 2596 ea
1325 2562 1511 2596 sententia
1533 2563 1664 2600 exorsi,

125 2613 221 2646 inter
235 2623 273 2647 se
287 2614 413 2646 tamen
428 2613 567 2647 diuersi
587 2613 748 2648 frustula
764 2614 861 2648 Liuii
883 2613 1062 2658 discerpti
1076 2613 1247 2658 pluribus
1262 2614 1478 2648 auctoribus
1493 2614 1662 2660 (Claudio

127 2664 385 2710 Quadrigario,
408 2665 557 2701 Valerio
576 2667 736 2711 Antiati)
757 2667 980 2709 tribuerunt,
1002 2678 1045 2702 ex
1065 2667 1200 2710 quibus
1221 2667 1372 2701 nomino
1387 2667 1432 2703 H.
1446 2668 1662 2703 Hesselbar-

126 2717 247 2752 thium
261 2720 667 2763 (Historisch-kritische
683 2721 1001 2765 Untersuehunyen
1017 2731 1084 2755 zur
1097 2720 1233 2755 dritten
1245 2721 1396 2756 Dekade
1410 2721 1471 2756 des
1484 2722 1528 2756 L.
1546 2723 1662 2766 1889),

127 2770 169 2806 G.
191 2771 399 2806 Soltauium
425 2772 477 2817 (in
497 2784 620 2818 progr.
641 2773 937 2808 Zabernensibus
965 2785 995 2807 a.
1020 2776 1121 2807 1894.
1146 2777 1249 2818 1896,
1276 2774 1401 2808 omnia
1429 2774 1663 2819 complexum

126 2825 262 2859 Liuius
287 2837 322 2869 p.
338 2828 503 2870 56—94)‚
531 2826 575 2861 H.
599 2826 836 2860 Sandersium
865 2827 952 2871 (Die
969 2827 1414 2872 Quellenkontamination
1436 2829 1486 2862 im
1502 2828 1610 2862 XXI
1624 2839 1660 2862 u.

198 2891 275 2915 mat.
290 2891 373 2916 Rom.
394 2892 446 2915 rol.
462 2893 486 2923 1,
507 2892 551 2917 ed.
572 2892 689 2917 Peter.
718 2893 772 2917 Ed.
786 2893 836 2917 alt.
1310 2886 1375 2920 XV
