2002 3342
195 923 263 953 428
291 949 298 956 .

193 969 264 1013 5}ss

200 1585 267 1616 364

200 1633 269 1675 556

287 185 374 227 304
923 183 1181 226 RELIQVIAE

288 296 438 334 Licinio
474 295 595 333 libros
631 294 734 333 haud
770 294 887 333 dubie
924 296 1037 345 sequi
1072 294 1215 334 linteos
1252 295 1415 347 placuit,
1451 296 1606 336 Tubero
1641 298 1819 337 incertus

287 362 374 400 ueri
402 366 471 399 est.
517 361 568 398 sit
593 360 697 398 inter
724 364 854 398 cetera
880 365 1078 398 uetustate
1106 366 1288 411 cooperta
1318 361 1391 399 hoc
1419 373 1572 413 quoque
1600 363 1640 400 in
1667 363 1819 401 incerto

288 427 473 478 positum.

382 487 454 530 15.
488 491 576 529 Liu.
592 491 630 538 4,
646 490 714 539 20,
726 491 763 528 5.
797 489 934 528 01111113
956 495 1045 528 ante
1066 503 1127 529 me
1150 496 1329 529 auctores
1351 497 1510 530 secutus
1529 492 1570 530 A.
1593 492 1817 531 Cornelium

289 556 453 594 Cossum
476 554 678 594 tribunum
699 554 868 593 militum
890 555 1061 594 secunda
1083 555 1203 606 spolia
1226 557 1354 607 opima
1370 556 1473 595 Iouis
1489 556 1655 596 Feretrii
1676 557 1819 608 templo
1861 573 1876 598 5

289 621 470 660 intulisse
497 621 671 671 exposui.
710 626 903 671 ceterum,
934 626 1210 671 praeterquam
1239 621 1341 671 quod
1372 634 1415 660 ea
1442 623 1515 660 rite
1544 624 1672 673 opima
1699 622 1821 673 spolia

288 686 498 735 habentur,
532 697 631 736 quae
665 685 741 724 dux
775 684 865 724 duci
899 685 1084 737 detraxit,
1118 698 1190 724 nec
1225 685 1363 725 ducem
1396 688 1579 726 nouimus
1606 689 1684 726 nisi
1710 689 1822 726 cuius

289 752 464 802 auspicio
497 750 643 789 bellum
676 752 844 801 geritur,
878 750 1014 790 titulus
1047 752 1131 802 ipse
1159 751 1295 802 spoliis
1322 753 1540 803 inscriptus
1567 752 1654 791 illos
1681 764 1822 803 meque

289 819 419 867 arguit
444 816 646 855 consulem
675 828 719 855 ea
741 816 904 854 Cossum
932 818 1096 867 cepisse.
1126 839 1178 843 —
1203 839 1257 843 ——
1286 818 1352 867 qui
1378 818 1410 856 si
1438 829 1483 856 ea
1502 819 1542 855 in
1564 829 1607 856 re
1629 819 1679 856 sit
1699 829 1822 868 error,

290 882 394 933 quod
421 887 499 920 tam
525 887 684 920 ueteres
711 881 870 920 annales
899 881 1081 932 quodque
1103 883 1404 932 magistratuum
1431 882 1534 933 libri,
1562 895 1658 933 quos
1682 882 1824 921 linteos
1846 899 1878 924 10

289 960 329 986 111
358 947 453 986 aede
481 948 674 998 repositos
701 946 877 985 Monetae
906 946 1036 985 Macer
1062 946 1238 985 Licinius
1267 948 1359 985 citat
1388 947 1604 986 identidem
1633 952 1825 1003 auctores,

294 1014 461 1064 septimo
485 1018 573 1063 post
594 1011 751 1050 demum
773 1024 872 1050 anno
894 1024 983 1050 cum
1004 1011 1046 1050 T.
1069 1011 1252 1057 Quinctio
1276 1012 1405 1051 Poeno
1424 1013 1466 1051 A.
1488 1012 1712 1052 Cornelium
1734 1012 1825 1051 Cos-

295 1091 381 1117 sum
419 1077 620 1116 consulem
658 1077 845 1127 habeant,
886 1078 1121 1115 existimatio
1156 1079 1375 1116 communis
1408 1077 1590 1116 omnibus
1623 1084 1692 1116 est.
1737 1090 1826 1116 nam

295 1145 413 1182 etiam
446 1142 541 1181 illud
575 1142 742 1192 accedit,
774 1155 823 1181 ne
856 1148 933 1180 tam
962 1142 1065 1180 clara
1098 1154 1224 1193 pugna
1260 1143 1301 1180 in
1328 1155 1417 1181 eum
1444 1155 1588 1182 annum
1621 1143 1827 1182 transferri

294 1214 444 1260 posset,
479 1207 583 1259 quod
610 1207 752 1246 inbelle
784 1209 1001 1246 triennium
1029 1208 1152 1246 ferme
1186 1208 1409 1258 pestilentia
1436 1209 1644 1259 inopiaque
1672 1210 1826 1258 frugum
1855 1223 1889 1249 15

297 1275 401 1313 cirea
427 1274 468 1311 A.
491 1272 716 1311 Cornelium
738 1272 939 1311 consulem
971 1273 1055 1323 suit,
1083 1273 1178 1311 adeo
1206 1279 1249 1311 ut
1269 1273 1426 1324 quidam
1453 1273 1612 1312 annales
1638 1273 1748 1312 uelut
1774 1274 1831 1311 fu·

297 1340 398 1377 nesti
425 1338 522 1376 nihil
550 1343 708 1389 praeter
727 1339 883 1376 nomina
906 1338 1111 1377 consulum
1138 1345 1361 1389 suggerant.
1397 1340 1538 1377 tertius
1558 1338 1605 1376 al)
1627 1337 1831 1377 consulatu

298 1404 409 1442 Cossi
429 1416 554 1442 annus
575 1403 777 1441 tribunum
799 1415 888 1441 eum
909 1403 1079 1442 militum
1104 1403 1304 1442 consulari
1329 1409 1521 1454 potestate
1542 1403 1668 1453 habet,
1695 1402 1830 1441 eodem

298 1482 398 1508 auno
431 1470 662 1519 magistrum
696 1470 890 1519 equitum,
924 1481 1000 1520 quo
1034 1470 1072 1506 in
1105 1470 1272 1519 imperio
1301 1468 1462 1507 alteram
1488 1470 1683 1519 insignem
1711 1467 1833 1507 edidit

294 1547 465 1585 pugnam
493 1539 728 1585 equestrem.
1855 1550 1889 1574 20

389 1596 462 1640 16.
490 1600 579 1638 Lz'u.
596 1600 632 1648 7,
648 1600 686 1649 9,
698 1599 736 1638 3.
762 1598 1000 1638 Dictatorem
1016 1599 1057 1638 T.
1073 1598 1303 1644 Quinctium
1324 1599 1499 1638 Poenum
1521 1611 1566 1637 eo
1587 1611 1687 1637 anno
1708 1598 1828 1637 fuisse

297 1667 391 1704 satis
418 1670 572 1703 constat
604 1670 642 1703 et
673 1666 902 1715 magistrum
937 1666 1113 1716 equitum
1142 1665 1226 1704 Ser.
1255 1664 1481 1703 Cornelium
1506 1664 1829 1714 Maluginensem.

294 1730 424 1769 Macer
444 1729 620 1768 Licinius
647 1731 896 1768 comitiorum
924 1730 1193 1768 habendorum
1224 1743 1338 1769 causa
1366 1735 1405 1768 et
1430 1729 1475 1768 ab
1497 1729 1646 1768 Licinio
1668 1728 1828 1767 consule

295 1795 442 1875 dictum
465 1794 613 1845 30111111,
635 1796 725 1845 quia
747 1794 893 1846 collega
908 1796 1064 1833 comitia
1085 1795 1187 1834 bello
1208 1796 1407 1846 praeferre
1429 1795 1652 1844 festinante,
1672 1799 1715 1832 ut
1737 1806 1827 1832 con-

390 1910 453 1944 15.
483 1910 536 1951 Cf.
560 1909 753 1954 Sclzuegller
772 1910 981 1953 11111193
995 1921 1067 1953 sqq

392 1957 617 1991 16.12·d.s
645 1968 678 2000 p.
701 1967 847 1991 s'jff’rcmll
876 1962 907 1991 et
933 1957 1018 1991 adn.
1048 1957 1097 1990 ad
1125 1956 1252 1991 Claud
1279 1957 1325 1999 fr.
1342 1956 1417 1991 10b
1460 1956 1633 1991 Consules
1664 1966 1701 1990 eo
1728 1965 1827 1990 anno

293 2007 444 2049 fuerunt
473 2005 508 2040 C.
529 2004 717 2049 Sulpicius
743 2009 774 2039 et
802 2005 838 2039 G.
861 2005 1032 2039 Li'cinzus
1055 2005 1202 2039 Caluus.

387 2121 406 2155 1
438 2119 507 2155 aut
526 2117 668 2154 dubiae
688 2117 828 2156 DIedic.
857 2116 998 2154 dubiae
1020 2116 1154 2154 Veron
1205 2116 1358 2164 placuit
1387 2115 1470 2154 tub.
1493 2115 1628 2153 Veron.
1655 2114 1826 2164 plaeetet

294 2177 377 2215 tub.
408 2177 514 2216 Med
528 2177 655 2214 Paris.
671 2176 782 2214 Leid.
871 2178 893 2213 2
923 2177 975 2213 sit
1000 2177 1144 2214 Muret.
1174 2171 1220 2226 sst
1241 2176 1375 2213 Veron.
1410 2175 1477 2213 sed
1502 2177 1564 2212 cel.
1586 2174 1676 2212 libri
1738 2186 1828 2212 con-

295 2239 407 2285 perta
430 2236 565 2274 Veron.
580 2231 742 2273 Medic}
766 2236 996 2284 inconperta
1016 2230 1143 2272 Med.2
1155 2235 1247 2273 Par.
1262 2235 1372 2273 Lea‘d.
1401 2235 1584 2283 cooperta
1609 2234 1829 2270 Mommsen

383 2297 425 2333 in
451 2307 521 2333 om.
548 2295 690 2333 Medic.

389 2349 463 2405 15,
493 2356 515 2392 9
545 2355 614 2403 qui
640 2355 673 2392 si
698 2354 788 2392 libri
820 2353 907 2402 quis
937 2353 1106 2392 Gronou.
1215 2355 1267 2392 10
1295 2349 1411 2403 quos]
1439 2353 1530 2390 libri
1556 2364 1731 2401 quosque
1757 2351 1826 2389 Fr.

294 2413 529 2452 Lachmann
560 2413 730 2463 librique
753 2425 850 2462 quos
865 2414 1085 2451 BIomnzsen-
1110 2413 1190 2451 uid.
1204 2424 1232 2450 s.
1242 2425 1283 2460 p.
1302 2424 1434 2449 eccm}
1531 2413 1580 2449 11
1610 2412 1651 2448 in
1672 2410 1766 2448 eade
1786 2423 1827 2446 re

296 2474 444 2522 positos
470 2475 629 2511 moneta
656 2479 701 2510 ea
726 2485 857 2510 macer
882 2473 988 2510 DIecl.
1022 2474 1180 2510 moneta
1213 2485 1299 2509 eam
1331 2483 1417 2508 meo
1443 2471 1536 2509 Par.
1662 2471 1714 2508 12
1742 2481 1826 2518 sep-

295 2545 393 2583 timo
420 2545 509 2582 libri
541 2544 691 2582 decimo
714 2543 936 2582 Glareanus
962 2556 1065 2581 nono
1085 2543 1267 2591 Siyonius
1328 2554 1416 2580 cum
1441 2545 1468 2579 t.
1497 2541 1675 2590 queineio
1702 2553 1827 2589 poeno

296 2604 403 2642 Illesl.
441 2616 529 2641 cum
555 2606 580 2641 t.
610 2604 831 2652 quinctinio
864 2615 990 2652 poeno
1016 2604 1107 2640 Par.
1232 2603 1284 2640 15
1318 2602 1445 2650 possit
1470 2601 1640 2648 DIadm'y
1673 2611 1717 2637 6oe
1748 2600 1825 2637 cod.

297 2663 397 2700 Lon.
417 2664 446 2700 2
476 2675 590 2712 posse
617 2663 722 2701 Med.
755 2665 888 2711 posset
920 2665 982 2700 cet.
1015 2663 1106 2700 libri
1228 2662 1280 2698 16
1309 2661 1355 2698 A.
1378 2660 1602 2698 Cornelium
1635 2660 1689 2697 ed.
1710 2659 1827 2697 Frob.

297 2735 346 2759 m.
374 2723 588 2760 cornelium
614 2723 704 2760 libri
828 2722 880 2759 18
908 2734 1023 2760 cossu
1047 2722 1139 2758 Par.

389 2775 462 2830 16,
485 2784 534 2818 21
566 2781 763 2831 quintium
788 2782 893 2819 Med.
910 2781 1001 2818 Par.
1063 2793 1189 2830 poeno
1216 2792 1302 2817 meo
1328 2779 1434 2817 Med.
1466 2791 1637 2828 poenum
1664 2789 1708 2815 eo
1734 2777 1826 2814 Par.

297 2839 474 2876 Pennum
499 2840 681 2888 Sisyonz'us
806 2841 857 2877 ‘23
891 2840 1038 2877 lucinio
1064 2840 1156 2877 Par.
1178 2851 1213 2877 α.
1234 2850 1330 2877 corr.
1455 2839 1508 2875 24
1537 2837 1603 2886 qui
1632 2837 1782 2874 Harlei.
1803 2835 1834 2872 I
