2002 3342
304 209 544 238 CLXXXVIH
643 194 707 229 DE
735 193 1041 228 SCRIPTORVM
1069 193 1192 228 VITIS
1219 194 1281 228 ET
1308 194 1514 230 SCRIPTIS

302 307 478 345 redeunt.
519 305 588 344 sed
627 305 866 344 mirabimur
903 305 1005 356 quod
1046 307 1162 343 etiam
1202 305 1387 344 Plinius
1420 307 1560 357 maior,
1600 308 1674 346 etsi
1710 308 1840 347 studio

301 373 487 410 materiae
515 372 720 409 uarietatis
748 370 913 409 allectus
940 373 1070 421 ipsum
1097 377 1141 409 ut
1167 383 1328 421 grauem
1356 376 1557 410 auctorem
1586 368 1649 424 (fr.
1676 371 1739 411 10.
1761 370 1839 427 38)

299 438 471 487 inspexit
492 436 609 486 idque
632 435 720 473 libri
745 448 910 481 numero
932 435 1103 473 indicato
1125 436 1363 486 significauit
1384 433 1449 489 (fr.
1468 434 1532 475 10.
1555 436 1619 475 11.
1645 435 1730 492 13),
1757 451 1840 476 1113-

300 504 423 540 iorem
452 502 761 551 fragmentorum
790 513 861 551 per
887 506 974 539 octo
1001 500 1122 538 libros
1146 501 1337 540 naturalis
1358 501 1543 540 historiae
1567 502 1837 553 dispersorum

299 573 451 618 partem
472 564 560 619 (10.
586 565 650 604 11.
676 563 741 604 13.
763 563 831 604 20.
854 564 921 604 21.
943 563 1011 604 29.
1034 563 1101 604 30.
1124 563 1191 604 31.
1213 563 1281 605 33.
1303 564 1371 604 34.
1387 564 1454 606 35.
1472 565 1538 605 37.
1556 564 1631 620 38)
1653 567 1841 606 Varronis

299 633 523 671 auctoritati
563 631 714 682 debuit,
759 637 802 670 ut
843 631 954 670 docte
1000 631 1277 682 subtiliterque
1322 631 1507 670 Muenzer
1552 627 1841 685 (Ouellenlcre't.

298 709 333 748 p.
360 694 612 750 199—233)
643 697 786 735 docuit.
826 702 1030 747 praeterea
1058 698 1098 734 in
1120 696 1231 734 libris
1252 696 1376 735 XXIX
1397 703 1434 735 et
1454 697 1608 735 XXXVI
1628 698 1838 737 Pisoniana

300 761 552 801 delituerunt.
569 759 601 817 1)
648 764 688 800 in
723 762 862 801 horum
897 763 1002 800 enim
1033 761 1224 800 librorum
1252 762 1450 801 indicibus
1483 769 1543 802 est
1569 767 1653 801 eius
1681 776 1842 814 nomen,

299 840 389 865 (rum
415 830 456 866 in
484 829 580 879 ipsis
602 827 714 866 libris
737 827 997 866 desideretur.
1039 826 1208 878 denique
1229 827 1427 879 Kiessling
1449 823 1566 881 (mus.
1582 828 1704 867 Rhen.
1720 841 1756 868 11.
1771 828 1838 866 XV

300 891 451 944 [1860]
481 906 516 944 p.
539 890 663 946 608),
699 892 802 944 quod
822 893 911 931 Piso
936 894 976 930 in
1004 892 1134 930 indice
1162 892 1253 931 libri
1274 891 1432 931 XXXIII
1459 895 1599 932 tertius
1627 899 1763 932 auctor
1786 895 1840 932 sit

299 971 427 1009 neque
455 964 586 997 tamen
614 964 701 997 ante
731 958 1020 1009 paragraphum
1048 955 1103 996 38
1132 960 1295 1009 citetur,
1322 960 1399 997 iam
1426 964 1515 997 ante
1543 971 1627 997 eam
1654 959 1836 998 Pisonem

298 1029 528 1075 excerptum
563 1036 649 1062 esse
684 1030 792 1062 ratus
824 1023 1090 1074 paragraphos
1124 1021 1296 1062 17-—19
1330 1023 1377 1062 ad
1410 1037 1499 1063 eum
1533 1024 1701 1075 rettulit,
1737 1037 1837 1076 quae

297 1102 461 1139 prorsus
495 1091 749 1127 consentiunt.
783 1101 872 1127 cum
904 1088 1059 1127 Pisonis
1091 1088 1227 1127 uerbis
1261 1102 1279 1127 3
1309 1089 1431 1128 Gellio
1464 1091 1632 1128 seruatis
1659 1086 1839 1143 (11.27).

298 1156 400 1193 intra
434 1154 504 1193 hos
537 1160 668 1192 tamen
702 1154 807 1192 locos
841 1154 957 1192 Plinii
984 1166 1098 1193 usum
1130 1154 1284 1193 Pisonis
1318 1167 1359 1193 se
1387 1156 1631 1194 continuisse
1657 1167 1839 1206 praeser-

297 1221 367 1258 tim
402 1225 491 1270 post
526 1220 727 1258 Muenzeri
766 1219 1071 1270 disputationem
1098 1221 1163 1258 uix
1199 1219 1523 1259 existimabimus.
1562 1220 1639 1259 hnc
1667 1220 1836 1272 denique

297 1285 466 1323 reseram
494 1284 820 1335 Plutarchum,
855 1286 920 1335 qui
956 1285 1077 1323 semel
1110 1286 1150 1322 in
1177 1287 1258 1323 uita
1286 1284 1434 1323 Numae
1462 1282 1527 1338 (fr.
1552 1283 1624 1338 17)
1651 1285 1834 1324 Pisonem

298 1351 530 1388 nominatim
559 1349 688 1388 attulit
714 1356 753 1388 et
779 1350 927 1400 aliquot.
953 1350 1050 1388 locis
1078 1363 1166 1388 cum
1194 1362 1240 1388 eo
1268 1351 1465 1389 consentit
1492 1352 1530 1388 in
1557 1352 1651 1389 uitis
1680 1351 1835 1390 Romuli

297 1411 404 1469 (adn.
427 1415 474 1454 ad
495 1416 540 1455 fr.
563 1413 608 1469 6)
637 1420 675 1454 et
701 1415 921 1466 Poplicolae
950 1413 1056 1468 (adn.
1078 1415 1125 1454 ad
1150 1412 1214 1454 15.
1240 1413 1304 1454 16.
1330 1412 1414 1468 19).
1467 1421 1505 1454 31
1537 1417 1622 1454 01115
1655 1417 1835 1455 notitiam

296 1483 335 1519 in
368 1483 436 1520 uit.
466 1481 578 1520 Num.
608 1487 645 1519 et
678 1493 761 1519 rem
796 1482 835 1519 in
869 1494 905 1519 u.
932 1480 1042 1519 Rom.
1070 1482 1287 1531 expositam
1322 1480 1449 1519 eidem
1477 1480 1641 1519 Varroni
1676 1481 1841 1520 uidetur

297 1547 440 1586 debere
473 1543 571 1599 (uid.
600 1548 762 1593 Ouellen
791 1548 827 1585 d.
852 1547 953 1585 Plus.
981 1559 1017 1597 p.
1043 1544 1137 1584 151.
1163 1543 1283 1599 170),
1323 1546 1442 1585 alium
1479 1558 1716 1586 consensum
1749 1547 1838 1585 siue

294 1612 480 1663 Dionysio
509 1614 593 1651 siue
622 1612 687 1650 alii
709 1613 859 1650 auctori
880 1613 1124 1663 interpositO,
1151 1613 1379 1662 neutiquam
1400 1613 1489 1662 ipsi.
1526 1611 1603 1650 Sed
1623 1624 1839 1663 pergamus

295 1677 343 1716 ad
369 1678 597 1729 Dionysium
626 1683 664 1716 et
691 1677 860 1727 Liuium,
889 1689 1056 1728 quorum
1084 1678 1191 1715 senis
1217 1681 1384 1726 uterque
1412 1677 1507 1715 locis
1534 1673 1618 1729 (ille
1645 1675 1683 1716 3.
1705 1674 1742 1716 5.
1768 1675 1834 1716 14.

298 1740 363 1782 15.
386 1741 453 1781 24.
476 1740 544 1794 25,
571 1743 635 1781 1110
666 1740 731 1781 16.
754 1740 822 1780 22.
844 1740 911 1780 23.
934 1740 1001 1780 26.
1024 1740 1091 1782 28.
1115 1738 1190 1795 32)
1219 1741 1349 1780 addito
1377 1743 1534 1780 1101111110
1559 1742 1741 1781 Pisonem
1768 1755 1837 1780 ex-

295 1809 504 1859 scripsere,
526 1810 644 1847 etiarn
667 1807 847 1859 pluribus
868 1809 997 1846 tacite.
1038 1820 1274 1858 quamquam
1296 1809 1400 1846 enim
1421 1807 1676 1858 Dionysius
1705 1808 1837 1847 fontes

296 1886 388 1912 suos
416 1886 630 1912 recensens
658 1871 715 1927 (1,
739 1871 776 1924 T,
798 1870 842 1926 3)
871 1886 960 1912 011111
987 1879 1075 1924 post
1102 1872 1301 1923 Catonem,
1328 1871 1491 1911 Fabium
1512 1872 1735 1924 Maximum,
1762 1873 1835 1911 va„

295 1939 437 1978 lerium
463 1940 671 1990 Antiatem,
698 1939 894 1977 Licinium
921 1938 1095 1977 Macrum
1124 1937 1356 1977 secundario
1383 1937 1468 1976 loco
1495 1939 1534 1976 in
1562 1950 1679 1988 grege
1706 1937 1836 1977 Aelio-

297 2017 383 2043 rum
413 2011 451 2043 et
477 2004 691 2043 Gelliorum
721 2004 901 2054 collocat,
938 2010 1068 2042 tamen
1102 2005 1137 2042 01
1169 2005 1210 2042 111
1243 2005 1384 2055 primis
1411 2004 1571 2042 criticae
1600 2005 1694 2042 artis
1721 2004 1832 2042 initia

295 2070 491 2121 placuisse
527 2069 732 2120 uidentur,
769 2081 884 2120 quam
921 2069 1010 2107 Piso
1046 2070 1085 2107 in
1119 2081 1255 2118 regum
1289 2070 1538 2120 potissimum
1571 2068 1689 2107 rebus
1722 2081 1834 2107 exer·

297 2141 443 2186 cuerat,
470 2141 513 2174 111
533 2148 631 2186 quae
659 2135 723 2173 1110
746 2135 792 2173 (10
813 2135 979 2185 Tarpeia
1001 2131 1066 2187 (fr.
1089 2130 1134 2186 5)
1157 2141 1195 2173 et
1214 2133 1350 2173 Mettio
1372 2134 1505 2173 Curtio
1527 2134 1634 2186 (adn.
1657 2133 1703 2172 ad
1725 2134 1769 2173 fr.
1786 2131 1832 2186 6)

297 2200 585 2252 disputauerat,
623 2206 728 2239 totus
762 2199 946 2251 probauit
978 2206 1016 2238 et
1043 2199 1147 2250 quod
1181 2199 1227 2238 de
1254 2200 1436 2238 Arruntis
1464 2205 1502 2238 et
1529 2199 1641 2238 Lucii
1666 2199 1696 2237 T
1701 2201 1835 2250 arqui-

298 2267 451 2304 niorum
492 2278 636 2317 genere
678 2267 987 2316 excogitauerat,
1027 2264 1284 2316 cupidissimo
1324 2266 1453 2303 animo
1491 2264 1709 2315 amplexus,
1747 2264 1834 2303 uhi-

296 2343 451 2382 cunque
474 2333 558 2369 eius
580 2332 820 2369 mentionem
843 2331 946 2381 fecit,
968 2336 1101 2381 spreta
1120 2330 1275 2381 uulgari
1293 2330 1393 2368 fama
1414 2342 1551 2368 eorum
1572 2342 1687 2369 auum
1710 2330 1832 2369 fuisse

295 2396 475 2434 Priscum
496 2398 657 2447 scripsit
676 2393 735 2450 (4,
758 2394 795 2447 8,
820 2394 861 2448 1,
888 2393 957 2447 28,
982 2395 1023 2447 1,
1051 2393 1179 2448 31,1,
1206 2393 1275 2446 33,
1291 2393 1335 2448 2,
1362 2393 1430 2446 34,
1446 2391 1510 2448 3),
1538 2395 1743 2446 eidemque
1766 2395 1831 2434 de-

295 2461 389 2500 bere
416 2461 592 2512 uidetur,
627 2461 862 2500 Collatinum
895 2473 972 2499 non
1006 2461 1130 2499 filium
1157 2460 1290 2511 Egerii
1317 2460 1386 2499 sed
1412 2465 1595 2511 nepotem
1623 2460 1743 2498 fuisse
1771 2456 1835 2513 (4,

296 2524 364 2577 64,
386 2523 450 2580 3),
484 2526 693 2565 Octauium
726 2526 942 2565 Mamilium
979 2538 1056 2565 non
1093 2538 1282 2576 generum
1317 2525 1522 2576 Tarquinii
1558 2525 1726 2576 Superbi
1762 2525 1834 2564 sed.

396 2648 428 2691 1)
455 2647 551 2681 Roth
577 2659 612 2691 p.
636 2650 703 2681 304
732 2647 869 2681 adiecit,
895 2646 1009 2681 libros
1029 2646 1095 2680 XII
1116 2648 1152 2680 et
1172 2645 1266 2688 XIV,
1294 2646 1357 2680 sed
1383 2657 1467 2679 cum
1493 2644 1579 2679 libri
1605 2645 1670 2679 XII
1691 2647 1727 2679 et
1748 2645 1834 2679 XIII

296 2701 409 2744 atque
430 2700 512 2734 XIV
534 2702 571 2734 01,
591 2699 658 2734 XV
685 2700 771 2744 (uid.
794 2700 919 2733 Brunn
938 2700 997 2734 De
1016 2699 1093 2734 ind.
1115 2700 1213 2734 Ptin.
1236 2711 1270 2743 p.
1293 2700 1350 2742 23)
1377 2698 1535 2733 eundem
1561 2697 1724 2732 habeant
1743 2709 1828 2732 auc-

296 2755 416 2787 torum
443 2754 604 2788 indicem
631 2755 668 2787 et
694 2753 731 2786 111
758 2753 862 2787 libris
882 2752 965 2787 XIII
986 2754 1023 2787 01,
1042 2752 1107 2786 XV
1128 2752 1271 2786 Pisonis
1298 2763 1432 2786 nomen
1456 2751 1611 2786 allatum
1639 2751 1687 2785 sit
1712 2752 1767 2797 (fr.
1785 2755 1826 2786 11

296 2808 333 2840 et.
359 2809 435 2851 31),
474 2806 612 2841 frustra
644 2817 709 2840 nos
742 2807 779 2840 in
811 2806 877 2840 XII
909 2808 946 2840 et
977 2805 1061 2840 XIV
1092 2805 1236 2840 Pisonis
1275 2805 1389 2839 uerba
1423 2816 1601 2850 quaerere
1636 2806 1833 2839 consenta-

294 2871 405 2894 neum
432 2862 496 2895 est.
