2002 3342
120 904 153 928 10

120 1230 151 1255 15

118 1556 152 1580 20

118 1881 150 1906 25

331 192 371 233 Q.
392 190 517 224 FABII
546 189 759 225 PICTORIS
786 189 1011 224 GRAECAE
1039 189 1309 223 HISTORIAE.
1347 188 1389 222 fr.
1413 191 1552 223 16-18
1650 188 1706 229 33

177 304 293 341 refert
324 308 429 341 certe
455 301 556 340 hanc
583 313 697 351 saepe
725 313 813 338 eum
841 305 975 338 exacta
1002 305 1126 339 aetate
1153 312 1365 351 usurpasse
1392 311 1548 349 uocem,
1584 298 1706 337 multo

175 369 361 406 miserius
388 367 473 405 seni
499 365 658 404 exilium
687 378 785 404 esse.

268 429 342 471 IS.
383 433 470 471 Le'u.
497 431 541 479 8,
569 431 642 478 30,
671 431 708 469 1.
753 430 795 469 ln
829 430 1031 469 Samnium
1072 432 1234 469 incertis
1273 432 1371 469 itum
1411 430 1596 481 auspiciis
1636 434 1706 480 est,

175 499 287 536 cuius
315 499 371 536 rei
398 498 538 536 uitium
567 508 643 534 non
672 497 711 534 in
737 495 831 534 belli
858 501 1061 546 euentum,
1095 495 1197 547 quod
1230 508 1418 547 prospere
1451 500 1604 546 gestum
1636 500 1705 545 est,

175 563 242 601 sed
282 565 321 601 in
362 561 509 601 rabiem
549 566 664 611 atque
703 562 782 599 iras
821 562 1102 612 imperatorum
1142 562 1273 599 uertit.
1325 573 1493 611 namque
1526 560 1707 611 Papirius

176 628 342 667 dictator
368 641 387 666 3
415 626 579 678 pullario
614 627 786 665 monitus
820 639 909 664 cum
940 626 986 664 ad
1013 627 1232 677 auspicium
1259 626 1517 676 repetendum
1544 625 1706 663 Romam

175 695 510 744 proficisceretur,
543 693 730 741 magistro
758 692 934 742 equitum
962 690 1227 741 denuntiauit,
1262 697 1304 729 ut
1330 704 1415 729 sese
1443 691 1527 729 loco
1555 696 1707 729 teneret

174 771 250 796 11811
278 758 438 796 absente
467 769 506 795 se
536 769 623 795 cum
652 756 762 795 boste
790 769 949 795 manum
977 763 1216 795 consereret.
1268 756 1310 801 Q.
1333 755 1476 794 Fabius
1504 768 1592 794 cum
1618 761 1706 806 post

174 824 457 874 profectionem
486 822 688 860 dictatoris
716 834 787 873 per
814 821 1081 873 exploratores
1109 822 1354 873 conperisset
1386 821 1549 872 perinde
1576 822 1705 859 omnia

174 889 298 927 soluta
325 887 427 939 apud
454 887 585 926 hostes
612 899 710 937 esse,
737 900 780 926 ac
808 888 839 926 si
868 900 981 926 nemo
1009 887 1207 926 Romanus
1234 888 1273 925 in
1301 886 1459 925 Samnio
1487 892 1602 936 esset,
1636 899 1705 925 seu

175 954 281 992 ferox
309 953 539 991 adulescens
565 952 798 1003 indignitate
823 965 1024 1002 accensus,
1052 952 1154 1003 quod
1175 953 1304 991 omnia
1326 953 1365 990 in
1388 951 1575 990 dictatore
1596 951 1705 990 uide-

175 1024 312 1057 rentur
351 1019 519 1069 reposita
559 1030 664 1068 esse,
703 1030 773 1056 seu
812 1019 1016 1056 occasione
1053 1017 1154 1056 bene
1191 1016 1386 1067 gerendae
1420 1018 1477 1055 rei
1509 1016 1705 1066 inductus,

174 1085 349 1122 exercitu
388 1085 580 1122 instructo
619 1088 833 1134 paratoque
873 1083 1074 1134 profectus
1113 1081 1160 1121 ad
1198 1081 1419 1120 Inbrinium
1453 1078 1523 1134 (ita
1563 1087 1707 1121 uocant

173 1145 319 1203 locum)
347 1150 429 1187 acie
456 1161 545 1187 cum
573 1148 814 1187 Samnitibus
848 1148 1035 1186 conflixit.
1087 1160 1130 1186 ea
1163 1148 1316 1186 fortuna
1350 1159 1503 1198 pugnae
1537 1148 1626 1198 suit7
1663 1153 1707 1186 ut

173 1214 269 1252 nibil
292 1213 472 1252 relictum
496 1214 557 1264 311,
584 1226 672 1264 quo,
700 1215 733 1251 si
754 1213 945 1252 adfuisset
966 1213 1143 1263 dictator,
1172 1225 1234 1252 res
1256 1213 1397 1251 melius
1418 1214 1502 1263 geri
1523 1214 1705 1264 potuerit.

172 1292 249 1318 non
277 1279 353 1317 dux
382 1278 514 1328 militi,
546 1291 622 1317 nou
651 1279 764 1317 miles
792 1278 881 1317 duci
910 1279 1043 1317 defuit.
1095 1291 1215 1329 eques
1243 1279 1360 1316 etiam
1387 1283 1546 1317 auctore
1573 1278 1613 1317 L.
1635 1277 1706 1317 Co-

173 1346 292 1383 minio
326 1343 484 1383 tribuno
519 1344 704 1394 militum,
746 1345 813 1395 qui
845 1344 1080 1395 aliquotiens
1113 1345 1263 1394 impetu
1298 1349 1409 1395 capto
1449 1355 1706 1394 perrumpere

172 1422 248 1448 11011
277 1415 430 1461 poterat
456 1410 627 1448 bostium
656 1422 812 1460 agmen,
850 1409 1019 1448 detraxit
1051 1410 1181 1448 frenos
1215 1410 1327 1459 equis
1354 1415 1470 1459 atque
1497 1410 1549 1447 ita
1577 1410 1706 1447 conci-

173 1481 272 1513 tatos
306 1474 524 1513 calcaribus
558 1476 755 1525 permisit,
793 1480 836 1513 ut
868 1476 1065 1513 sustinere
1105 1486 1172 1513 eos
1206 1473 1311 1512 nulla
1343 1475 1405 1512 uis
1440 1479 1584 1525 posset.
1635 1486 1707 1525 per

172 1553 290 1590 arma,
318 1553 388 1591 per
413 1542 522 1578 uiros
549 1540 623 1578 late
651 1545 822 1590 stragem
850 1539 1005 1578 dedere.
1051 1544 1211 1578 secutus
1238 1539 1359 1590 pedes
1380 1541 1569 1590 impetum
1597 1540 1706 1590 equi-

172 1612 253 1644 tum
281 1605 450 1644 turbatis
477 1605 656 1644 hostibus
682 1605 815 1644 intulit
847 1607 969 1656 signa.
1019 1606 1161 1655 uiginti
1188 1604 1295 1643 milia
1322 1605 1494 1643 hostium
1521 1617 1632 1643 caesa
1661 1617 1705 1643 eo

173 1670 234 1709 die
254 1670 474 1709 traduntur.
515 1675 695 1709 auctores
716 1670 839 1709 babeo
861 1670 921 1709 bis
946 1683 1034 1709 cum
1061 1670 1172 1709 hoste
1200 1671 1310 1720 signa
1337 1670 1488 1708 conlata
1517 1670 1706 1709 dictatore

171 1735 344 1785 absente,
371 1735 432 1773 bis
461 1748 543 1773 rem
571 1736 727 1786 egregie
751 1741 911 1786 gestam.
951 1735 1053 1787 apud
1075 1737 1372 1787 antiquissimos
1393 1737 1608 1787 scriptores
1628 1748 1704 1774 una

171 1800 266 1839 baec
293 1813 422 1851 pugna
450 1801 665 1851 inuenitur,
692 1802 732 1839 in
759 1800 992 1852 quibusdam
1015 1800 1220 1840 annalibus
1241 1806 1319 1840 tota
1341 1813 1405 1839 res
1426 1802 1706 1852 praetermissa

172 1871 242 1904 est.
287 1867 475 1916 magister
508 1867 702 1917 equitum,
740 1871 784 1904 ut
817 1879 862 1905 ex
896 1871 1002 1905 tanta
1035 1866 1172 1917 caede,
1210 1866 1345 1905 multis
1383 1867 1530 1917 potitus
1570 1866 1705 1917 spoliis

171 1936 354 1980 congesta
387 1932 427 1969 in
460 1932 660 1982 ingentem
694 1943 879 1970 aceruum
913 1931 1069 1970 hostilia
1103 1944 1209 1970 arma
1242 1931 1398 1970 subdito
1428 1933 1518 1982 igne
1545 1944 1705 1970 concre-

171 1998 310 2047 mauit,
339 2009 409 2035 seu
435 2002 571 2035 uotum
599 1996 638 2035 id
667 1996 829 2035 deorum
857 1998 1026 2048 cuipiam
1055 1997 1143 2048 fuit,
1177 2009 1247 2035 seu
1274 1997 1438 2036 credere
1466 1997 1561 2036 libet
1586 1997 1705 2036 Fabio

172 2063 340 2112 auctori,
379 2074 424 2099 eo
459 2062 621 2113 sactum,
660 2074 709 2100 ne
743 2074 836 2101 31138
869 2062 1015 2113 gloriae
1048 2063 1218 2101 fructum
1254 2062 1419 2101 dictator
1446 2068 1604 2113 caperet
1636 2075 1705 2101 no-

171 2139 340 2177 menque
367 2126 421 2164 ibi
449 2127 643 2166 scriberet
669 2133 735 2166 aut
761 2127 883 2178 spolia
910 2128 950 2166 in
970 2127 1171 2179 triumpho
1200 2128 1334 2166 ferret.
1373 2127 1527 2166 litterae
1549 2140 1704 2179 quoque

266 2251 327 2286 18.
362 2251 453 2286 Vide
477 2264 591 2297 supra
613 2264 651 2298 p.
674 2264 859 2288 LXXXVIII
869 2265 916 2298 sq.

263 2364 339 2419 18,
367 2371 391 2407 4
419 2373 574 2420 gestum
602 2374 703 2409 esset
729 2372 885 2409 Leia]
906 2373 995 2409 libri
1022 2373 1110 2418 aliq.
1136 2384 1205 2409 rec.
1320 2373 1342 2408 5
1370 2372 1502 2409 uertit?
1529 2372 1591 2409 uel
1616 2385 1703 2408 uer-

169 2429 270 2466 titur
293 2430 386 2467 Par.
406 2431 514 2468 Flor.
538 2431 626 2478 Vps.
659 2431 784 2468 uertit
802 2432 908 2469 Med.
928 2432 1038 2469 Rom.
1060 2432 1189 2469 Marc.
1284 2432 1320 2468 5.
1338 2432 1360 2468 6
1377 2430 1560 2480 Papirius
1581 2431 1703 2468 dicta-

170 2491 234 2526 tor
259 2489 316 2525 bis
335 2491 519 2536 scriptam
544 2491 584 2527 in
604 2490 710 2527 Med.
834 2491 857 2527 8
892 2503 1011 2527 manu
1036 2491 1128 2528 Par.
1149 2490 1256 2528 Med.
1283 2502 1317 2527 a.
1339 2503 1435 2529 corr.
1560 2492 1611 2528 13
1647 2491 1704 2528 in-

170 2547 342 2584 brinium
373 2549 480 2586 Med.
500 2550 592 2587 Par.
631 2549 681 2586 ad
714 2549 955 2587 umbrinium
982 2550 1142 2587 Harl.I
1162 2550 1252 2587 libri
1278 2550 1328 2588 al.
1355 2562 1426 2589 ree.
1470 2549 1705 2587 Imbrinium

172 2606 407 2645 Hermolaus
427 2609 637 2646 Barbarus
666 2609 712 2655 cf.
737 2609 913 2646 Niebuhr
938 2609 990 2645 H.
1011 2610 1061 2647 R.
1081 2609 1163 2645 III
1177 2621 1219 2656 p.
1234 2610 1321 2647 223
1347 2606 1547 2658 profectus
1573 2609 1622 2647 ad
1642 2609 1705 2647 In-

171 2665 344 2703 brinium
371 2678 442 2704 om.
470 2669 577 2706 Flor.
604 2669 732 2705 Marc.
760 2668 870 2705 La‘d.
892 2669 921 2705 Ι
948 2669 1033 2705 libr.
1061 2669 1110 2705 al.
1136 2680 1209 2706 rec.
1273 2669 1377 2706 locus
1395 2681 1589 2716 nusquam
1611 2670 1705 2707 alibi

170 2726 395 2763 *nominatur
524 2729 574 2765 16
603 2726 782 2765 Cominio
814 2722 927 2765 Ραν.2
950 2728 1056 2765 Med.
1101 2728 1283 2765 comunio
1314 2723 1424 2766 Par.¹
1550 2730 1601 2766 18
1638 2741 1705 2777 po-

170 2786 304 2821 tuerat
324 2787 417 2822 coni.
439 2786 710 2824 Weissenborn
784 2787 908 2824 aciem
928 2788 1023 2825 coni.
1048 2786 1275 2834 Wesenbery
1368 2788 1420 2825 26
1443 2788 1484 2824 in
1504 2799 1575 2825 om.
1596 2788 1704 2825 Med.

171 2843 262 2881 Par.
387 2846 453 2882 28.
476 2846 527 2882 29
556 2858 778 2894 nomenque
805 2846 881 2883 sibi
906 2858 976 2884 scr.
1004 2846 1089 2883 libr.
1117 2847 1206 2894 aliq.
1233 2858 1304 2884 rec.

247 2916 324 2940 Hiut.
340 2916 424 2941 Rom.
438 2917 491 2942 rel.
504 2917 528 2948 Ι,
548 2917 593 2943 ed.
608 2918 725 2943 Peter.
751 2917 807 2943 Ed.
820 2918 871 2943 alt.
1397 2915 1417 2946 3

1733 404 1800 433 325

1732 463 1800 493 429
