2002 3342
407 158 449 192 II.
477 156 540 190 DE
567 154 883 190 LITTERARVM
906 153 1230 188 MONVMENTIS
1260 153 1480 187 PRIVATIS
1603 168 1715 197 XXXI

183 270 293 321 quasi
321 269 580 307 summarium
608 271 696 305 ante
723 264 857 304 oculos
885 270 970 303 erat
995 266 1259 315 propositum:
1293 276 1367 314 qua
1396 276 1437 301 re
1459 265 1522 302 cui
1543 264 1715 303 Romano

182 347 258 373 non
286 335 474 372 iniectum
503 344 590 371 esse
619 332 818 369 existimas
841 329 1014 368 studium
1037 334 1074 367 et
1095 331 1133 367 in
1157 330 1383 380 superiores
1406 341 1468 367 res
1490 330 1716 379 inquirendi

181 399 503 448 nobilitatemque
531 397 688 447 generis
717 395 885 446 augendi
913 401 968 445 et,
995 407 1043 432 ne
1072 407 1147 445 qua
1174 406 1238 432 res
1266 406 1286 432 a
1314 406 1355 432 se
1383 399 1491 444 gesta
1518 393 1715 432 obliuione

181 464 436 513 obrueretur,
470 466 699 513 praesentes
726 462 765 499 in
793 462 985 510 scriptum
1013 457 1242 498 referendi?
1284 460 1351 509 qui
1378 471 1461 496 mos
1489 471 1535 497 ex
1563 460 1716 497 arcanis

184 529 410 567 domesticis
449 529 565 566 etiam
605 528 644 564 in
684 525 885 576 publicum
925 526 1158 576 penetrauit.
1217 536 1306 562 nam
1344 525 1492 575 Appius
1532 524 1716 562 Claudius

185 593 367 644 Pulcher,
402 594 469 643 qui
496 605 527 630 a.
558 589 623 630 79.
652 589 737 630 675
765 590 901 629 consul
928 586 1062 642 fuitl),
1090 589 1277 640 clipeatas
1305 590 1497 639 imagines
1524 590 1716 627 maiorum

180 671 341 697 suorum
370 657 553 696 omnibus
580 655 797 695 honoribus
824 655 966 694 additis
994 656 1034 693 in
1061 654 1245 693 Bellonae
1272 650 1459 705 templo2)
1488 654 1643 705 publice
1678 656 1717 692 in

180 723 335 762 excelso
355 724 498 774 posuit,
525 728 640 772 atque
663 722 780 760 etiam
802 722 881 759 uiri
905 719 1008 759 docti
1034 721 1075 758 in
1103 719 1289 758 eruendis
1315 720 1494 758 uirorum
1522 718 1717 757 clarorum

180 788 400 839 originibus
426 799 607 838 magnam
635 792 788 838 partem
815 785 1034 824 industriae
1062 790 1101 824 et
1127 784 1329 823 doctrinae
1363 797 1455 823 suae
1489 789 1717 835 posuerunt,

180 855 348 892 maxime
376 853 418 892 T.
439 853 678 904 Pomponius
705 852 868 901 Atticus,
896 852 974 902 qui,
1000 855 1044 889 ut
1070 849 1166 888 alios
1188 851 1272 889 eius
1292 849 1446 888 libellos
1473 862 1578 888 nune
1604 851 1717 888 omit-

180 925 276 969 tam,
315 920 433 958 etiam
465 920 505 956 in
539 916 669 956 annali
701 929 772 956 suo
806 914 879 955 ‘sie
912 916 1148 955 familiarum
1181 917 1375 967 originem
1411 915 1630 965 subtexuit,
1675 921 1719 954 ut

180 996 226 1023 ex
248 997 294 1023 eo
314 984 510 1022 clarorum
529 984 707 1021 uirorum
728 983 964 1033 propagines
985 982 1184 1033 possimus
1200 978 1454 1032 cognoscere’
1472 976 1606 1034 (Corn.
1622 979 1716 1031 Nep.

181 1051 255 1088 Ati.
280 1048 345 1100 18,
366 1046 424 1102 2).

268 1114 422 1153 Diserta
457 1119 589 1152 tamen
627 1114 746 1151 unius
787 1114 916 1163 gentis
955 1124 1073 1150 curae
1112 1111 1336 1162 gentiliciae
1375 1112 1564 1149 memoria
1603 1110 1717 1149 nobis

180 1186 334 1218 seruata
375 1184 451 1230 est,
491 1179 651 1217 Porciae
691 1173 907 1232 (plebeiae)
945 1190 965 1216 a
1002 1176 1126 1215 Gellio
1162 1173 1218 1230 (n.
1239 1176 1313 1215 Att.
1340 1174 1404 1227 13,
1426 1173 1495 1227 20,
1519 1172 1612 1230 17),
1651 1177 1718 1227 qui

180 1245 288 1284 locus
322 1257 410 1284 cum
445 1256 601 1283 omnem
635 1245 720 1283 eius
752 1244 958 1282 historiam
993 1242 1106 1281 libris
1143 1242 1438 1280 commentariis
1471 1246 1553 1280 tum
1586 1241 1718 1279 lauda-

180 1311 307 1349 tiones
328 1309 514 1349 funebres
537 1322 581 1348 ea
605 1309 910 1361 comprehensas
932 1320 1019 1347 esse
1041 1307 1172 1346 docet:
1205 1307 1320 1346 Haec
1341 1307 1546 1356 Sulpicius
1567 1308 1717 1356 Apolli·

179 1378 294 1414 naris
315 1377 573 1414 audientibus
593 1376 707 1413 nobis
727 1371 798 1426 [de
814 1376 924 1422 filiis,
951 1374 1172 1423 nepotibus,
1196 1374 1486 1422 pronepotibus
1507 1372 1562 1410 M.
1578 1373 1720 1411 Porcii

187 1441 351 1480 Catonis
383 1437 585 1493 Censorii]
612 1442 728 1479 dixit.
777 1452 882 1488 quae
898 1445 1045 1489 postea
1072 1441 1131 1478 ita
1157 1450 1253 1486 esse,
1279 1441 1340 1476 utz'
1367 1439 1544 1486 dixerat,
1572 1449 1717 1487 eoquo·

180 1509 327 1555 ulmus,
361 1518 450 1545 eum
477 1512 515 1544 et
540 1507 857 1544 laudationes
884 1505 1121 1554 funebres
1148 1508 1192 1542 et
1223 1505 1403 1542 librum
1430 1508 1717 1542 commenta-

180 1575 305 1610 rium
339 1572 388 1610 de
415 1571 579 1620 familia
613 1571 764 1610 Porcia
795 1573 1032 1619 [efferemus.
1084 1568 1181 1607 Nam
1215 1570 1293 1606 iam
1325 1569 1453 1620 primo
1487 1567 1634 1607 liberae
1661 1569 1719 1607 rei

179 1635 360 1687 publicae
387 1647 487 1674 anno
514 1635 554 1674 P.
570 1634 767 1674 Valerium
794 1634 835 1673 L.
857 1635 960 1674 lunii
980 1634 1093 1673 Bruti
1121 1633 1293 1684 collegae
1321 1635 1467 1672 mortui
1487 1635 1719 1672 memoriam

181 1700 337 1739 funebri
357 1702 533 1739 oratione
555 1713 626 1739 seu
653 1700 929 1739 laudatione
955 1705 1212 1751 prosecutum
1234 1711 1321 1738 esse
1342 1700 1567 1750 accepimus
1589 1696 1717 1753 (Dion.

179 1763 298 1817 5,st
325 1765 545 1817 Plut.Popl.
562 1763 599 1804 9.
627 1766 759 1804 Ioann.
773 1765 865 1816 Lyd.
879 1765 925 1804 de
938 1762 1135 1816 mag.133
1150 1777 1185 1816 p.
1201 1762 1285 1804 145
1297 1763 1366 1803 Bk.
1379 1760 1580 1818 34W.).³)
1615 1764 1719 1816 quod

180 1832 254 1870 etsi
281 1843 327 1870 ex
354 1831 541 1869 inferiore
569 1835 695 1869 aetate
723 1830 769 1869 ad
795 1830 902 1869 illam
931 1831 1178 1882 superiorem
1206 1829 1374 1868 relatum
1402 1842 1489 1868 esse
1515 1835 1718 1869 consenta-

179 1908 298 1935 neum
326 1902 402 1947 est,
435 1902 567 1935 tamen
594 1897 690 1947 quin
716 1897 749 1934 is
775 1908 879 1947 mos,
913 1908 1029 1947 quem
1057 1907 1211 1934 summa
1241 1897 1327 1934 eius
1361 1894 1620 1934 admiratione
1646 1896 1718 1933 im—

277 2019 310 2061 1)
337 2016 480 2051 Plinius
508 2017 598 2061 (nat.
620 2016 707 2051 hist.
730 2019 785 2058 35,
808 2019 878 2061 12),
906 2017 964 2051 cui
990 2015 1087 2050 hane
1112 2026 1191 2050 rem
1218 2015 1406 2057 debemus,
1445 2015 1544 2058 quod
1571 2015 1619 2049 ad
1645 2016 1719 2060 Ap·

181 2070 284 2114 pium
317 2069 514 2104 Claudium
547 2070 736 2104 consulem
769 2081 797 2104 a.
823 2073 903 2105 259.
923 2073 992 2104 495
1025 2068 1188 2107 rettulit.
1228 2068 1360 2103 erroris
1393 2067 1587 2103 conuictus
1614 2070 1671 2103 est
1697 2079 1718 2102 a

179 2123 408 2158 Mommseno
434 2123 458 2158 1.
485 2136 512 2158 s.
563 2134 661 2157 nune
693 2123 733 2158 B.
762 2123 951 2158 Starkium
987 2124 1134 2157 secutus
1168 2123 1341 2156 Muenzer
1372 2122 1536 2167 (Quellen
1562 2122 1596 2156 d.
1618 2123 1716 2157 Ptin.

179 2189 213 2222 p.
238 2180 304 2211 124
320 2188 373 2220 sq.
401 2177 448 2212 R.
470 2177 518 2212 E.
539 2177 588 2210 III
614 2187 643 2211 c.
666 2179 772 2221 2849)
798 2176 883 2211 ilios
911 2176 1049 2221 clipeos
1076 2178 1172 2221 App.
1195 2175 1393 2210 Claudium
1420 2175 1619 2210 Pulchrum
1645 2186 1716 2209 cos.

180 2241 209 2264 a.
232 2233 286 2264 79.
308 2233 376 2264 675
404 2230 548 2264 dicasse
575 2230 751 2273 coniecit,
787 2230 847 2264 cui
873 2230 1108 2264 coniecturae
1134 2228 1255 2272 fauet,
1283 2229 1382 2273 quod
1407 2228 1551 2263 Plinius
1576 2228 1716 2273 pergit:

181 2285 269 2318 Post
302 2295 382 2318 eum
409 2284 465 2318 M.
487 2284 669 2319 Aemilius
697 2284 831 2329 collega
857 2285 898 2317 in
924 2283 1117 2318 consulatu
1152 2283 1191 2328 Q.
1212 2282 1363 2318 Lutatii
1388 2282 1424 2327 (i.
1446 2293 1476 2317 e.
1505 2293 1536 2317 a.
1560 2285 1615 2316 78.
1636 2283 1718 2325 676)

180 2348 255 2372 non
281 2338 321 2371 in
347 2337 501 2372 basilica
525 2337 630 2372 modo
657 2338 835 2379 Aemilia,
874 2348 1002 2371 uerum
1040 2341 1072 2371 et
1104 2336 1203 2372 donzi
1227 2347 1315 2370 suae
1340 2336 1479 2380 posuit,
1511 2335 1550 2370 id
1581 2346 1719 2380 quoque

183 2390 326 2424 Martio
351 2391 519 2434 exemplo.

277 2444 312 2487 2)
338 2442 418 2477 Liu.
441 2447 496 2486 10,
519 2447 572 2485 19,
596 2447 651 2478 17.
679 2443 725 2478 cf.
745 2442 1070 2478 Jordan-Huelsen
1098 2443 1203 2478 Ro'm.
1230 2443 1380 2487 Topoyr.
1402 2442 1451 2476 111
1476 2454 1510 2486 p.
1533 2445 1600 2475 552
1617 2453 1669 2485 sq.

279 2498 313 2540 3)
341 2495 424 2530 Vid.
453 2496 498 2530 de
530 2496 814 2531 laudationibus
846 2496 1059 2531 Perizonius
1086 2495 1272 2530 animadu.
1300 2495 1386 2529 hist.
1413 2507 1448 2539 p.
1471 2498 1538 2528 213
1553 2506 1633 2538 sqq.
1661 2494 1716 2528 ed.

180 2549 284 2583 Harl.
299 2549 561 2584 Westermann
585 2550 708 2585 Gesch.
724 2550 759 2584 d.
774 2553 861 2584 ro'm.
878 2549 1166 2584 Beredtsamkeit
1183 2548 1199 2582 Ι
1219 2561 1254 2593 p.
1271 2552 1314 2583 29
1331 2561 1382 2592 sq.
1416 2548 1640 2583 Cadenbaeh
1662 2548 1718 2582 De

183 2603 338 2638 Roman.
354 2603 496 2637 laudat.
509 2608 600 2638 orat.
614 2603 653 2637 in
667 2614 788 2648 progr.
805 2603 951 2637 Essens.
969 2605 1070 2637 1832.
1098 2602 1324 2637 E.Huebner
1343 2602 1467 2636 Herm.
1483 2602 1498 2636 1
1512 2604 1627 2646 p.438
1637 2612 1715 2644 sqq.

181 2656 237 2690 Fr.
252 2655 419 2690 Vollmer
445 2657 726 2691 Laudationum
750 2657 962 2700 funebrium
983 2657 1237 2690 Romanorum
1255 2656 1409 2690 historia
1428 2658 1461 2688 et
1478 2655 1717 2698 reliquiarum

181 2709 290 2744 editio
311 2708 453 2753 (Suppl.
476 2720 560 2743 ann.
580 2709 672 2754 phil.
694 2709 811 2743 XVIII
836 2721 872 2753 p.
894 2709 1110 2742 447-5280,
1139 2708 1185 2743 cf.
1206 2709 1346 2743 Berlin.
1362 2709 1456 2753 phil.
1471 2708 1715 2742 Wochenschr.

182 2760 247 2796 XII
267 2761 393 2808 [1892]
421 2773 450 2796 e.
468 2764 676 2807 1421-24).
699 2783 744 2787 —-
764 2762 808 2795 H.
832 2761 962 2796 Graffii
983 2761 1027 2795 de
1049 2761 1300 2796 Romanorum
1320 2760 1598 2795 laudationibus
1619 2770 1717 2793 com-

181 2815 449 2849 mentationem
475 2815 633 2860 (Dorpat.
660 2816 765 2860 1862)
792 2826 864 2849 non
890 2815 990 2850 noui.
