2002 3342
309 220 495 249 CCLXXH
644 205 706 238 DE
734 203 1039 238 SCRIPTORVM
1068 203 1188 237 V1T1s
1216 203 1276 236 ET
1304 202 1510 238 5131111115

310 316 501 355 scriberet
525 312 713 368 (uidXol.
733 315 762 352 {l
780 311 906 367 p.1V)‚
927 320 993 352 aut
1014 314 1204 352 lustinum
1227 309 1287 366 (in
1308 314 1396 351 hist.
1417 313 1581 365 Philipp.
1596 314 1713 364 praef.
1729 311 1774 366 5)
1796 328 1837 354 56

309 383 506 432 epitomen
522 393 631 418 suam
645 393 721 418 non
737 386 814 418 tam
828 379 1088 429 cognoscendi
1102 391 1217 429 quam
1234 378 1467 417 emendandi
1480 391 1595 417 causa
1610 379 1656 416 ad
1669 381 1837 418 amicum

309 447 479 497 aliquem
501 446 768 483 transmisisse
797 444 1046 482 simulantem
1074 448 1139 482 aut
1160 443 1373 481 Ausonium
1396 442 1450 493 (p.
1469 441 1551 481 169
1573 443 1612 481 1¹.
1632 441 1714 482 104
1730 441 1837 497 Sch.)

308 511 547 562 Drepanium
575 509 850 561 proconsulem
878 509 1166 558 adhortantem‚
1199 514 1242 546 ut
1275 508 1416 546 librum
1445 509 1718 547 transmissum
1747 511 1839 547 reti-

311 582 418 627 neat7
445 577 522 614 nisi
548 575 752 626 placuerit.
793 574 862 612 sed
896 574 1081 612 Lucullus
1109 580 1240 611 utrum
1275 574 1390 610 amici
1418 572 1601 624 precibus
1628 572 1838 612 obsecutus

311 643 362 680 sit
381 654 429 680 an
451 642 535 679 eius
557 640 677 679 indoli
699 646 736 678 et
757 641 891 689 generi
913 639 1041 678 subito
1064 638 1263 677 scribendi
1283 638 1509 676 uerecunde
1530 651 1691 689 parcere
1712 651 1839 689 neque

309 706 521 757 quidquam
555 712 706 743 mutare
739 705 938 754 maluerit⁷
972 706 1181 742 nescimus.
1226 703 1300 741 hoc
1334 704 1367 741 si
1400 704 1509 754 fecit,
1542 703 1676 742 eadem
1704 704 1839 743 iudicii

310 771 502 821 elegantia
525 770 664 809 ductus
686 776 755 821 est,
777 782 851 820 qua
867 770 1016 819 Cicero,
1038 771 1111 807 etsi
1133 768 1275 807 Caesar
1297 770 1597 806 commentarios
1619 782 1709 807 suos
1736 782 1839 807 com-

310 849 461 888 ponens
497 835 592 874 alios
628 835 772 873 habere
807 835 995 873 uoluisset
1031 840 1176 885 parata,
1209 833 1313 872 unde
1348 839 1561 884 sumerent,
1595 835 1661 884 qui
1692 834 1841 873 uellent

309 901 486 940 scribere
514 901 731 947 historiam,
760 912 847 938 eum
877 912 973 950 pura
1001 905 1040 937 et
1061 899 1218 938 inlustri
1240 911 1307 936 sua
1328 898 1523 937 breuitate
1546 911 1661 937 sanos
1682 899 1840 950 quidem

309 966 445 1005 iudicii
471 966 651 1004 homines
680 965 920 1003 deterruisse
949 960 1199 1018 adnotauiffl)

400 1031 575 1070 Fuerunt
601 1030 759 1081 quidem
788 1031 853 1081 qui
882 1042 970 1068 cum
1003 1029 1197 1067 Heerenio
1227 1026 1299 1081 (De
1328 1029 1420 1067 font.
1442 1028 1541 1067 Plut.
1563 1041 1598 1079 p.
1623 1025 1725 1081 1:31)
1755 1029 1839 1068 Sul-

309 1097 385 1135 lam
425 1109 642 1135 sermone
682 1097 837 1147 patrio
877 1107 992 1133 usum
1032 1107 1118 1133 esse
1157 1101 1357 1145 negarent,
1395 1094 1475 1145 5611,
1510 1107 1597 1132 cum
1632 1094 1840 1133 Sallustius

310 1158 567 1215 (lug-9573)
608 1174 697 1199 eum
736 1161 878 1199 litteris
918 1159 1078 1198 Graecis
1118 1165 1234 1210 atque
1274 1159 1421 1197 Latinis
1458 1161 1563 1197 iuxta
1604 1164 1718 1210 atque
1753 1159 1841 1198 doc-

310 1229 459 1266 tissime
487 1225 686 1265 eruditum
713 1226 835 1264 fuisse
864 1225 1023 1275 dixerit,
1057 1230 1172 1275 atque
1206 1224 1269 1262 ille
1303 1226 1420 1262 etiam
1454 1223 1674 1262 comoedias
1702 1224 1838 1264 Latino

309 1304 490 1331 sermone
513 1290 732 1329 condiderit
742 1287 788 1344 ²),
809 1303 887 1328 non
907 1290 1034 1340 uideo,
1058 1302 1128 1328 cur
1147 1291 1385 1339 uersionem,
1407 1289 1453 1327 de
1475 1301 1549 1339 qua
1571 1289 1667 1326 nihil
1688 1292 1839 1341 accepi-

309 1368 408 1407 mus,
430 1368 506 1394 non
528 1357 634 1407 ipsos
657 1355 786 1393 Sullae
808 1356 1111 1393 commentarios
1132 1356 1378 1405 inspexerint
1399 1354 1545 1392 Gellius
1564 1360 1602 1392 et
1616 1354 1841 1394 Priscianus

309 1421 372 1460 uel
401 1433 536 1459 eorum
565 1426 758 1471 aurtores7
786 1433 874 1458 cum
903 1420 1037 1458 Latina
1066 1421 1149 1458 eius
1176 1419 1297 1458 uerba
1319 1419 1518 1457 adferrent
1547 1414 1611 1472 (fr.
1633 1417 1670 1457 2.
1693 1417 1730 1458 3.
1753 1416 1840 1474 20).

309 1486 461 1525 accedit
488 1487 603 1524 etiam
633 1485 748 1524 aliud.
782 1485 849 1523 ubi
877 1486 980 1523 enim
1011 1485 1241 1523 Plutarchus
1270 1484 1316 1523 de
1343 1484 1484 1522 Felicis
1512 1487 1742 1535 cognomine
1763 1487 1843 1536 agit

309 1548 360 1603 (c.
383 1547 471 1604 234)7
497 1551 593 1589 haec
627 1552 718 1589 l'acit
750 1550 890 1589 uerba:
924 1547 1150 1589 ἐκέλευσεν
1184 1546 1340 1589 ἑαυτὸν
1369 1546 1437 1589 ἐπὶ
1464 1548 1637 1595 τούτοις
1662 1547 1839 1603 Εὐτυχῆ

309 1615 734 1668 προσαγορεύεσθαι.
768 1619 898 1654 τοῦτο
921 1614 1002 1667 γὰρ
1025 1612 1047 1654 ὁ
1073 1612 1210 1666 Φῆλιξ
1230 1613 1416 1667 μάλιστα
1436 1613 1642 1666 βούλεται
1663 1613 1840 1666 δηλοῦν.

311 1680 443 1728 αὐτὸς
470 1676 517 1720 δὲ
544 1685 635 1727 τοῖς
650 1678 831 1732 “Elatum
853 1679 1038 1731 γράφων
1059 1677 1130 1719 καὶ
1151 1679 1424 1732 χρηματίζων
1446 1676 1603 1718 ἑαυτὸν
1623 1675 1841 1731 Ἐπαφρό-

311 1745 436 1786 διτον
462 1743 714 1798 ἀνηγόρευε.
760 1758 848 1783 nam
884 1747 915 1783 si
944 1745 1090 1783 Graece
1118 1746 1389 1783 commentarii
1417 1746 1555 1795 scripti
1589 1751 1737 1795 6556111,
1771 1757 1842 1783 cur

312 1811 489 1850 Latinam
517 1812 884 1861 interpretationem
912 1808 1089 1848 addidit?

397 1877 769 1927 Inscriptionem
803 1877 925 1914 octies
958 1872 1286 1928 Plutarcliustffr.
1309 1872 1346 1913 8.
1371 1873 1476 1913 ΙΟΑ.
1503 1873 1566 1913 11.
1592 1873 1656 1913 12.
1685 1872 1748 1913 13.
1774 1873 1838 1913 16.

312 1940 376 1980 17.
398 1938 473 1994 21)
500 1939 789 1993 ὑπομνήματα
812 1940 916 1991 dicit,
944 1940 1080 1979 Cicero
1109 1940 1173 1993 (fr.
1197 1938 1242 1992 9)
1271 1940 1492 1992 historiam3
1521 1939 1668 1978 Gellius
1691 1938 1839 1978 ‘rerum

310 2012 509 2057 gestarum
542 2006 685 2044 librum
719 2003 952 2044 secundum’
980 2005 1040 2043 bis
1067 2002 1081 2053 <
1089 2006 1134 2043 fr.
1157 2004 1193 2043 2.
1215 2002 1260 2058 3)
1291 2007 1395 2056 citat,
1423 2005 1649 2043 Priscianus
1677 2000 1742 2057 (fr.
1765 2001 1839 2059 20)

277 2069 279 2071 ’
309 2073 545 2110 uicesimum
572 2073 742 2122 primum
771 2068 921 2109 ererum
949 2069 1137 2120 suarum’,
1165 2070 1400 2121 quibuscum
1428 2071 1626 2108 consentit
1650 2082 1728 2108 uno
1754 2070 1839 2109 loco

308 2137 542 2175 Plutarchus
576 2133 640 2189 (fr.
666 2133 728 2190 1):
761 2134 833 2174 καὶ
866 2133 1044 2181 Σύλλας
1076 2134 1150 2181 τὰς
1182 2132 1341 2174 ἑαυτοῦ
1366 2132 1542 2188 πράξεις
1568 2133 1839 2188 ἀναγράφων

308 2199 459 2256 ἐκείνῳ
497 2200 855 2253 προσεφώνησεν.
912 2200 1016 2240 1111116
1056 2198 1254 2253 (neglecto
1294 2200 1496 2239 Ciceronis
1534 2201 1757 2239 testimonio
1795 2205 1839 2239 ut

308 2280 444 2318 parum
480 2263 680 2318 accurato)
709 2279 797 2305 cum
831 2266 958 2317 aliqua
990 2265 1276 2317 probabilitatis
1310 2267 1440 2317 specie
1474 2265 1594 2303 libros
1627 2266 1839 2316 inscriptos

309 2333 430 2371 fuisse
458 2332 629 2370 efficitur
656 2333 1030 2371 commentarios
1056 2343 1218 2370 rerum
1242 2326 1541 2384 qestarumf‘)

406 2437 437 2479 1)
464 2435 562 2468 Brut.
587 2438 640 2476 75,
662 2437 741 2468 262.
770 2433 814 2468 cf.
837 2433 932 2467 Hirt.
954 2433 987 2466 b.
1011 2432 1106 2467 Gall.
1128 2436 1149 2467 8
1175 2445 1227 2477 pr.
1250 2436 1281 2466 ἴ).

405 2490 438 2531 2)
466 2488 597 2522 Athen.
620 2491 640 2521 6
666 2499 702 2531 p.
725 2490 837 2521 2610:
868 2484 1055 2527 Νικόλαος
1081 2484 1116 2520 δ’
1147 2487 1187 2521 ἐν
1218 2491 1261 2530 τῇ
1295 2483 1432 2531 ἑβδόμῃ
1459 2485 1523 2519 καὶ
1557 2484 1732 2529 ἑκατοστῇ
1765 2490 1838 2519 τῶν

312 2541 482 2584 ἱστοριῶν
510 2541 657 2575 Σύλλαν
685 2541 776 2583 φησὶ
802 2540 866 2574 τὸν
888 2538 1077 2584 Ῥωμαίων
1104 2539 1308 2584 στρατηγὸν
1335 2538 1429 2573 οὕτω
1456 2536 1599 2583 χαίρειν
1626 2536 1749 2582 μίμοις
1774 2538 1840 2572 καὶ

309 2597 565 2639 γελωτοποιοῖς
591 2593 794 2638 φιλογέλων
820 2592 1030 2638 γενόμενον,
1057 2593 1106 2632 ὡς
1130 2593 1193 2626 καὶ
1219 2591 1335 2626 πολλὰ
1362 2596 1429 2636 γῆς
1454 2590 1566 2635 μέτρα
1591 2591 1717 2630 αὐτοῖς
1736 2589 1839 2636 χαρί-

309 2650 439 2688 ζεσθαι
464 2652 527 2691 τῆς
547 2645 737 2691 δημοσίας.
766 2645 1007 2691 ἐμφανίζουσι
1028 2644 1063 2680 δ’
1089 2646 1204 2680 αὐτοῦ
1230 2645 1270 2679 τὸ
1297 2646 1381 2688 περὶ
1407 2650 1523 2678 ταῦτα
1549 2643 1677 2687 ἱλαρὸν
1704 2644 1742 2678 αἱ
1769 2642 1831 2678 ὑπ’

309 2701 424 2736 αὐτοῦ
452 2707 646 2746 γραφεῖσαι
676 2701 870 2743 σατυρικαὶ
896 2697 1088 2744 κωμῳδίαι
1113 2699 1151 2733 ἐν
1177 2697 1318 2744 πατρίῳ
1345 2703 1462 2742 φωνῇ.

405 2756 440 2797 3)
467 2753 518 2788 Cf.
547 2753 659 2788 Cicer.
693 2753 732 2787 in
758 2753 921 2798 epistula
946 2752 1013 2786 illa
1046 2752 1093 2785 ad
1125 2751 1325 2786 Lucceium
1357 2751 1445 2785 data
1478 2754 1509 2793 5,
1538 2754 1592 2793 12,
1621 2753 1675 2794 10,
1707 2749 1773 2784 ubi
1799 2760 1837 2784 se

312 2806 611 2841 ‘commentarios
638 2818 759 2840 rerum
786 2806 965 2840 omnium’
994 2806 1033 2839 in
1059 2804 1160 2839 illius
1187 2816 1295 2838 usum
1328 2804 1582 2838 confecturum
1617 2815 1696 2838 esse
1728 2803 1837 2848 polli-

309 2863 423 2895 cetur.

1961 3191 1983 3290 1

1964 3293 1986 3342 ,³-
