2002 3342
280 218 465 247 cccxxx
612 203 674 236 DE
702 202 1007 237 SCRIPTORVM
1035 201 1158 236 vms
1185 202 1245 236 ET
1272 202 1481 237 sommis

279 322 361 354 tum
395 327 482 351 esse
516 315 633 352 etiam
667 313 739 351 alia
774 313 919 351 iudicia
954 313 1178 364 significant
1210 312 1420 365 (Muenzer
1445 313 1498 351 De
1526 325 1559 363 g.
1581 313 1657 351 Val.
1687 326 1721 363 p.
1747 311 1812 351 10.

286 381 512 426 Ouellenlcr.
539 393 574 430 p.
598 376 720 432 235):
756 379 973 417 Inuenilur
1005 384 1142 417 statua
1180 380 1347 418 decreta
1374 384 1412 417 et
1449 379 1649 417 Taraciae
1686 379 1813 416 Gaiae

276 448 365 484 siue
386 445 573 494 Fufetiae
593 447 750 492 uirffl'ni
774 444 932 491 Vestali,
961 442 1019 482 ‘ut
1036 449 1266 492 poneretur
1286 445 1356 482 ubi
1374 441 1521 492 uellet’,
1550 445 1658 492 quod
1676 445 1812 482 adiec-

279 516 360 548 tum
386 522 464 548 mm
493 513 625 548 minus
650 511 818 548 honoris
842 510 963 547 habet
989 521 1110 557 quam
1131 509 1312 558 feminae
1332 521 1417 548 esse
1437 510 1655 547 decretum.
1694 511 1811 547 meri-

278 581 359 613 tum
382 578 467 613 elas
488 577 616 624 ipsius
626 586 780 623 ponam
802 576 1054 612 annalium
1076 575 1213 612 uerbis
1233 570 1358 622 ‘quod
1376 585 1559 623 campum
1586 573 1813 612 Tiberinum

275 642 516 688 qratificala
543 645 644 678 esset
671 651 719 678 ea
738 637 918 688 popula'.

368 704 480 743 Nunc
515 706 773 755 peruenimus
808 703 855 742 ad
890 703 1214 754 Plutarchum,
1251 705 1362 742 cuius
1394 705 1471 741 iam
1505 715 1620 754 saepe
1652 708 1814 754 propter

278 769 452 808 Valeriae
491 771 618 821 gentis
653 769 951 808 admirationem
987 770 1228 807 mentionem
1262 770 1438 807 fecimus.
1484 780 1574 806 nam
1606 780 1695 806 cum
1728 769 1812 806 eius

277 836 491 873 interesset
522 835 757 886 Poplicolam
792 847 907 885 quam
943 835 1111 872 maxime
1145 833 1192 872 ad
1224 835 1413 872 uirtutem
1441 833 1611 883 Solonis,
1645 845 1813 884 quocum

279 912 367 938 eum
396 901 649 951 comparauit,
678 899 864 938 extollere
892 905 930 937 et
957 899 1180 950 inlustrare,
1207 911 1321 938 nemo
1344 900 1378 937 ei
1399 898 1623 937 uberiorem
1651 904 1690 936 et
1709 910 1813 936 com-

280 965 498 1004 modiorem
520 967 724 1004 materiam
745 964 936 1016 praehere
957 965 1084 1015 potuit
1105 977 1220 1015 quam
1241 965 1389 1013 Antias,
1417 965 1484 1015 qui
1505 965 1540 1003 ei
1561 976 1606 1002 ex
1628 963 1813 1013 Varrone,

280 1031 402 1080 Liuio7
429 1030 612 1081 Dionysio
641 1031 735 1068 satis
763 1036 878 1068 notus
904 1035 998 1068 erat.
1039 1031 1169 1081 itaque
1192 1042 1280 1068 eum
1302 1031 1341 1068 in
1363 1029 1475 1068 libris
1496 1028 1651 1068 Romuli
1673 1024 1814 1080 (f1·.3),

277 1095 427 1134 Numae
445 1090 510 1148 (fr.
529 1092 585 1149 7),
607 1095 817 1134 Flaminini
833 1092 896 1148 (fr.
912 1092 968 1133 48
991 1091 1097 1148 adn.)
1121 1100 1158 1133 et
1177 1096 1217 1133 in
1239 1095 1339 1133 libro
1362 1095 1408 1133 de
1431 1095 1516 1133 fort.
1532 1094 1640 1132 Rom.
1657 1089 1723 1146 (fr.
1742 1090 1812 1146 12)

278 1156 463 1214 citauit..²)
505 1160 573 1198 sed
602 1161 717 1198 etiam
746 1165 867 1198 totam
888 1161 1009 1198 uitam
1038 1161 1230 1211 principis
1251 1162 1378 1211 gentis
1398 1160 1572 1199 Valeriae
1594 1158 1811 1198 secundum

277 1225 382 1263 illius
419 1227 691 1263 auctoritatem
728 1227 944 1276 pertexuit,
979 1225 1020 1263 id
1056 1225 1160 1276 quod
1196 1231 1283 1276 post
1316 1225 1596 1276 Kiesslingium
1628 1238 1664 1276 p.
1687 1222 1738 1262 21
1756 1236 1811 1274 sq.

276 1290 456 1341 pluribus
478 1291 731 1341 exposuimus
754 1291 947 1341 nouisque
970 1292 1213 1340 argumentis
1235 1290 1498 1329 stabiliuimus
1516 1292 1576 1329 De
1591 1290 1692 1340 font.
1709 1290 1812 1328 Plus.

277 1352 555 1408 1).45-—51.2J)
594 1357 767 1406 primum
801 1357 907 1394 enim
938 1356 1035 1395 haec
1067 1355 1185 1394 Plinii
1218 1355 1341 1394 uerba
1374 1355 1421 1394 ad
1455 1356 1650 1394 Antiatem
1683 1354 1812 1393 redire

277 1420 475 1471 Kiessling
501 1420 645 1459 indicis
672 1433 744 1471 ope
769 1420 962 1459 conclusit
982 1419 1050 1472 28,
1068 1419 1139 1460 16:
1167 1422 1320 1460 Iterum
1347 1423 1391 1460 id
1410 1423 1611 1460 accidisse
1632 1422 1812 1466 tradunt,

277 1498 366 1524 cum
394 1490 434 1524 in
464 1486 677 1536 fastiye‘um
708 1488 885 1525 eiusdem
913 1488 1073 1525 delubri
1094 1493 1380 1536 praeparatae
1412 1488 1643 1535 quadriyae
1665 1487 1813 1533 fictiles

276 1554 316 1590 in
353 1551 528 1600 fornace
565 1554 808 1599 creuissent,
848 1554 993 1590 iterum
1031 1554 1154 1590 simili
1192 1553 1307 1591 modo
1347 1557 1545 1591 retentum
1581 1553 1811 1600 (maurium,

277 1616 492 1667 eademque
520 1629 703 1655 narrasse
725 1616 976 1655 Plutarchum
1004 1619 1156 1655 monuit
1176 1613 1227 1669 (c.
1253 1614 1344 1670 13):
1379 1617 1475 1656 Τῶν
1497 1614 1544 1656 δὲ
1572 1616 1812 1668 Τυρρηνῶν

277 1678 662 1731 διαπεπλασμένον
682 1680 730 1720 τὸ
751 1679 1000 1733 τέθριππον
1022 1678 1304 1733 ἐμβαλόντων
1326 1680 1387 1728 εἰς
1407 1679 1596 1732 κάμινον
1616 1677 1696 1719 οὐκ
1711 1675 1811 1718 ἔπα-

275 1748 380 1794 θεν,
414 1744 439 1785 ἃ
466 1751 657 1798 προσῆκε
691 1745 871 1798 πάσχειν
897 1745 1037 1798 πηλὸν
1062 1743 1111 1786 ἐν
1137 1746 1258 1798 πυρί,
1285 1748 1569 1785 πυκνοῦσθαι
1595 1742 1666 1784 καὶ
1693 1754 1812 1784 συνι-

277 1808 437 1860 ζάνειν,
465 1808 754 1863 ἐκτηκομένης
784 1816 859 1863 τῆς
885 1809 1143 1864 ὑγρότητος·
1177 1808 1269 1850 ἀλλ’
1304 1808 1449 1862 ἐξέστη
1476 1808 1547 1850 καὶ
1575 1805 1713 1865 ᾤδησε
1739 1806 1810 1848 καὶ

276 1873 464 1929 μέγεθος
489 1872 616 1929 ἔσχεν
645 1875 731 1928 ἅμα
758 1875 879 1929 ῥώμῃ
907 1873 978 1916 καὶ
1007 1875 1267 1929 σκληρότητι
1292 1880 1506 1916 τοσοῦτον
1525 1877 1614 1915 κτλ.
1654 1881 1736 1914 tum
1765 1887 1809 1913 ex

276 1954 385 1980 more
419 1941 484 1980 illo
520 1954 595 1993 quo
624 1941 772 1981 Gellius
803 1942 970 1981 eundem
1000 1947 1200 1981 auctorem
1228 1954 1299 1993 per
1325 1941 1526 1993 complura
1553 1943 1678 1992 capita
1707 1953 1810 1979 com·

276 2007 398 2058 pilare
420 2007 568 2046 solebat
590 2004 800 2055 (Mercklin
828 2009 1071 2047 Ciliermetlz.
1094 2020 1130 2058 p.
1147 2005 1233 2046 664
1245 2003 1360 2060 sqq),
1388 2009 1505 2045 etiam
1534 2019 1590 2057 ea,
1616 2019 1715 2057 quae
1735 2006 1810 2044 An-

276 2074 381 2111 tiatis
410 2073 454 2111 fr.
474 2071 493 2110 1
524 2074 563 2111 in
598 2072 734 2111 eodem
763 2074 889 2124 capite
917 2072 1171 2123 antecedunt,
1205 2085 1251 2111 ex
1279 2072 1416 2111 eodem
1446 2072 1583 2110 hausta
1611 2084 1697 2110 esse
1722 2072 1810 2110 ueri

277 2137 404 2176 simile
433 2143 489 2176 est
499 2168 508 2188 ,
536 2143 651 2189 atque
679 2150 769 2176 cum
797 2137 933 2176 eadem
960 2137 1088 2176 fabula
1115 2139 1232 2176 etiam
1260 2151 1279 2176 a
1307 2137 1515 2176 Plutarcho
1543 2138 1719 2188 exposita
1747 2138 1809 2187 sit,

276 2208 313 2241 et
342 2215 440 2254 quae
469 2202 515 2241 de
543 2202 657 2241 Gellii
685 2209 723 2241 et
748 2216 847 2254 quae
876 2203 922 2242 de
949 2203 1148 2241 Plutarchi
1176 2203 1281 2241 fonte
1310 2201 1489 2241 arbitrati
1517 2214 1653 2241 sumus
1682 2201 1808 2240 denuo

277 2268 571 2307 confirmantur.
599 2268 673 2307 loci
700 2268 787 2307 hice
815 2274 924 2307 sunt:

617 2345 712 2383 Gen.
743 2345 779 2395 τ,
797 2344 818 2383 7
1431 2344 1528 2383 Plut.
1557 2341 1582 2382 8

337 2417 473 2454 Aecae
494 2417 716 2455 Larentiae
743 2423 780 2455 el
812 2417 939 2455 Gaiae
964 2417 1166 2456 Taraciae
1250 2412 1396 2454 ’Ένιοι
1425 2410 1472 2453 δὲ
1493 2419 1624 2454 τοῦτο
1647 2424 1807 2465 συμπε-

275 2484 363 2519 siue
390 2483 461 2520 illa
482 2481 645 2531 Fufetia
672 2487 741 2530 est,
772 2485 935 2520 nomina
963 2485 1009 2521 in
1038 2485 1164 2520 antr'-
1205 2486 1299 2520 σεῑν
1333 2479 1590 2532 ἱστοροῦσιν
1623 2478 1702 2532 οὐχ
1737 2477 1808 2519 ὅτε

374 2597 405 2636 1)
433 2596 472 2628 In
498 2595 578 2629 uita
598 2595 754 2629 Flamin.
778 2595 999 2629 Plutarchus
1025 2607 1160 2630 nomen
1181 2594 1344 2629 Antiatis
1372 2605 1415 2628 ex
1435 2594 1540 2628 Liuio
1568 2594 1727 2638 sumpsit
1745 2605 1809 2628 ne-

275 2659 348 2691 que
375 2648 467 2682 alios
494 2648 604 2691 locos,
630 2651 672 2683 ut
697 2649 857 2691 uidetur,
885 2660 929 2683 ex
954 2649 1046 2693 ipso.
1085 2648 1182 2683 ultra
1208 2648 1328 2692 prima
1348 2647 1486 2681 liberae
1506 2647 1560 2682 rei
1579 2660 1614 2692 p.
1638 2649 1808 2692 tempora.

275 2701 466 2736 Plutarchi
491 2701 602 2736 lectio
629 2702 790 2736 Antiatis
816 2713 890 2736 non
915 2713 1112 2747 progressa
1138 2703 1204 2736 ests.

373 2757 406 2799 ⁶2>
434 2754 678 2789 Consentiunt
691 2755 897 2798 nobiscum,
916 2758 959 2789 ut:
978 2757 1052 2789 tres
1072 2755 1308 2800 potissimum
1321 2754 1566 2798 nominemus,
1587 2754 1807 2789 Gutschmid

277 2808 339 2842 Kz.
363 2808 460 2842 Scler.
484 2808 514 2841 V
534 2820 567 2852 p.
585 2812 670 2850 5303
711 2809 885 2842 Muenzer
910 2808 964 2843 De
985 2821 1019 2853 g.
1040 2808 1119 2843 Val.
1147 2821 1182 2852 p.
1205 2811 1224 2842 9
1240 2819 1337 2852 sqq.3
1377 2807 1417 2842 Ο.
1438 2807 1606 2842 Bockseh
1634 2809 1691 2843 De
1715 2809 1806 2851 font.

275 2862 363 2895 libri
386 2862 419 2896 V
434 2866 464 2896 et
486 2862 541 2895 1⁷1
559 2862 671 2905 antiq.
695 2862 807 2896 Dion.
829 2861 930 2905 (diss.
945 2861 1043 2906 Lips.
1064 2862 1100 2896 in
1121 2861 1218 2897 stud.
1240 2861 1340 2905 Lips.
1361 2860 1459 2895 XVII
1478 2872 1513 2905 p.
1532 2864 1742 2906 165—274).
