2002 3342
292 225 525 255 CCLXXXVI
627 212 689 246 DE
718 211 1022 247 SCRIPTORVM
1050 213 1171 248 ViTis
1198 213 1259 247 ET
1286 213 1493 248 SCRIPTIS

290 322 440 361 Krause
463 319 516 373 (p.
534 319 638 377 243)
661 324 884 373 suspicatus
906 328 982 375 est,
1010 323 1049 361 id
1069 336 1191 362 unum
1212 336 1282 374 pro
1305 329 1411 362 certo
1436 337 1582 375 ponere
1604 325 1706 375 licet„
1734 338 1822 364 611111

290 400 367 426 11011
397 388 553 426 duxisse
581 389 773 438 originem
807 400 826 425 e
859 390 1023 439 patricia
1052 388 1303 427 Claudiorum
1331 388 1475 426 familia
1504 394 1569 427 aut
1596 402 1641 428 ex
1669 389 1823 440 plebeia

290 452 580 504 Marcellorum,
613 454 653 490 in
681 453 823 503 quihus
851 453 985 498 Quinti
1018 465 1258 504 praenomen
1290 454 1367 491 nisi
1401 454 1522 492 semel
1555 455 1712 492 omnino
1744 467 1822 493 non

292 517 423 556 datum
445 529 532 556 esse
558 523 710 556 constet
733 513 799 571 (cf.
815 518 1031 557 Mommsen
1054 519 1189 557 Boem.
1206 518 1401 557 Forscle.l
1421 531 1456 569 p.
1475 515 1560 573 15).
1594 519 1698 558 unde
1723 519 1822 564 Qua-

292 582 487 632 drigarius
515 584 739 621 nominatus
767 584 818 621 sit
841 589 907 622 aut.
934 585 1069 634 ipsene
1096 585 1248 634 primus
1275 596 1322 621 an
1349 584 1425 621 iam
1445 595 1547 622 unus
1572 596 1617 621 ex
1640 585 1723 622 eius
1744 596 1822 622 ma-

288 647 450 697 ioribus,
479 647 639 686 dubium
672 653 749 700 est,
775 660 865 687 nam
892 647 988 686 illud
1017 647 1297 686 adminiculum
1320 647 1472 699 defecit,
1499 660 1575 698 quo
1597 648 1638 686 L.
1659 648 1823 686 Voltaci-

288 711 384 750 lium
417 712 635 751 pitholaum
668 710 855 763 ‘primum
888 715 1063 751 omnium
1100 713 1374 751 libertinorum
1408 712 1582 751 scribere
1618 713 1820 752 historiam

289 789 422 815 orsum
446 776 548 816 esse’
572 777 794 828 didicimus,
822 790 910 816 cum
933 791 1021 816 eum
1044 777 1247 828 aequalem
1275 777 1355 816 sere
1378 777 1498 816 fuisse
1520 777 1637 816 huius
1658 777 1822 822 Quadri-

287 843 385 892 garii
406 842 710 881 existimandum
732 844 783 881 sit
809 838 877 896 (cs.
898 856 933 893 p.
950 838 1223 897 CCLXXXIH),
1250 854 1366 893 quem
1388 842 1546 893 quidem
1572 844 1666 881 item
1694 855 1821 893 gram-

286 913 520 946 maticorum
549 907 723 946 doctrina
752 908 1033 959 rhetorumque
1062 913 1143 946 arte
1171 906 1370 945 eruditum
1404 907 1525 945 fuisse
1554 920 1599 945 ex
1627 908 1821 958 fragmen-

286 974 337 1010 tis
366 970 543 1026 elucet.¹)

378 1037 570 1082 Quoniam
598 1039 718 1088 igitur
744 1037 858 1076 nobis
885 1050 962 1076 non
984 1039 1160 1088 contigit,
1186 1043 1230 1075 ut
1252 1036 1297 1075 de
1324 1036 1496 1075 hominis
1522 1038 1604 1075 uita
1630 1036 1741 1088 plura
1769 1037 1821 1074 af—

286 1103 494 1153 ferremus,
515 1115 724 1153 pergamus
746 1102 793 1140 ad
814 1102 878 1140 111]
889 1115 937 1140 10
948 1115 983 1154 s,
1005 1115 1172 1154 quorum
1194 1101 1298 1141 haud
1319 1104 1458 1152 exigua
1474 1107 1512 1141 et
1526 1107 1633 1140 certa
1653 1102 1821 1152 uestigia

286 1167 333 1205 ad
360 1180 431 1206 nos
457 1180 690 1218 peruenere,
719 1167 852 1218 quales
880 1167 1027 1206 fuerint
1048 1166 1351 1216 adumbrandos,
1376 1167 1480 1206 unde
1503 1169 1619 1205 etiam
1641 1167 1687 1205 ad
1708 1172 1819 1205 natu-

286 1245 368 1271 ram
389 1234 671 1283 ingeniumque
693 1233 778 1271 eius
800 1233 866 1283 qui
882 1234 1041 1284 scripsit
1057 1232 1373 1283 cognoscendum
1394 1245 1517 1282 pauca
1534 1231 1819 1271 redundabunt.

375 1298 638 1349 Inscriptio
676 1297 843 1336 traditur
879 1298 1095 1348 annalium,
1135 1310 1155 1335 a
1191 1297 1284 1336 solis
1320 1296 1507 1335 Diomede
1546 1303 1583 1335 et
1618 1297 1820 1335 Prisciano

285 1363 452 1413 singulis
479 1360 844 1416 locis(s1·.71.49)
872 1363 1138 1401 historiarum.
1178 1362 1267 1401 Res
1295 1361 1523 1400 deductas
1551 1374 1637 1400 esse
1665 1374 1682 1399 a
1713 1361 1819 1400 clade

286 1427 429 1467 Gallica
457 1441 487 1466 a.
510 1425 608 1466 390.
630 1425 716 1466 364
744 1440 790 1466 ex
818 1428 1066 1479 fragmentis,
1097 1440 1264 1478 quorum
1292 1426 1443 1465 nullum
1471 1439 1555 1465 rem
1583 1428 1705 1477 tangit
1731 1432 1819 1464 ante

286 1493 513 1532 incendium
546 1493 643 1531 illud
676 1498 842 1544 gestam,
879 1495 1148 1544 percepimus,
1181 1505 1309 1543 neque
1347 1497 1477 1531 tamen
1511 1491 1654 1543 quihus
1691 1493 1820 1530 causis

285 1558 477 1598 adductus
505 1558 550 1597 ab
579 1559 652 1596 hoc
673 1571 774 1597 anno
796 1558 997 1597 scribendi
1024 1559 1181 1596 initium
1203 1559 1343 1596 fecerit
1363 1557 1426 1596 hic
1448 1556 1645 1596 Claudius.
1685 1569 1817 1607 quam-

286 1637 400 1674 quam
422 1625 487 1662 uix
508 1625 653 1675 poterit
675 1623 857 1675 dubitari,
880 1625 974 1675 quin
991 1623 1150 1662 eaedem
1173 1624 1321 1662 fuerint
1335 1635 1434 1674 quae
1450 1622 1574 1673 Liuio,
1596 1635 1685 1661 cum
1706 1623 1819 1660 initio

283 1689 373 1727 libri
395 1687 420 1728 6
443 1702 473 1727 c.
492 1688 512 1727 1
538 1702 578 1727 se
603 1688 782 1727 ‘clariora
806 1689 992 1740 deinceps
1013 1690 1259 1739 certioraque
1282 1687 1327 1727 ab
1351 1687 1523 1726 secunda
1544 1688 1695 1737 origine
1710 1686 1820 1725 uelut

283 1753 329 1792 ab
351 1754 542 1805 stirpibus
563 1754 702 1792 laetius
725 1755 972 1805 feraciusque
995 1760 1153 1792 renatae
1175 1753 1286 1792 urhis
1308 1758 1415 1803 gesta
1435 1752 1537 1791 domi
1560 1750 1817 1802 militiaeque’

283 1822 555 1870 expositurum
582 1831 669 1858 esse
699 1819 858 1858 diceret.
900 1832 963 1858 res
991 1820 1095 1857 enim
1123 1825 1211 1857 ante
1241 1818 1278 1856 id
1306 1824 1460 1869 tempus
1488 1823 1617 1868 gestas
1640 1829 1728 1855 cum
1750 1829 1817 1855 116-

282 1890 427 1924 tustate
454 1886 574 1923 nimia
601 1884 789 1923 obscuras
817 1897 915 1935 esse,
942 1884 1051 1923 uelut
1072 1896 1169 1935 quae
1198 1896 1336 1934 magno
1359 1896 1405 1921 ex
1426 1882 1634 1921 interuallo
1656 1882 1731 1920 loci
1750 1883 1817 1920 uix

283 1956 554 2000 cernerentur,
584 1955 664 1988 tum
693 1949 796 2000 quod
822 1962 967 2001 paruae
996 1955 1033 1988 et
1060 1961 1170 1988 rarae
1197 1961 1269 2000 per
1295 1948 1431 1987 eadem
1458 1954 1634 1999 tempora
1662 1947 1816 1985 litterae

283 2015 466 2066 fuissent,
499 2028 574 2053 una
609 2014 786 2053 custodia
821 2015 946 2054 fidelis
978 2016 1190 2054 memoriae
1225 2026 1359 2052 rerum
1386 2019 1605 2064 gestarum,
1638 2018 1676 2051 et
1703 2012 1816 2063 quod,

282 2082 399 2119 etiam
427 2082 458 2119 si
487 2093 586 2131 quae
613 2071 654 2118 111
676 2081 968 2119 commentariis
994 2081 1224 2131 pontificum
1247 2079 1410 2129 aliisque
1436 2078 1606 2129 puhlicis
1632 2079 1816 2128 priuatis-

282 2158 357 2196 que
385 2146 554 2184 fuissent
574 2147 853 2196 monumentis,
880 2147 1040 2184 incensa
1061 2145 1158 2183 urhe
1180 2144 1391 2195 pleraeque
1412 2144 1654 2182 interissent.
1693 2140 1816 2193 quid?

282 2211 385 2262 quod
417 2213 503 2249 ueri
538 2210 666 2249 simile
699 2210 796 2248 mihi
824 2216 884 2249 est
909 2210 1077 2261 Liuium,
1108 2223 1223 2261 quem
1252 2209 1456 2248 Claudium
1485 2208 1630 2246 fontem
1658 2208 1815 2258 potissi-

281 2289 388 2315 mum
416 2278 456 2314 in
483 2276 557 2314 hoc
583 2276 683 2313 libro
712 2282 891 2314 secutum
919 2289 1005 2315 esse
1032 2277 1072 2314 in
1100 2277 1204 2314 notis
1230 2276 1377 2313 nostris
1404 2273 1664 2323 ostendimus,
1696 2274 1813 2311 etiam
1839 2316 1842 2318 Α

282 2342 346 2380 hic
373 2354 462 2380 eum
489 2342 684 2379 imitatum
713 2337 849 2394 esse.2)

371 2406 492 2457 Magis
520 2412 650 2444 tamen
677 2408 760 2457 ipse
784 2407 855 2444 alia
878 2419 994 2445 causa
1017 2419 1102 2445 esse
1125 2412 1342 2444 commotus
1362 2404 1531 2443 uidetur.
1570 2415 1660 2441 nam
1682 2414 1813 2440 aemu-

281 2471 372 2510 latio
394 2472 469 2523 illa,
491 2484 565 2522 qua
584 2472 800 2522 antiquitus
815 2478 973 2510 ueteres
994 2477 1131 2522 gentes
1153 2472 1268 2509 etiam
1289 2471 1478 2521 patriciae
1500 2469 1636 2506 inuita
1656 2466 1813 2518 publica

282 2538 386 2575 inter
407 2550 448 2576 se
471 2542 731 2587 certauerant,
757 2542 840 2575 tum
862 2537 1083 2575 litterarum
1108 2536 1236 2575 studio
1258 2536 1490 2574 resuscitata
1514 2538 1583 2572 est.
1622 2538 1666 2570 ut
1691 2533 1813 2582 igitur

377 2660 410 2702 1)
434 2659 643 2695 Dolendum
671 2664 726 2696 est
752 2663 852 2706 quod
880 2663 927 2697 ad
954 2673 1064 2706 quem
1091 2661 1242 2695 annales
1269 2671 1353 2694 suos
1379 2659 1531 2701 miserit,
1557 2669 1603 2692 ne
1631 2657 1811 2701 suspicari

281 2710 431 2754 quidem
451 2725 665 2757 possumus3
686 2716 840 2750 miserat:
861 2716 959 2750 enim
980 2716 1028 2749 ad
1048 2717 1245 2759 patronum
1265 2713 1428 2757 aliquem
1447 2712 1509 2746 uel
1529 2711 1702 2754 amicum,
1723 2710 1811 2754 quia

280 2766 322 2799 fr.
341 2769 382 2800 79
416 2767 470 2811 (Set
495 2779 567 2811 pro
599 2773 662 2803 tua
695 2769 854 2804 bonitate
880 2775 912 2804 et
941 2773 1067 2804 nostra
1092 2769 1281 2803 uoluntate
1306 2768 1372 2802 tibi
1404 2765 1573 2801 ualitudo
1598 2765 1754 2808 subpetit
1779 2768 1810 2798 et

280 2831 310 2863 q.
330 2821 373 2863 s.)
399 2819 437 2853 in
464 2821 645 2865 principio
671 2820 759 2855 libri
787 2822 1077 2857 duodeuicesimi
1104 2821 1282 2865 scriptum
1308 2820 1397 2854 erat.

377 2874 409 2917 2>
438 2874 489 2908 Cf.
511 2873 678 2908 Niebuhr
697 2875 740 2908 H.
762 2875 804 2909 R.
825 2876 856 2910 Π
876 2888 910 2920 p.
928 2880 1010 2919 2sq.
1049 2875 1212 2908 Thouret
1231 2873 1254 2907 1.
1277 2885 1303 2908 5.
1324 2885 1359 2917 p.
1377 2876 1442 2906 149
1459 2884 1510 2916 sq.
