2002 3342
279 212 328 251 145
915 210 1175 252 RELIQVIAE

275 321 385 373 πρὸς
428 319 505 359 τὸν
549 318 746 372 ἀδελφὸν
790 318 1044 372 ἀπόρρητον
1089 318 1222 359 ἅπασι
1266 323 1357 365 τοῖς
1401 318 1552 366 ἄλλοις
1601 317 1810 371 ἀγγελίαν

274 384 462 437 πέμψον,
489 384 554 425 ὅτι
583 384 693 438 σώζῃ
720 399 763 424 τε
792 384 938 436 δηλῶν
963 382 1034 424 καὶ
1062 384 1303 436 διαταχέων
1330 382 1466 423 αὐτὸν
1490 382 1614 435 ἥκειν
1645 381 1812 432 ἀξιῶν’.

277 449 323 490 ἐκ
356 449 404 490 δὲ
438 449 599 490 τούτου
631 448 848 502 πέμπεταί
876 464 941 497 τις
973 447 1239 501 ἐξευρεθείς,
1266 447 1313 496 ὃς
1340 446 1481 488 ἐδόκει
1506 446 1810 502 ὑπηρετήσειν,

277 513 347 555 καὶ
381 514 630 568 περιτυχὼν
663 514 716 555 οὐ
749 515 897 567 πρόσω
930 520 1006 566 τῆς
1037 514 1204 562 πόλεως
1242 513 1338 553 ὄντι
1364 510 1566 568 Ῥωμύλῳ
1605 513 1813 566 διασαφεῖ

277 580 353 627 τὰς
380 578 600 632 ἀγγελίας·
647 578 669 620 6
697 576 745 620 δὲ
772 579 1009 632 περιχαρὴς
1035 579 1270 630 γενόμενος
1302 575 1471 631 ἔρχεται
1505 578 1675 632 σπουδῇ
1704 578 1814 631 πρὸς

279 643 508 698 Νεμέτορα
529 643 600 685 καὶ
620 642 903 696 περιπλακεὶς
918 643 1087 697 ἀμφοῖν
1107 641 1341 693 ἀσπάζεται
1361 640 1442 695 μὲν
1461 650 1649 696 πρῶτον,
1668 640 1816 684 ἔπειτα

278 710 430 763 φράζει
458 710 537 763 τὴν
562 707 744 750 ἔκθεσιν
774 716 902 762 σφῶν
927 707 998 750 καὶ
1025 708 1197 762 τροφὴν
1223 706 1294 748 καὶ
1322 704 1458 748 τᾶλλα
1484 709 1564 749 ὅσα
1589 709 1707 761 παρὰ
1736 714 1815 749 τοῦ

284 775 538 815 Φαιστύλου
571 773 775 817 ἐπύθετο.
827 781 919 822 τοῖς
957 774 1005 814 δὲ
1043 772 1332 826 βουλομένοις
1370 788 1414 814 τε
1450 771 1521 814 καὶ
1555 772 1606 814 οὐ
1640 775 1817 815 πολλῶν

281 840 354 880 ἵνα
378 840 663 881 πιστεύσειαν
687 842 931 893 τεκμηρίων
953 837 1178 892 δεομένοις
1197 836 1297 878 καθ’
1325 837 1489 891 ἡδονάς
1508 839 1556 880 τὸ
1579 839 1818 890 λεγόμενον

282 902 346 957 ἦν.
393 904 485 946 ἐπεὶ
513 902 560 946 δὲ
587 905 844 958 ἀνέγνωσαν
865 904 1095 957 ἀλλήλους,
1124 903 1279 944 αὐτίκα
1300 903 1616 944 συνετάττοντο
1640 903 1712 944 καὶ
1732 904 1819 944 διε-

282 971 480 1011 σκόπουν
517 970 635 1019 ὅστις
673 968 794 1011 ἔσται
833 972 993 1024 τρόπος
1026 969 1050 1022 ἢ
1083 968 1234 1023 καιρὸς
1272 970 1333 1017 εἰς
1370 969 1451 1021 τὴν
1489 967 1693 1010 ἐπίθεσιν
1731 968 1820 1009 έπι-

281 1036 463 1088 τήδειος.

368 1098 442 1141 Ἐν
477 1094 511 1156 ᾦ
546 1098 593 1141 δὲ
633 1097 756 1141 οὗτοι
795 1100 894 1153 περὶ
926 1105 1062 1140 ταῦτα
1093 1096 1225 1152 ἦσαν,
1266 1098 1287 1139 6
1325 1098 1573 1147 Φαιστύλος
1609 1096 1822 1152 ἀπάγεται

284 1165 393 1219 πρὸς
419 1164 629 1219 Ἀμόλιον.
676 1166 886 1214 δεδοικὼς
916 1165 1000 1218 γὰρ
1032 1165 1090 1218 μὴ
1123 1164 1174 1205 οὐ
1208 1163 1341 1204 πιστὰ
1375 1162 1479 1218 δόξῃ
1511 1169 1570 1220 τῷ
1603 1162 1822 1217 Νεμέτορι

285 1230 430 1284 λέγειν
457 1229 478 1271 6
510 1230 728 1284 Ῥωμύλος
762 1231 867 1271 ἄνευ
896 1232 1088 1283 σημείων
1115 1228 1327 1282 ἐμφανῶν
1353 1229 1544 1282 μεγάλου
1570 1228 1824 1281 πράγματος

286 1297 480 1349 μηνυτὴς
518 1297 773 1348 γενόμενος,
811 1296 859 1337 τὸ
894 1296 1122 1348 γνώρισμα
1154 1301 1229 1348 τῆς
1265 1292 1482 1342 ἐκθέσεως
1519 1301 1608 1334 τῶν
1646 1295 1825 1348 βρεφῶν

286 1361 366 1414 τὴν
399 1361 574 1414 σκάφην
607 1359 843 1413 ἀναλαβὼν
877 1359 1031 1413 ὀλίγον
1064 1360 1251 1412 ὕστερον
1284 1358 1464 1400 ἐδίωκεν
1490 1360 1551 1407 εἰς
1577 1359 1658 1412 τὴν
1682 1360 1822 1400 πόλιν.

287 1426 572 1479 διερχόμενον
611 1424 648 1466 δ’
695 1426 832 1467 αὐτὸν
870 1426 946 1474 τὰς
983 1425 1124 1473 πύλας
1162 1424 1424 1478 ταραχωδῶς
1461 1424 1577 1464 πάνυ
1619 1424 1690 1465 καὶ
1728 1423 1825 1477 περὶ

288 1493 454 1532 πολλοῦ
487 1493 758 1544 ποιούμενον
795 1489 951 1544 μηδενὶ
989 1496 1168 1543 ποιῆσαι
1208 1489 1456 1542 καταφανὲς
1493 1490 1540 1530 τὸ
1582 1490 1827 1544 φερόμενον

291 1563 379 1597 τῶν
411 1557 624 1611 φυλάκων
656 1572 721 1605 τις
759 1555 1029 1610 καταμαθών
1062 1552 1135 1611 (ἧν
1175 1555 1223 1596 δὲ
1261 1555 1483 1608 πολεμίων
1522 1553 1689 1608 ἐφόδου
1729 1553 1828 1604 δέος

290 1620 361 1662 καὶ
400 1622 475 1671 τὰς
512 1622 653 1670 πύλας
691 1622 736 1663 οἵ
771 1622 958 1676 μάλιστα
996 1622 1302 1672 πιστευόμενοι
1340 1620 1450 1673 πρὸς
1491 1625 1570 1660 τοῦ
1615 1618 1829 1672 βασιλέως

291 1685 565 1741 ἐφρούρουν’)
605 1687 905 1740 συλλαμβάνει
944 1702 988 1727 τε
1026 1685 1099 1727 καὶ
1138 1686 1185 1727 τὸ
1224 1685 1421 1740 κρυπτὸν
1454 1684 1476 1726 ὅ
1510 1698 1550 1725 τι
1584 1683 1734 1738 δήποτ’
1773 1682 1828 1738 ἧν

291 1833 430 1878 έπεμψε
458 1832 718 1867 διαπυθέσθαι
737 1839 802 1867 τοῦ
823 1832 1043 1889 Νομήτορος
1069 1846 1106 1866 κ
1097 1832 1251 1873 λεύσας,
1281 1831 1318 1866 εἴ
1338 1844 1393 1871 τις
1412 1828 1497 1873 ἥκοι
1516 1828 1622 1874 λόγος
1642 1831 1694 1870 εἰς
1714 1829 1827 1865 αὑτὸν

292 1880 383 1923 ὑπερ
416 1887 488 1914 τῶι
521 1879 668 1914 παίδων
701 1881 749 1920 ὡς
781 1893 825 1915 πε
830 1879 1086 1924 ριγενομένων.
1133 1878 1362 1922 ἀφικόμενος
1394 1882 1461 1912 οὑν
1489 1876 1507 1911 ὁ
1534 1877 1738 1920 ἄνθρωπος
1765 1878 1828 1912 καὶ

292 1927 525 1972 θεασάμειος
553 1927 640 1962 ὅσον
667 1928 769 1962 οὔπω
796 1926 861 1962 τὸν
883 1926 1022 1971 Ρῶμον
1049 1929 1087 1962 ἐν
1114 1928 1329 1972 περιβολαῖς
1354 1927 1417 1960 καὶ
1445 1925 1739 1969 φιλοφροσύναις
1763 1931 1828 1960 τοῦ

292 1975 522 2020 Νομητορος,
548 1989 616 2018 την
641 1989 677 2009 τε
704 1974 829 2009 πιστιν
855 1975 935 2020 ἰσχι
940 1975 1010 2017 ρὰν
1032 1973 1179 2018 ἐποίησε
1199 1979 1263 2018 τῆς
1284 1972 1432 2013 ἐλπίδος
1452 1973 1516 2006 καὶ
1535 1974 1828 2014 παρεκελεύσατο

292 2029 363 2057 τῶν
395 2022 623 2067 πραγμάτων
655 2022 764 2065 ὀξέως
796 2022 1140 2080 ἀντιλαμβάιεσθαι
1172 2021 1234 2055 καὶ
1267 2026 1383 2065 συνην
1415 2018 1526 2059 αυτὸς
1556 2020 1632 2065 [sic
1657 2020 1828 2055 Sintenis.

293 2071 420 2110 αἰτοῖς
445 2071 571 2115 uulgy]
600 2069 668 2114 ἤδη
696 2071 759 2104 καὶ
781 2068 1042 2128 συνέπραττεν
1083 2068 1101 2104 ὁ
1124 2069 1163 2103 δὲ
1184 2066 1315 2110 καιρὸς
1336 2067 1422 2103 οὐδὲ
1449 2067 1688 2125 βουλομένοις
1707 2067 1832 2102 ὀκνεῖν

293 2124 478 2162 παρεῖχεν.
525 2117 544 2153 ὁ
576 2117 645 2161 γὰρ
667 2117 850 2161 Ρωμύλος
883 2117 988 2162 ἐγγυς
1020 2112 1067 2161 ἦν
1100 2116 1172 2161 ἤδη
1206 2117 1270 2150 καὶ
1300 2113 1394 2159 πρὸς
1431 2113 1545 2150 αὐτὸν
1581 2114 1732 2156 ἐξέθεον
1764 2115 1832 2150 οὐκ

294 2165 410 2209 ὀλίγοι
441 2179 514 2200 των
546 2168 706 2200 πολιτῶν
738 2164 834 2209 μίσει
865 2166 930 2199 καὶ
963 2163 1067 2211 φόβῳ
1100 2170 1166 2199 τοῦ
1185 2161 1384 2207 Ἀμουλίου.
1429 2162 1567 2206 πολλὴν
1600 2163 1641 2197 δὲ
1674 2163 1735 2196 καὶ
1767 2163 1833 2197 σὺν

295 2213 393 2258 αὑτῷ
433 2213 594 2257 δύναμιν
633 2209 697 2257 ἦγε
737 2212 1059 2258 συλλελοχισμένην
1098 2213 1150 2252 εἰς
1189 2211 1427 2250 ἑκατοστύας
1475 2209 1630 2254 ἑκάστης
1666 2209 1707 2245 δὲ
1738 2209 1832 2254 ἀνὴρ

295 2261 474 2304 ἀφηγεῖτο
507 2259 641 2305 χόρτου
674 2260 737 2294 καὶ
769 2259 856 2304 ύλης
888 2258 1073 2304 ἀγκαλίδα
1106 2261 1224 2305 κοντῷ
1246 2256 1506 2315 περικειμένην
1531 2256 1682 2303 ἀνέχων.
1737 2257 1833 2304 <μα-

296 2307 407 2342 νίπλα
439 2307 576 2348 ταύτας
606 2311 764 2342 1ατῐνοι
795 2310 983 2342 καλοῦσιν.
1012 2306 1082 2353 ->
1136 2306 1212 2351 άμα
1248 2305 1294 2350 δη
1319 2311 1385 2340 τοῦ
1411 2304 1478 2350 μὲν
1498 2302 1640 2348 Ρώμου
1664 2305 1750 2345 τοὺς
1776 2306 1833 2339 ἐν·

387 2451 410 2486 3
445 2452 533 2487 ante
558 2448 818 2499 ὑπηρετήσειν
843 2449 1021 2487 Meineke
1051 2449 1275 2495 suspicatur
1306 2447 1541 2485 intercidisse
1573 2439 1615 2483 εὖ
1735 2446 1757 2483 6
1792 2442 1835 2491 ὃς

297 2507 544 2558 περιπλακεὶς
576 2510 621 2546 ci.
645 2509 784 2546 Reiske
909 2510 930 2545 7
967 2503 1054 2558 ὅσα]
1083 2505 1108 2544 ἑὲ
1135 2507 1269 2544 Vrbioz.
1394 2507 1417 2543 8
1451 2504 1672 2543 Φαιστύλου
1701 2504 1833 2542 Vrbin.

298 2567 632 2617 σωματοφύλακος
662 2569 762 2606 (fleis.
825 2565 1081 2618 βουλομένοις
1113 2580 1151 2603 τε
1177 2564 1242 2604 καὶ
1265 2568 1352 2613 post
1385 2562 1584 2614 δεομένοις
1616 2565 1837 2611 transponit

298 2627 496 2674 Kiesslinff
600 2629 653 2665 10
689 2622 736 2678 ἦν
763 2638 833 2664 om.
865 2626 965 2664 Clas.
994 2626 1127 2664 Vrbin.
1242 2626 1296 2663 14
1323 2623 1509 2673 Αιμίλιον
1534 2623 1588 2661 N
1585 2623 1690 2661 colai
1715 2623 1834 2660 Dam.

301 2686 416 2723 cocleas
478 2685 668 2737 Νομέτωρ
695 2698 845 2733 ειυψει·
869 2686 956 2723 Nic.
983 2686 1101 2723 Dam.
1203 2686 1255 2722 15
1284 2681 1304 2722 6
1326 2678 1537 2734 Ρωμύλος]
1568 2680 1587 2720 6
1617 2683 1836 2728 Φαιστύλος

304 2746 404 2783 ΟΙιιῖς.
427 2745 830 2784 1='›·bin.N27col.Dam.
855 2757 951 2782 corr.
971 2745 1139 2792 Sylbury
1227 2744 1278 2781 19
1307 2741 1516 2794 λεγόμενον
1543 2743 1634 2779 libri
1653 2742 1837 2789 Dionysii

302 2807 335 2841 et
359 2804 545 2841 Nicolaus
607 2804 828 2856 φερόμενον
858 2804 1040 2842 Gelenius
1068 2806 1101 2841 et
1124 2802 1292 2851 Sylbmy
1355 2800 1585 2852 στεγόμενον
1612 2801 1748 2838 Reiske

304 2866 353 2901 21
384 2861 680 2913 πεπιστευμένοι
706 2864 830 2902 Νῖοοῖ.
955 2866 1007 2900 22
1036 2859 1091 2913 τε]
1121 2861 1169 2912 δὴ
1196 2862 1319 2899 Nicol.

1853 591 1867 617 5

1841 918 1873 943 10

1844 1242 1877 1268 15

1848 1570 1881 1595 20
