2002 3342
196 486 263 516 434

197 534 264 575 326

193 1006 263 1036 πε)

194 1054 263 1096 ῖόὅ

193 1562 263 1592 256

193 1610 263 1655 438

293 188 380 229 310
928 191 1186 233 RELIQVIAE

838 303 906 340 EX
932 303 1091 342 LIBRO
1120 304 1274 343 II—IX

382 380 425 422 5.
464 383 618 422 Charis.
643 384 667 422 2
684 397 722 434 p.
738 385 888 424 20211'.
927 385 1081 424 Tubero
1109 387 1362 427 historiarum
1389 389 1474 428 1111:
1506 391 1719 430 inimiciter
1745 393 1820 431 ira-

293 448 481 486 scendum
509 460 585 486 non
614 454 682 488 est.

375 510 447 553 6²³³.
480 514 568 552 Lin.
591 515 776 563 4,23,1.
823 515 989 554 Eosdem
1026 517 1207 556 consules
1249 520 1473 570 insequenti
1509 533 1609 560 auno
1653 522 1819 561 refectos

294 578 432 616 lulium
467 580 625 617 tertium
654 579 880 630 Verginium
917 583 1059 620 iterum
1093 583 1194 633 apud
1221 583 1393 623 Macrum
1422 585 1615 624 Licinium
1643 588 1821 639 inuenio;

292 643 467 681 Valerius
494 644 627 682 Antias
655 651 692 683 et
719 644 761 689 Q.
789 646 944 685 Tubero
972 647 1018 685 M.
1046 646 1229 687 Manlium
1259 656 1297 688 et
1323 650 1365 694 Q.
1394 650 1611 702 Sulpicium
1640 651 1821 691 consules

292 709 331 746 in
365 721 453 747 eum
488 722 632 748 annum
667 710 798 749 edunt.
839 718 1014 751 ceterum
1042 714 1082 752 in
1110 720 1186 752 tam
1215 714 1455 766 discrepanti
1483 716 1654 755 editione
1681 722 1719 755 et
1744 717 1821 755 Tu-

291 773 386 812 bero
419 780 457 813 et
483 774 612 813 Macer
644 775 765 814 libros
799 777 940 816 linteos
973 784 1154 818 auctores
1186 781 1438 831 profitentur,
1472 788 1613 820 neuter
1642 781 1821 820 tribunos

292 839 459 878 militnm
488 853 532 878 eo
560 853 659 879 anno
694 842 816 880 fuisse
843 842 1030 882 traditum
1058 857 1078 882 a
1105 845 1364 896 scriptoribus
1392 847 1562 898 antiquis
1591 847 1821 886 dissimulat.

292 904 441 943 Licinio
470 905 591 944 libros
619 898 721 945 haud
746 907 862 946 dubie
885 910 997 959 sequi
1018 909 1158 948 linteos
1179 909 1336 961 placuit,
1363 911 1518 950 Tubero
1540 913 1715 951 incertus
1735 913 1822 950 ueri

291 977 361 1009 est.
389 972 439 1009 sit
460 973 564 1010 inter
581 978 711 1011 cetera
726 979 922 1012 uetustate
939 982 1119 1026 cooperta
1140 975 1213 1013 boc
1229 989 1382 1027 quoque
1403 978 1443 1014 in
1464 978 1614 1016 incerto
1635 979 1817 1028 positum.

382 1034 450 1075 7³⁸.
485 1038 572 1076 Liu.
590 1039 656 1083 10,
672 1039 789 1087 9,10.
822 1039 865 1077 In
887 1052 976 1078 eum
998 1052 1142 1079 annum
1164 1054 1251 1079 rum
1273 1041 1314 1087 Q.
1337 1042 1498 1081 Fabium
1519 1042 1719 1081 consulem
1740 1055 1818 1081 non

293 1109 489 1153 petentem
522 1115 658 1142 omnes
692 1103 869 1142 dicerent
902 1107 1119 1156 centuriae,
1153 1107 1281 1157 ipsum
1315 1114 1513 1146 auctorem
1542 1108 1663 1146 fuisse
1689 1107 1819 1146 Macer

290 1168 465 1206 Licinius
498 1181 541 1206 ac
567 1168 722 1208 Tubero
758 1169 915 1208 tradunt
944 1170 1151 1210 differendi
1178 1172 1253 1210 sibi
1281 1172 1504 1211 consulatus
1532 1174 1570 1211 in
1599 1172 1818 1211 bellicosio-

291 1245 373 1271 rem
401 1246 563 1272 annum:
591 1247 635 1272 eo
662 1247 762 1273 anno
790 1237 928 1273 maiori
956 1249 996 1275 se
1023 1238 1113 1275 usui
1141 1239 1197 1275 rei
1226 1237 1403 1288 publicae
1432 1239 1513 1276 fore
1535 1238 1683 1277 urbano
1711 1244 1819 1289 gesto

291 1300 532 1349 magistratu.
566 1301 617 1338 ita
645 1312 718 1339 nec
746 1300 1058 1340 dissimulantem
1086 1302 1178 1353 quid
1206 1302 1337 1341 mallet
1364 1315 1435 1341 nec
1463 1309 1661 1354 petentem
1690 1310 1820 1342 tamen

290 1363 455 1402 aedilem
484 1365 660 1403 curulem
689 1378 776 1404 cum
805 1365 846 1404 L.
873 1366 1028 1418 Papirio
1056 1367 1224 1406 Cursore
1253 1368 1408 1407 factum.

890 1505 960 1542 EX
986 1504 1146 1543 LIBRO
1173 1506 1227 1543 IX

381 1579 452 1624 8²¹2
492 1586 584 1624 Gell.
608 1586 644 1633 7,
659 1587 697 1624 3.
731 1585 886 1625 Tubero
908 1588 948 1625 in
969 1587 1144 1627 historiis
1166 1590 1356 1640 scriptum
1379 1588 1552 1640 reliquit,
1572 1588 1673 1627 bello
1693 1590 1820 1639 primo

291 1650 458 1688 Poenico
479 1650 638 1689 Atilium
660 1651 852 1701 Regulum
881 1653 1082 1692 consulem
1111 1656 1149 1692 in
1171 1655 1299 1692 Africa
1322 1656 1462 1693 castris
1483 1654 1585 1705 apud
1606 1653 1820 1705 Bagradam

291 1715 437 1754 ssumen
471 1717 607 1767 positis
641 1717 833 1767 proelium
866 1717 1013 1767 grande
1046 1725 1161 1770 atque
1196 1732 1284 1758 acre
1313 1720 1453 1758 fecisse
1480 1718 1671 1758 aduersus
1698 1731 1821 1757 unum

291 1786 515 1831 serpentem
548 1783 587 1819 in
616 1781 691 1820 illis
718 1782 815 1820 locis
843 1782 1104 1822 stabulantem
1135 1786 1343 1823 inusitatae
1370 1786 1625 1835 inmanitatis,
1651 1796 1819 1835 eumque
1842 1795 1855 1818 2

345 1972 347 1974 Ι
386 1932 425 1965 6.
457 1931 533 1965 Υίά.
556 1931 641 1965 adn.
665 1932 713 1965 ad
734 1932 821 1968 Ant.
842 1934 888 1976 fr.
910 1937 968 1968 20.
997 1934 1117 1969 Licin.
1140 1935 1258 1976 771214.

390 1979 425 2012 7.
455 1979 533 2013 Vid.
556 1979 642 2013 adn.
664 1980 713 2013 all
733 1979 855 2015 Licin.
876 1982 923 2023 fr.
940 1984 987 2015 19
1007 1986 1038 2016 et
1059 1982 1185 2016 Pison.
1206 1983 1252 2024 fr.
1267 1984 1325 2016 23.

386 2025 424 2060 S.
453 2026 594 2060 Eadem
626 2026 763 2061 Liuius
794 2034 1025 2063 narrauerat.
1072 2030 1146 2063 uid.
1171 2029 1288 2064 Valer.
1311 2030 1417 2064 Max.
1434 2034 1466 2072 1,
1482 2033 1506 2064 8
1530 2033 1597 2065 ext.
1619 2032 1683 2063 19:
1721 2027 1824 2070 Quae

290 2073 380 2117 quia
406 2085 518 2117 supra
543 2074 722 2107 usitatam
747 2076 931 2109 rationem
958 2076 1176 2110 excedentia
1197 2077 1403 2122 attigimus,
1431 2077 1613 2122 serpentis
1634 2087 1781 2120 quoque
1803 2086 1824 2109 a

291 2120 330 2155 T.
354 2121 460 2155 Liuio
486 2122 553 2167 [cf.
570 2123 733 2167 per.18]
759 2122 902 2157 curiose
929 2124 1071 2167 pariter
1097 2134 1140 2157 ac
1166 2124 1326 2159 facunde
1351 2124 1492 2159 relatae
1520 2124 1585 2158 fiat
1610 2123 1760 2158 mentio.
1792 2122 1823 2156 is

292 2169 390 2202 enim
418 2168 472 2202 ait
497 2169 534 2202 in
556 2169 682 2203 Africa
703 2170 803 2214 apud
823 2170 1035 2216 Bagradam
1060 2171 1197 2205 flumen
1223 2173 1353 2206 tantae
1372 2172 1644 2216 magnitudinis
1665 2180 1824 2216 anguem

291 2216 417 2258 fuisse,
437 2217 480 2250 ut
493 2215 600 2251 Atilii
623 2216 756 2262 Reguli
774 2219 975 2253 exercitum
996 2231 1065 2253 usu
1085 2218 1203 2253 amnis
1224 2219 1455 2264 prohiberet;
1473 2219 1674 2262 multisque
1696 2217 1822 2252 militi-

290 2263 359 2297 bus
380 2263 524 2309 ingenti
544 2274 605 2298 ore
626 2265 817 2309 correptis,
832 2266 1085 2310 compluribus
1104 2266 1245 2301 caudae
1266 2266 1517 2302 uoluminibus
1539 2266 1650 2308 elisis,
1672 2277 1755 2300 cum
1770 2267 1824 2299 te-

291 2310 410 2345 lorum
436 2311 538 2345 iactu
563 2312 745 2356 perforari
764 2313 946 2357 nequiret,
974 2314 1021 2348 ad
1047 2313 1221 2348 ultimum
1240 2314 1477 2349 ballistarum
1502 2313 1697 2348 tormentis
1716 2312 1824 2347 undi-

291 2369 362 2402 que
382 2359 549 2403 petitam,
571 2359 717 2394 silicum
738 2361 875 2395 crebris
896 2363 933 2396 et
952 2361 1170 2405 ponderosis
1189 2362 1406 2397 uerberibus
1427 2361 1678 2406 procubuisse,
1706 2360 1823 2394 omni-

291 2404 435 2449 busque
462 2408 499 2440 et
525 2407 739 2441 cohortibus
760 2410 797 2443 et
823 2408 1034 2453 legionibus
1062 2409 1143 2453 ipsa
1165 2410 1388 2454 Carthagine
1409 2409 1529 2443 uisam
1549 2407 1823 2444 terribiliorem.

292 2454 403 2497 atque
424 2454 538 2488 etiam
559 2465 686 2488 cruore
707 2467 772 2489 suo
799 2456 1012 2502 gurgitibus
1038 2457 1190 2491 imbutis
1213 2457 1448 2501 corporisque
1467 2455 1623 2491 iacentis
1644 2454 1823 2499 pestifero

292 2500 422 2535 afflatu
448 2501 573 2536 uicina
598 2502 749 2546 regione
780 2503 927 2547 polluta
952 2504 1120 2539 Romana
1146 2504 1232 2539 iude
1258 2505 1501 2539 summouisse
1529 2505 1662 2538 castra.
1707 2502 1825 2536 adicit

293 2548 391 2582 enim
417 2548 550 2584 beluae
577 2550 716 2584 corium
742 2554 891 2586 centum
919 2554 954 2586 et
979 2552 1116 2597 uiginti
1149 2553 1285 2597 pedum
1313 2552 1351 2585 in
1377 2551 1505 2586 urbem
1531 2551 1696 2585 missum.
1740 2551 1824 2585 item

292 2606 335 2631 ex
360 2597 475 2631 Liuio
499 2608 569 2631 sua
598 2599 800 2633 hauserunt
831 2600 980 2635 Orosius
1000 2604 1033 2642 4,
1048 2602 1084 2641 8,
1097 2603 1248 2635 10-15,
1288 2600 1406 2635 Senec.
1427 2601 1526 2643 epist.
1550 2602 1606 2641 11,
1620 2601 1642 2633 3
1656 2600 1821 2642 (82),24.

292 2642 358 2678 Sil.
379 2644 463 2678 Ital.
486 2647 519 2687 6,
535 2647 613 2681 140.
642 2646 776 2681 Zonar.
799 2649 834 2689 3,
850 2650 906 2682 13.
944 2649 989 2690 cf.
1013 2649 1110 2684 Ptin.
1133 2650 1168 2690 3,
1183 2651 1230 2683 37
1251 2648 1331 2692 (qui
1352 2647 1532 2693 infindice
1553 2650 1741 2681 auctorum
1761 2656 1824 2681 nec

383 2787 428 2829 6.
455 2795 532 2830 uid.
561 2806 647 2842 app.
676 2807 727 2834 cr.
755 2797 806 2834 ad
832 2796 958 2835 Licin.
985 2798 1034 2844 fr.
1060 2799 1112 2834 14

385 2846 426 2889 7.
453 2853 532 2890 uid.
560 2866 648 2901 opp.
675 2866 726 2893 cr.
753 2856 805 2893 ad
830 2855 958 2894 Licin.
984 2857 1034 2902 fr.
1060 2858 1113 2894 19

1841 666 1857 692 5

1841 991 1874 1015 10

1842 1316 1875 1341 15
