<?xml version="1.0" encoding="UTF-8"?>
<!DOCTYPE html PUBLIC "-//W3C//DTD XHTML 1.0 Transitional//EN"
    "http://www.w3.org/TR/xhtml1/DTD/xhtml1-transitional.dtd">
<html xmlns="http://www.w3.org/1999/xhtml" xml:lang="en" lang="en">
 <head>
  <title>
</title>
<meta http-equiv="Content-Type" content="text/html;charset=utf-8" />
  <meta name='ocr-system' content='tesseract 3.04.00' />
  <meta name='ocr-capabilities' content='ocr_page ocr_carea ocr_par ocr_line ocrx_word'/>
</head>
<body>
  <div class='ocr_page' id='page_1' title='image "./historicorumroma01peteuoft_0193.png"; bbox 0 0 2002 3342; ppageno 0'>
   <div class='ocr_carea' id='block_1_1' title="bbox 544 552 1392 601">
    <p class='ocr_par' dir='ltr' id='par_1_1' title="bbox 544 552 1392 601">
     <span class='ocr_line' id='line_1_1' title="bbox 544 552 1392 601; baseline -0.001 0"><span class='ocrx_word' id='word_1_1' title='bbox 544 555 589 601; x_wconf 81' lang='lat' dir='ltr'>C.</span> <span class='ocrx_word' id='word_1_2' title='bbox 624 552 1025 601; x_wconf 78' lang='lat' dir='ltr'><strong>SEMPRONIVS</strong></span> <span class='ocrx_word' id='word_1_3' title='bbox 1060 553 1392 601; x_wconf 76' lang='lat' dir='ltr'><strong>GRACCHVS</strong></span> 
     </span>
    </p>
   </div>
   <div class='ocr_carea' id='block_1_2' title="bbox 185 657 1734 2604">
    <p class='ocr_par' dir='ltr' id='par_1_2' title="bbox 189 657 1734 2216">
     <span class='ocr_line' id='line_1_2' title="bbox 288 657 1734 715; baseline 0.001 -16"><span class='ocrx_word' id='word_1_4' title='bbox 288 661 326 700; x_wconf 92' lang='lat' dir='ltr'>C.</span> <span class='ocrx_word' id='word_1_5' title='bbox 355 661 632 712; x_wconf 84' lang='lat' dir='ltr'>Sempronium</span> <span class='ocrx_word' id='word_1_6' title='bbox 661 661 879 700; x_wconf 89' lang='lat' dir='ltr'>Gracchum</span> <span class='ocrx_word' id='word_1_7' title='bbox 892 657 923 715; x_wconf 87' lang='lat'>¹)</span> <span class='ocrx_word' id='word_1_8' title='bbox 950 663 991 699; x_wconf 92' lang='lat' dir='ltr'>in</span> <span class='ocrx_word' id='word_1_9' title='bbox 1018 660 1148 699; x_wconf 83' lang='lat' dir='ltr'>libello</span> <span class='ocrx_word' id='word_1_10' title='bbox 1176 660 1305 711; x_wconf 87' lang='lat' dir='ltr'>aliquo</span> <span class='ocrx_word' id='word_1_11' title='bbox 1333 658 1401 713; x_wconf 70' lang='grc' dir='ltr'>(ἐν</span> <span class='ocrx_word' id='word_1_12' title='bbox 1427 675 1514 700; x_wconf 79' lang='grc' dir='ltr'><em>τινι</em></span> <span class='ocrx_word' id='word_1_13' title='bbox 1539 658 1734 715; x_wconf 76' lang='grc' dir='ltr'>βιβλίῳ),</span> 
     </span>
     <span class='ocr_line' id='line_1_3' title="bbox 197 725 1731 778; baseline 0 -13"><span class='ocrx_word' id='word_1_14' title='bbox 197 740 271 778; x_wconf 87' lang='lat' dir='ltr'>qua</span> <span class='ocrx_word' id='word_1_15' title='bbox 294 739 408 765; x_wconf 88' lang='lat' dir='ltr'>causa</span> <span class='ocrx_word' id='word_1_16' title='bbox 430 726 622 765; x_wconf 87' lang='lat' dir='ltr'>adductus</span> <span class='ocrx_word' id='word_1_17' title='bbox 643 726 828 765; x_wconf 89' lang='lat' dir='ltr'>Tiberius</span> <span class='ocrx_word' id='word_1_18' title='bbox 850 728 971 765; x_wconf 83' lang='lat' dir='ltr'>frater</span> <span class='ocrx_word' id='word_1_19' title='bbox 989 727 1144 777; x_wconf 85' lang='lat' dir='ltr'>inopiae</span> <span class='ocrx_word' id='word_1_20' title='bbox 1166 725 1292 777; x_wconf 89' lang='lat' dir='ltr'>plebis</span> <span class='ocrx_word' id='word_1_21' title='bbox 1313 726 1501 764; x_wconf 87' lang='lat' dir='ltr'>leuandae</span> <span class='ocrx_word' id='word_1_22' title='bbox 1524 726 1731 765; x_wconf 88' lang='lat' dir='ltr'>consilium</span> 
     </span>
     <span class='ocr_line' id='line_1_4' title="bbox 197 788 1731 845; baseline 0 -15"><span class='ocrx_word' id='word_1_23' title='bbox 197 793 380 843; x_wconf 74' lang='lat' dir='ltr'><strong>cepisset,</strong></span> <span class='ocrx_word' id='word_1_24' title='bbox 408 792 637 842; x_wconf 81' lang='lat' dir='ltr'>exposuisse</span> <span class='ocrx_word' id='word_1_25' title='bbox 665 797 801 830; x_wconf 79' lang='lat' dir='ltr'>auctor</span> <span class='ocrx_word' id='word_1_26' title='bbox 827 791 940 830; x_wconf 90' lang='lat' dir='ltr'>nohis</span> <span class='ocrx_word' id='word_1_27' title='bbox 969 797 1024 830; x_wconf 91' lang='lat' dir='ltr'>est</span> <span class='ocrx_word' id='word_1_28' title='bbox 1053 791 1286 830; x_wconf 81' lang='lat' dir='ltr'>Plutarchus</span> <span class='ocrx_word' id='word_1_29' title='bbox 1308 788 1373 843; x_wconf 82' lang='lat' dir='ltr'>(fr.</span> <span class='ocrx_word' id='word_1_30' title='bbox 1396 790 1455 845; x_wconf 74' lang='lat'>2),</span> <span class='ocrx_word' id='word_1_31' title='bbox 1483 791 1731 842; x_wconf 87' lang='lat' dir='ltr'>eundemque</span> 
     </span>
     <span class='ocr_line' id='line_1_5' title="bbox 198 856 1730 908; baseline 0 -13"><span class='ocrx_word' id='word_1_32' title='bbox 198 857 244 895; x_wconf 93' lang='lat' dir='ltr'>de</span> <span class='ocrx_word' id='word_1_33' title='bbox 278 859 401 908; x_wconf 89' lang='lat' dir='ltr'>patris</span> <span class='ocrx_word' id='word_1_34' title='bbox 433 862 558 895; x_wconf 91' lang='lat' dir='ltr'>morte</span> <span class='ocrx_word' id='word_1_35' title='bbox 587 856 778 907; x_wconf 86' lang='lat' dir='ltr'>quaedam</span> <span class='ocrx_word' id='word_1_36' title='bbox 812 856 858 895; x_wconf 87' lang='lat' dir='ltr'>ad</span> <span class='ocrx_word' id='word_1_37' title='bbox 886 857 932 895; x_wconf 90' lang='lat' dir='ltr'>M.</span> <span class='ocrx_word' id='word_1_38' title='bbox 954 857 1213 907; x_wconf 88' lang='lat' dir='ltr'>Pomponium</span> <span class='ocrx_word' id='word_1_39' title='bbox 1247 858 1455 907; x_wconf 80' lang='lat' dir='ltr'>scripsisse</span> <span class='ocrx_word' id='word_1_40' title='bbox 1483 856 1619 895; x_wconf 89' lang='lat' dir='ltr'>Cicero</span> <span class='ocrx_word' id='word_1_41' title='bbox 1650 870 1730 895; x_wconf 89' lang='lat' dir='ltr'>me-</span> 
     </span>
     <span class='ocr_line' id='line_1_6' title="bbox 196 917 1730 974; baseline 0 -14"><span class='ocrx_word' id='word_1_42' title='bbox 196 923 343 960; x_wconf 80' lang='lat' dir='ltr'>moriae</span> <span class='ocrx_word' id='word_1_43' title='bbox 370 921 539 973; x_wconf 79' lang='lat' dir='ltr'>prodidit</span> <span class='ocrx_word' id='word_1_44' title='bbox 569 917 634 974; x_wconf 74' lang='lat' dir='ltr'>(l&#39;r.</span> <span class='ocrx_word' id='word_1_45' title='bbox 660 920 678 960; x_wconf 86' lang='lat'>1</span> <span class='ocrx_word' id='word_1_46' title='bbox 710 934 741 960; x_wconf 89' lang='lat' dir='ltr'>c.</span> <span class='ocrx_word' id='word_1_47' title='bbox 763 918 881 974; x_wconf 60' lang='lat' dir='ltr'>adn.)</span> <span class='ocrx_word' id='word_1_48' title='bbox 921 934 1017 972; x_wconf 89' lang='lat' dir='ltr'>quas</span> <span class='ocrx_word' id='word_1_49' title='bbox 1045 934 1108 960; x_wconf 89' lang='lat' dir='ltr'>res</span> <span class='ocrx_word' id='word_1_50' title='bbox 1135 928 1298 972; x_wconf 88' lang='lat' dir='ltr'>propter</span> <span class='ocrx_word' id='word_1_51' title='bbox 1330 927 1650 972; x_wconf 79' lang='lat' dir='ltr'>argumentorum</span> <span class='ocrx_word' id='word_1_52' title='bbox 1680 924 1730 960; x_wconf 90' lang='lat' dir='ltr'>si-</span> 
     </span>
     <span class='ocr_line' id='line_1_7' title="bbox 195 986 1730 1038; baseline 0 -13"><span class='ocrx_word' id='word_1_53' title='bbox 195 987 458 1026; x_wconf 87' lang='lat' dir='ltr'>militudinem</span> <span class='ocrx_word' id='word_1_54' title='bbox 495 999 540 1025; x_wconf 84' lang='lat' dir='ltr'>ex</span> <span class='ocrx_word' id='word_1_55' title='bbox 578 987 714 1025; x_wconf 91' lang='lat' dir='ltr'>eodem</span> <span class='ocrx_word' id='word_1_56' title='bbox 751 986 851 1025; x_wconf 84' lang='lat' dir='ltr'>libro</span> <span class='ocrx_word' id='word_1_57' title='bbox 888 993 1063 1038; x_wconf 86' lang='lat' dir='ltr'>sumptas</span> <span class='ocrx_word' id='word_1_58' title='bbox 1100 999 1187 1026; x_wconf 89' lang='lat' dir='ltr'>esse</span> <span class='ocrx_word' id='word_1_59' title='bbox 1223 987 1351 1025; x_wconf 92' lang='lat' dir='ltr'>uideri</span> <span class='ocrx_word' id='word_1_60' title='bbox 1384 1000 1473 1026; x_wconf 88' lang='lat' dir='ltr'>cum</span> <span class='ocrx_word' id='word_1_61' title='bbox 1506 986 1730 1038; x_wconf 73' lang='lat' dir='ltr'>Nipperdey</span> 
     </span>
     <span class='ocr_line' id='line_1_8' title="bbox 202 1049 1731 1103; baseline -0.001 -12"><span class='ocrx_word' id='word_1_62' title='bbox 202 1054 345 1102; x_wconf 69' lang='lat' dir='ltr'>opusc.</span> <span class='ocrx_word' id='word_1_63' title='bbox 367 1065 401 1103; x_wconf 91' lang='lat' dir='ltr'>p.</span> <span class='ocrx_word' id='word_1_64' title='bbox 418 1049 473 1090; x_wconf 85' lang='lat'>99</span> <span class='ocrx_word' id='word_1_65' title='bbox 490 1064 545 1102; x_wconf 90' lang='lat' dir='ltr'>sq.</span> <span class='ocrx_word' id='word_1_66' title='bbox 573 1051 929 1102; x_wconf 82' lang='lat' dir='ltr'>animaduertisset,</span> <span class='ocrx_word' id='word_1_67' title='bbox 953 1052 1131 1103; x_wconf 86' lang='lat' dir='ltr'>plerique</span> <span class='ocrx_word' id='word_1_68' title='bbox 1154 1054 1190 1090; x_wconf 92' lang='lat' dir='ltr'>ei</span> <span class='ocrx_word' id='word_1_69' title='bbox 1211 1052 1368 1091; x_wconf 79' lang='lat' dir='ltr'>adsensi</span> <span class='ocrx_word' id='word_1_70' title='bbox 1389 1058 1481 1091; x_wconf 89' lang='lat' dir='ltr'>sunt</span> <span class='ocrx_word' id='word_1_71' title='bbox 1506 1054 1582 1090; x_wconf 90' lang='lat' dir='ltr'>nisi</span> <span class='ocrx_word' id='word_1_72' title='bbox 1603 1054 1731 1103; x_wconf 83' lang='lat' dir='ltr'>pauci,</span> 
     </span>
     <span class='ocr_line' id='line_1_9' title="bbox 196 1113 1730 1170; baseline 0.002 -17"><span class='ocrx_word' id='word_1_73' title='bbox 196 1118 262 1167; x_wconf 84' lang='lat' dir='ltr'>qui</span> <span class='ocrx_word' id='word_1_74' title='bbox 290 1130 309 1156; x_wconf 87' lang='lat' dir='ltr'>a</span> <span class='ocrx_word' id='word_1_75' title='bbox 332 1117 520 1155; x_wconf 86' lang='lat' dir='ltr'>Cicerone</span> <span class='ocrx_word' id='word_1_76' title='bbox 549 1113 814 1170; x_wconf 79' lang='lat' dir='ltr'>epistulam2)‚</span> <span class='ocrx_word' id='word_1_77' title='bbox 841 1119 1059 1156; x_wconf 88' lang='lat' dir='ltr'>orationem</span> <span class='ocrx_word' id='word_1_78' title='bbox 1084 1130 1103 1156; x_wconf 90' lang='lat' dir='ltr'>a</span> <span class='ocrx_word' id='word_1_79' title='bbox 1124 1117 1333 1156; x_wconf 78' lang='lat' dir='ltr'>Plutarcho</span> <span class='ocrx_word' id='word_1_80' title='bbox 1363 1117 1505 1156; x_wconf 89' lang='lat' dir='ltr'>dictam</span> <span class='ocrx_word' id='word_1_81' title='bbox 1533 1130 1619 1156; x_wconf 91' lang='lat' dir='ltr'>esse</span> <span class='ocrx_word' id='word_1_82' title='bbox 1642 1130 1730 1156; x_wconf 93' lang='lat' dir='ltr'>cen-</span> 
     </span>
     <span class='ocr_line' id='line_1_10' title="bbox 195 1182 1729 1233; baseline 0.001 -13"><span class='ocrx_word' id='word_1_83' title='bbox 195 1188 340 1221; x_wconf 87' lang='lat' dir='ltr'>serent.</span> <span class='ocrx_word' id='word_1_84' title='bbox 390 1189 428 1221; x_wconf 86' lang='lat' dir='ltr'>at</span> <span class='ocrx_word' id='word_1_85' title='bbox 454 1182 590 1221; x_wconf 86' lang='lat' dir='ltr'>Cicero</span> <span class='ocrx_word' id='word_1_86' title='bbox 619 1182 798 1221; x_wconf 88' lang='lat' dir='ltr'>scribens</span> <span class='ocrx_word' id='word_1_87' title='bbox 832 1189 874 1221; x_wconf 78' lang='lat' dir='ltr'>ut</span> <span class='ocrx_word' id='word_1_88' title='bbox 907 1184 944 1221; x_wconf 82' lang='lat' dir='ltr'>C.</span> <span class='ocrx_word' id='word_1_89' title='bbox 972 1184 1183 1222; x_wconf 75' lang='lat' dir='ltr'>Gracchus</span> <span class='ocrx_word' id='word_1_90' title='bbox 1207 1186 1403 1233; x_wconf 72' lang='lat' dir='ltr'>scriptum</span> <span class='ocrx_word' id='word_1_91' title='bbox 1430 1186 1596 1232; x_wconf 66' lang='lat' dir='ltr'>reliquit</span> <span class='ocrx_word' id='word_1_92' title='bbox 1622 1183 1729 1221; x_wconf 91' lang='lat' dir='ltr'>nullo</span> 
     </span>
     <span class='ocr_line' id='line_1_11' title="bbox 194 1247 1730 1300; baseline 0.001 -14"><span class='ocrx_word' id='word_1_93' title='bbox 194 1254 307 1298; x_wconf 88' lang='lat' dir='ltr'>pacto</span> <span class='ocrx_word' id='word_1_94' title='bbox 336 1247 544 1299; x_wconf 77' lang='lat' dir='ltr'>epistulam</span> <span class='ocrx_word' id='word_1_95' title='bbox 569 1249 607 1285; x_wconf 92' lang='lat' dir='ltr'>in</span> <span class='ocrx_word' id='word_1_96' title='bbox 633 1249 762 1286; x_wconf 89' lang='lat' dir='ltr'>animo</span> <span class='ocrx_word' id='word_1_97' title='bbox 789 1247 934 1286; x_wconf 88' lang='lat' dir='ltr'>habere</span> <span class='ocrx_word' id='word_1_98' title='bbox 961 1250 1099 1299; x_wconf 78' lang='lat' dir='ltr'>potuit,</span> <span class='ocrx_word' id='word_1_99' title='bbox 1126 1261 1253 1299; x_wconf 84' lang='lat' dir='ltr'>neque</span> <span class='ocrx_word' id='word_1_100' title='bbox 1275 1249 1349 1287; x_wconf 91' lang='lat' dir='ltr'>alio</span> <span class='ocrx_word' id='word_1_101' title='bbox 1370 1249 1467 1299; x_wconf 78' lang='lat' dir='ltr'>loco,</span> <span class='ocrx_word' id='word_1_102' title='bbox 1494 1262 1570 1300; x_wconf 92' lang='lat' dir='ltr'>quo</span> <span class='ocrx_word' id='word_1_103' title='bbox 1592 1248 1730 1287; x_wconf 87' lang='lat' dir='ltr'>Cicero</span> 
     </span>
     <span class='ocr_line' id='line_1_12' title="bbox 195 1312 1729 1364; baseline 0.001 -13"><span class='ocrx_word' id='word_1_104' title='bbox 195 1312 373 1352; x_wconf 86' lang='lat' dir='ltr'>eiusdem</span> <span class='ocrx_word' id='word_1_105' title='bbox 396 1314 453 1351; x_wconf 90' lang='lat' dir='ltr'>rei</span> <span class='ocrx_word' id='word_1_106' title='bbox 474 1314 716 1352; x_wconf 83' lang='lat' dir='ltr'>mentionem</span> <span class='ocrx_word' id='word_1_107' title='bbox 744 1314 847 1364; x_wconf 69' lang='lat' dir='ltr'>fecit,</span> <span class='ocrx_word' id='word_1_108' title='bbox 873 1313 995 1352; x_wconf 88' lang='lat' dir='ltr'>uerba</span> <span class='ocrx_word' id='word_1_109' title='bbox 1022 1316 1058 1352; x_wconf 87' lang='lat' dir='ltr'>C.</span> <span class='ocrx_word' id='word_1_110' title='bbox 1087 1316 1297 1353; x_wconf 73' lang='lat' dir='ltr'>Gracchus</span> <span class='ocrx_word' id='word_1_111' title='bbox 1317 1316 1372 1353; x_wconf 80' lang='lat' dir='ltr'>ad</span> <span class='ocrx_word' id='word_1_112' title='bbox 1392 1315 1445 1352; x_wconf 55' lang='grc' dir='ltr'>ΔῚ11.</span> <span class='ocrx_word' id='word_1_113' title='bbox 1468 1316 1729 1364; x_wconf 74' lang='lat' dir='ltr'>Pomponium</span> 
     </span>
     <span class='ocr_line' id='line_1_13' title="bbox 193 1378 1728 1429; baseline 0 -12"><span class='ocrx_word' id='word_1_114' title='bbox 193 1382 359 1428; x_wconf 71' lang='lat' dir='ltr'>scripsit</span> <span class='ocrx_word' id='word_1_115' title='bbox 393 1378 566 1429; x_wconf 77' lang='lat' dir='ltr'>intellegi</span> <span class='ocrx_word' id='word_1_116' title='bbox 599 1385 764 1429; x_wconf 88' lang='lat' dir='ltr'>possunt</span> <span class='ocrx_word' id='word_1_117' title='bbox 796 1380 873 1417; x_wconf 87' lang='lat' dir='ltr'>nisi</span> <span class='ocrx_word' id='word_1_118' title='bbox 907 1378 952 1417; x_wconf 90' lang='lat' dir='ltr'>de</span> <span class='ocrx_word' id='word_1_119' title='bbox 985 1380 1089 1418; x_wconf 68' lang='lat' dir='ltr'>libro</span> <span class='ocrx_word' id='word_1_120' title='bbox 1123 1381 1322 1418; x_wconf 67' lang='lat' dir='ltr'>dedicato.</span> <span class='ocrx_word' id='word_1_121' title='bbox 1369 1380 1415 1418; x_wconf 90' lang='lat' dir='ltr'>cf.</span> <span class='ocrx_word' id='word_1_122' title='bbox 1451 1379 1587 1418; x_wconf 86' lang='lat' dir='ltr'>Cicero</span> <span class='ocrx_word' id='word_1_123' title='bbox 1621 1379 1728 1418; x_wconf 81' lang='lat' dir='ltr'>Brut.</span> 
     </span>
     <span class='ocr_line' id='line_1_14' title="bbox 194 1440 1728 1496; baseline 0.001 -14"><span class='ocrx_word' id='word_1_124' title='bbox 194 1440 264 1494; x_wconf 74' lang='grc'>29,</span> <span class='ocrx_word' id='word_1_125' title='bbox 282 1442 363 1482; x_wconf 82' lang='grc'>112</span> <span class='ocrx_word' id='word_1_126' title='bbox 393 1440 569 1496; x_wconf 76' lang='lat' dir='ltr'>(Scauri)</span> <span class='ocrx_word' id='word_1_127' title='bbox 605 1449 685 1483; x_wconf 79' lang='lat' dir='ltr'>tres</span> <span class='ocrx_word' id='word_1_128' title='bbox 717 1446 772 1482; x_wconf 73' lang='lat' dir='ltr'>acl</span> <span class='ocrx_word' id='word_1_129' title='bbox 797 1444 840 1482; x_wconf 87' lang='lat' dir='ltr'>L.</span> <span class='ocrx_word' id='word_1_130' title='bbox 862 1445 1065 1492; x_wconf 74' lang='lat' dir='ltr'>Fufidium</span> <span class='ocrx_word' id='word_1_131' title='bbox 1097 1446 1194 1483; x_wconf 75' lang='lat' dir='ltr'>llbre&#39;</span> <span class='ocrx_word' id='word_1_132' title='bbox 1217 1447 1363 1494; x_wconf 69' lang='lat' dir='ltr'>scripte·</span> <span class='ocrx_word' id='word_1_133' title='bbox 1395 1447 1444 1483; x_wconf 79' lang='lat' dir='ltr'>cle</span> <span class='ocrx_word' id='word_1_134' title='bbox 1472 1448 1559 1483; x_wconf 68' lang='lat' dir='ltr'>uita</span> <span class='ocrx_word' id='word_1_135' title='bbox 1591 1447 1728 1493; x_wconf 72' lang='lat' dir='ltr'>ipsius.</span> 
     </span>
     <span class='ocr_line' id='line_1_15' title="bbox 197 1504 1730 1561; baseline 0.001 -15"><span class='ocrx_word' id='word_1_136' title='bbox 197 1508 299 1547; x_wconf 89' lang='lat' dir='ltr'>Lael.</span> <span class='ocrx_word' id='word_1_137' title='bbox 325 1508 360 1559; x_wconf 85' lang='lat'>1,</span> <span class='ocrx_word' id='word_1_138' title='bbox 381 1504 456 1561; x_wconf 61' lang='lat'>5:⁹³)</span> <span class='ocrx_word' id='word_1_139' title='bbox 503 1508 736 1547; x_wconf 81' lang='lat' dir='ltr'>Plutarchus</span> <span class='ocrx_word' id='word_1_140' title='bbox 776 1515 923 1559; x_wconf 85' lang='lat' dir='ltr'>autem,</span> <span class='ocrx_word' id='word_1_141' title='bbox 969 1521 1203 1560; x_wconf 87' lang='lat' dir='ltr'>quamquam</span> <span class='ocrx_word' id='word_1_142' title='bbox 1239 1509 1416 1560; x_wconf 79' lang='grc' dir='ltr'><em>βιβλίον</em></span> <span class='ocrx_word' id='word_1_143' title='bbox 1451 1522 1565 1548; x_wconf 91' lang='lat' dir='ltr'>omne</span> <span class='ocrx_word' id='word_1_144' title='bbox 1604 1521 1730 1560; x_wconf 81' lang='lat' dir='ltr'>genus</span> 
     </span>
     <span class='ocr_line' id='line_1_16' title="bbox 194 1574 1730 1625; baseline 0.001 -14"><span class='ocrx_word' id='word_1_145' title='bbox 194 1575 431 1625; x_wconf 85' lang='lat' dir='ltr'>scriptorum</span> <span class='ocrx_word' id='word_1_146' title='bbox 459 1575 683 1623; x_wconf 70' lang='lat' dir='ltr'>significare</span> <span class='ocrx_word' id='word_1_147' title='bbox 709 1580 850 1625; x_wconf 67' lang='lat' dir='ltr'>potest,</span> <span class='ocrx_word' id='word_1_148' title='bbox 877 1580 1019 1624; x_wconf 74' lang='lat' dir='ltr'>tamen,</span> <span class='ocrx_word' id='word_1_149' title='bbox 1047 1576 1079 1612; x_wconf 91' lang='lat' dir='ltr'>si</span> <span class='ocrx_word' id='word_1_150' title='bbox 1101 1576 1318 1613; x_wconf 84' lang='lat' dir='ltr'>orationem</span> <span class='ocrx_word' id='word_1_151' title='bbox 1346 1574 1503 1613; x_wconf 89' lang='lat' dir='ltr'>laudare</span> <span class='ocrx_word' id='word_1_152' title='bbox 1524 1574 1730 1623; x_wconf 76' lang='lat' dir='ltr'>uoluisset,</span> 
     </span>
     <span class='ocr_line' id='line_1_17' title="bbox 192 1638 1727 1691; baseline 0.001 -15"><span class='ocrx_word' id='word_1_153' title='bbox 192 1638 297 1677; x_wconf 87' lang='lat' dir='ltr'>aliud</span> <span class='ocrx_word' id='word_1_154' title='bbox 324 1638 559 1677; x_wconf 87' lang='lat' dir='ltr'>uocabulum</span> <span class='ocrx_word' id='word_1_155' title='bbox 587 1639 851 1690; x_wconf 81' lang='lat' dir='ltr'>praetulisset.</span> <span class='ocrx_word' id='word_1_156' title='bbox 885 1645 1020 1677; x_wconf 89' lang='lat' dir='ltr'>contra</span> <span class='ocrx_word' id='word_1_157' title='bbox 1047 1639 1110 1677; x_wconf 91' lang='lat' dir='ltr'>illa</span> <span class='ocrx_word' id='word_1_158' title='bbox 1139 1639 1379 1691; x_wconf 75' lang='lat' dir='ltr'>Nipperdeyi</span> <span class='ocrx_word' id='word_1_159' title='bbox 1406 1642 1601 1678; x_wconf 84' lang='lat' dir='ltr'>sententia</span> <span class='ocrx_word' id='word_1_160' title='bbox 1623 1652 1727 1678; x_wconf 77' lang='lat' dir='ltr'>com-</span> 
     </span>
     <span class='ocr_line' id='line_1_18' title="bbox 194 1703 1728 1756; baseline 0.001 -15"><span class='ocrx_word' id='word_1_161' title='bbox 194 1703 405 1742; x_wconf 90' lang='lat' dir='ltr'>mendatur</span> <span class='ocrx_word' id='word_1_162' title='bbox 432 1705 547 1742; x_wconf 88' lang='lat' dir='ltr'>etiam</span> <span class='ocrx_word' id='word_1_163' title='bbox 576 1717 619 1742; x_wconf 90' lang='lat' dir='ltr'>ea</span> <span class='ocrx_word' id='word_1_164' title='bbox 648 1716 707 1754; x_wconf 80' lang='lat' dir='ltr'>re,</span> <span class='ocrx_word' id='word_1_165' title='bbox 738 1704 840 1755; x_wconf 89' lang='lat' dir='ltr'>quod</span> <span class='ocrx_word' id='word_1_166' title='bbox 868 1717 966 1755; x_wconf 87' lang='lat' dir='ltr'>quae</span> <span class='ocrx_word' id='word_1_167' title='bbox 995 1704 1132 1743; x_wconf 90' lang='lat' dir='ltr'>Cicero</span> <span class='ocrx_word' id='word_1_168' title='bbox 1160 1717 1206 1743; x_wconf 82' lang='lat' dir='ltr'>ex</span> <span class='ocrx_word' id='word_1_169' title='bbox 1235 1704 1400 1743; x_wconf 86' lang='lat' dir='ltr'>Gracchi</span> <span class='ocrx_word' id='word_1_170' title='bbox 1427 1705 1526 1743; x_wconf 92' lang='lat' dir='ltr'>libro</span> <span class='ocrx_word' id='word_1_171' title='bbox 1554 1704 1728 1756; x_wconf 83' lang='lat' dir='ltr'>protulit,</span> 
     </span>
     <span class='ocr_line' id='line_1_19' title="bbox 193 1767 1727 1823; baseline 0.001 -16"><span class='ocrx_word' id='word_1_172' title='bbox 193 1769 329 1808; x_wconf 90' lang='lat' dir='ltr'>eadem</span> <span class='ocrx_word' id='word_1_173' title='bbox 357 1771 472 1807; x_wconf 87' lang='lat' dir='ltr'>etiam</span> <span class='ocrx_word' id='word_1_174' title='bbox 502 1769 603 1820; x_wconf 87' lang='lat' dir='ltr'>apud</span> <span class='ocrx_word' id='word_1_175' title='bbox 626 1769 879 1808; x_wconf 87' lang='lat' dir='ltr'>Plutarchum</span> <span class='ocrx_word' id='word_1_176' title='bbox 906 1771 946 1808; x_wconf 91' lang='lat' dir='ltr'>in</span> <span class='ocrx_word' id='word_1_177' title='bbox 972 1771 1042 1808; x_wconf 90' lang='lat' dir='ltr'>uit.</span> <span class='ocrx_word' id='word_1_178' title='bbox 1064 1769 1148 1808; x_wconf 90' lang='lat' dir='ltr'>Tib.</span> <span class='ocrx_word' id='word_1_179' title='bbox 1173 1769 1191 1808; x_wconf 85' lang='lat'>1</span> <span class='ocrx_word' id='word_1_180' title='bbox 1224 1776 1378 1809; x_wconf 82' lang='lat' dir='ltr'>exstant</span> <span class='ocrx_word' id='word_1_181' title='bbox 1404 1767 1510 1823; x_wconf 82' lang='lat' dir='ltr'>(adn.</span> <span class='ocrx_word' id='word_1_182' title='bbox 1533 1770 1579 1809; x_wconf 89' lang='lat' dir='ltr'>ad</span> <span class='ocrx_word' id='word_1_183' title='bbox 1601 1771 1647 1809; x_wconf 87' lang='lat' dir='ltr'>fr.</span> <span class='ocrx_word' id='word_1_184' title='bbox 1671 1768 1727 1821; x_wconf 79' lang='grc'><strong>1).</strong></span> 
     </span>
     <span class='ocr_line' id='line_1_20' title="bbox 192 1834 1726 1886; baseline 0.001 -14"><span class='ocrx_word' id='word_1_185' title='bbox 192 1847 241 1873; x_wconf 89' lang='lat' dir='ltr'>ne</span> <span class='ocrx_word' id='word_1_186' title='bbox 275 1834 413 1884; x_wconf 77' lang='lat' dir='ltr'>multa,</span> <span class='ocrx_word' id='word_1_187' title='bbox 450 1836 544 1885; x_wconf 85' lang='lat' dir='ltr'>quin</span> <span class='ocrx_word' id='word_1_188' title='bbox 582 1841 619 1873; x_wconf 88' lang='lat' dir='ltr'>et</span> <span class='ocrx_word' id='word_1_189' title='bbox 655 1848 753 1885; x_wconf 85' lang='lat' dir='ltr'>quae</span> <span class='ocrx_word' id='word_1_190' title='bbox 790 1835 1023 1874; x_wconf 85' lang='lat' dir='ltr'>Plutarchus</span> <span class='ocrx_word' id='word_1_191' title='bbox 1059 1841 1097 1874; x_wconf 89' lang='lat' dir='ltr'>et</span> <span class='ocrx_word' id='word_1_192' title='bbox 1130 1848 1227 1886; x_wconf 88' lang='lat' dir='ltr'>quae</span> <span class='ocrx_word' id='word_1_193' title='bbox 1262 1836 1398 1874; x_wconf 86' lang='lat' dir='ltr'>Cicero</span> <span class='ocrx_word' id='word_1_194' title='bbox 1432 1835 1650 1875; x_wconf 90' lang='lat' dir='ltr'>secundum</span> <span class='ocrx_word' id='word_1_195' title='bbox 1687 1836 1726 1874; x_wconf 83' lang='lat' dir='ltr'>C.</span> 
     </span>
     <span class='ocr_line' id='line_1_21' title="bbox 194 1900 1725 1952; baseline 0.001 -14"><span class='ocrx_word' id='word_1_196' title='bbox 194 1900 414 1938; x_wconf 87' lang='lat' dir='ltr'>Gracchum</span> <span class='ocrx_word' id='word_1_197' title='bbox 442 1901 703 1951; x_wconf 78' lang='lat' dir='ltr'>narrauerint‚</span> <span class='ocrx_word' id='word_1_198' title='bbox 731 1913 777 1939; x_wconf 85' lang='lat' dir='ltr'>ex</span> <span class='ocrx_word' id='word_1_199' title='bbox 805 1900 941 1939; x_wconf 90' lang='lat' dir='ltr'>eodem</span> <span class='ocrx_word' id='word_1_200' title='bbox 968 1902 1052 1939; x_wconf 89' lang='lat' dir='ltr'>eius</span> <span class='ocrx_word' id='word_1_201' title='bbox 1080 1900 1179 1939; x_wconf 89' lang='lat' dir='ltr'>libro</span> <span class='ocrx_word' id='word_1_202' title='bbox 1207 1901 1421 1952; x_wconf 88' lang='lat' dir='ltr'>repetenda</span> <span class='ocrx_word' id='word_1_203' title='bbox 1449 1903 1539 1952; x_wconf 69' lang='lat' dir='ltr'>sint7</span> <span class='ocrx_word' id='word_1_204' title='bbox 1564 1902 1632 1940; x_wconf 76' lang='lat' dir='ltr'>uix</span> <span class='ocrx_word' id='word_1_205' title='bbox 1658 1914 1725 1952; x_wconf 89' lang='lat' dir='ltr'>po-</span> 
     </span>
     <span class='ocr_line' id='line_1_22' title="bbox 191 1964 1727 2017; baseline 0.001 -14"><span class='ocrx_word' id='word_1_206' title='bbox 191 1967 284 2004; x_wconf 85' lang='lat' dir='ltr'>terit</span> <span class='ocrx_word' id='word_1_207' title='bbox 311 1964 493 2015; x_wconf 70' lang='lat' dir='ltr'>dubitari,</span> <span class='ocrx_word' id='word_1_208' title='bbox 520 1977 648 2016; x_wconf 91' lang='lat' dir='ltr'>neque</span> <span class='ocrx_word' id='word_1_209' title='bbox 672 1978 775 2004; x_wconf 91' lang='lat' dir='ltr'>nunc</span> <span class='ocrx_word' id='word_1_210' title='bbox 804 1967 1011 2017; x_wconf 85' lang='lat' dir='ltr'>quisquam</span> <span class='ocrx_word' id='word_1_211' title='bbox 1034 1968 1255 2016; x_wconf 81' lang='lat' dir='ltr'>argumenti</span> <span class='ocrx_word' id='word_1_212' title='bbox 1282 1979 1371 2005; x_wconf 90' lang='lat' dir='ltr'>eum</span> <span class='ocrx_word' id='word_1_213' title='bbox 1397 1967 1578 2005; x_wconf 86' lang='lat' dir='ltr'>historici</span> <span class='ocrx_word' id='word_1_214' title='bbox 1604 1967 1727 2005; x_wconf 86' lang='lat' dir='ltr'>fuisse</span> 
     </span>
     <span class='ocr_line' id='line_1_23' title="bbox 193 2030 1725 2083; baseline 0.001 -15"><span class='ocrx_word' id='word_1_215' title='bbox 193 2037 231 2069; x_wconf 61' lang='lat' dir='ltr'>et,</span> <span class='ocrx_word' id='word_1_216' title='bbox 257 2030 406 2069; x_wconf 89' lang='lat' dir='ltr'>Tiberii</span> <span class='ocrx_word' id='word_1_217' title='bbox 433 2031 566 2069; x_wconf 85' lang='lat' dir='ltr'>fratris</span> <span class='ocrx_word' id='word_1_218' title='bbox 593 2044 657 2070; x_wconf 91' lang='lat' dir='ltr'>res</span> <span class='ocrx_word' id='word_1_219' title='bbox 684 2033 736 2070; x_wconf 89' lang='lat' dir='ltr'>ita</span> <span class='ocrx_word' id='word_1_220' title='bbox 764 2044 809 2070; x_wconf 90' lang='lat' dir='ltr'>eo</span> <span class='ocrx_word' id='word_1_221' title='bbox 837 2044 924 2070; x_wconf 93' lang='lat' dir='ltr'>esse</span> <span class='ocrx_word' id='word_1_222' title='bbox 952 2038 1153 2071; x_wconf 85' lang='lat' dir='ltr'>enarratas</span> <span class='ocrx_word' id='word_1_223' title='bbox 1179 2031 1326 2083; x_wconf 77' lang='lat' dir='ltr'>uideri7</span> <span class='ocrx_word' id='word_1_224' title='bbox 1352 2037 1395 2070; x_wconf 84' lang='lat' dir='ltr'>ut</span> <span class='ocrx_word' id='word_1_225' title='bbox 1422 2045 1441 2070; x_wconf 86' lang='lat' dir='ltr'>a</span> <span class='ocrx_word' id='word_1_226' title='bbox 1470 2032 1588 2070; x_wconf 89' lang='lat' dir='ltr'>fratre</span> <span class='ocrx_word' id='word_1_227' title='bbox 1614 2033 1725 2083; x_wconf 91' lang='lat' dir='ltr'>pien-</span> 
     </span>
     <span class='ocr_line' id='line_1_24' title="bbox 192 2095 1728 2147; baseline 0.001 -14"><span class='ocrx_word' id='word_1_228' title='bbox 192 2097 345 2134; x_wconf 82' lang='lat' dir='ltr'>tissimo</span> <span class='ocrx_word' id='word_1_229' title='bbox 379 2095 561 2134; x_wconf 86' lang='lat' dir='ltr'>omnihus</span> <span class='ocrx_word' id='word_1_230' title='bbox 595 2096 828 2135; x_wconf 88' lang='lat' dir='ltr'>criminibus</span> <span class='ocrx_word' id='word_1_231' title='bbox 861 2096 1047 2136; x_wconf 85' lang='lat' dir='ltr'>liberatae</span> <span class='ocrx_word' id='word_1_232' title='bbox 1082 2095 1390 2147; x_wconf 81' lang='lat' dir='ltr'>celebrarentur,</span> <span class='ocrx_word' id='word_1_233' title='bbox 1423 2109 1500 2135; x_wconf 90' lang='lat' dir='ltr'>non</span> <span class='ocrx_word' id='word_1_234' title='bbox 1537 2096 1728 2136; x_wconf 80' lang='lat' dir='ltr'>concedet.</span> 
     </span>
     <span class='ocr_line' id='line_1_25' title="bbox 189 2157 1432 2216; baseline 0.002 -17"><span class='ocrx_word' id='word_1_235' title='bbox 189 2160 420 2200; x_wconf 77' lang='lat' dir='ltr'>Mercklinio</span> <span class='ocrx_word' id='word_1_236' title='bbox 449 2157 528 2213; x_wconf 82' lang='lat' dir='ltr'>(De</span> <span class='ocrx_word' id='word_1_237' title='bbox 561 2162 676 2200; x_wconf 75' lang='lat' dir='ltr'>Corn.</span> <span class='ocrx_word' id='word_1_238' title='bbox 704 2163 874 2201; x_wconf 76' lang='lat' dir='ltr'>Gracch.</span> <span class='ocrx_word' id='word_1_239' title='bbox 902 2165 1046 2201; x_wconf 71' lang='lat' dir='ltr'>matris</span> <span class='ocrx_word' id='word_1_240' title='bbox 1071 2165 1158 2201; x_wconf 73' lang='lat' dir='ltr'>uita</span> <span class='ocrx_word' id='word_1_241' title='bbox 1185 2168 1258 2200; x_wconf 89' lang='lat' dir='ltr'>etc.</span> <span class='ocrx_word' id='word_1_242' title='bbox 1286 2175 1321 2213; x_wconf 91' lang='lat' dir='ltr'>p.</span> <span class='ocrx_word' id='word_1_243' title='bbox 1344 2158 1432 2216; x_wconf 74' lang='lat'>36).</span> 
     </span>
    </p>

    <p class='ocr_par' dir='ltr' id='par_1_3' title="bbox 185 2226 1724 2604">
     <span class='ocr_line' id='line_1_26' title="bbox 278 2226 1724 2278; baseline 0.001 -14"><span class='ocrx_word' id='word_1_244' title='bbox 278 2226 517 2277; x_wconf 85' lang='lat' dir='ltr'>Pomponius</span> <span class='ocrx_word' id='word_1_245' title='bbox 543 2239 650 2277; x_wconf 81' lang='lat' dir='ltr'>uero7</span> <span class='ocrx_word' id='word_1_246' title='bbox 678 2227 724 2265; x_wconf 86' lang='lat' dir='ltr'>ad</span> <span class='ocrx_word' id='word_1_247' title='bbox 752 2239 868 2277; x_wconf 86' lang='lat' dir='ltr'>quem</span> <span class='ocrx_word' id='word_1_248' title='bbox 890 2227 929 2265; x_wconf 88' lang='lat' dir='ltr'>C.</span> <span class='ocrx_word' id='word_1_249' title='bbox 952 2226 1153 2266; x_wconf 86' lang='lat' dir='ltr'>Gracchus</span> <span class='ocrx_word' id='word_1_250' title='bbox 1179 2227 1284 2265; x_wconf 80' lang='lat' dir='ltr'>hunc</span> <span class='ocrx_word' id='word_1_251' title='bbox 1312 2227 1498 2278; x_wconf 80' lang='lat' dir='ltr'>libellum,</span> <span class='ocrx_word' id='word_1_252' title='bbox 1527 2229 1593 2278; x_wconf 92' lang='lat' dir='ltr'>qui</span> <span class='ocrx_word' id='word_1_253' title='bbox 1619 2227 1724 2266; x_wconf 87' lang='lat' dir='ltr'>haud</span> 
     </span>
     <span class='ocr_line' id='line_1_27' title="bbox 189 2288 1724 2346; baseline 0.002 -17"><span class='ocrx_word' id='word_1_254' title='bbox 189 2293 242 2330; x_wconf 84' lang='lat' dir='ltr'>ita</span> <span class='ocrx_word' id='word_1_255' title='bbox 270 2291 422 2342; x_wconf 89' lang='lat' dir='ltr'>amplus</span> <span class='ocrx_word' id='word_1_256' title='bbox 449 2291 609 2330; x_wconf 87' lang='lat' dir='ltr'>uidetur</span> <span class='ocrx_word' id='word_1_257' title='bbox 635 2293 776 2343; x_wconf 80' lang='lat' dir='ltr'>fuisse,</span> <span class='ocrx_word' id='word_1_258' title='bbox 808 2293 933 2342; x_wconf 76' lang='lat' dir='ltr'>misit,</span> <span class='ocrx_word' id='word_1_259' title='bbox 966 2298 1049 2331; x_wconf 86' lang='lat' dir='ltr'>erat</span> <span class='ocrx_word' id='word_1_260' title='bbox 1080 2305 1200 2343; x_wconf 86' lang='lat' dir='ltr'>eques</span> <span class='ocrx_word' id='word_1_261' title='bbox 1234 2292 1298 2331; x_wconf 91' lang='lat' dir='ltr'>ille</span> <span class='ocrx_word' id='word_1_262' title='bbox 1324 2292 1522 2331; x_wconf 88' lang='lat' dir='ltr'>Romanus</span> <span class='ocrx_word' id='word_1_263' title='bbox 1551 2288 1663 2346; x_wconf 77' lang='lat' dir='ltr'>(Veli.</span> <span class='ocrx_word' id='word_1_264' title='bbox 1685 2291 1724 2343; x_wconf 77' lang='lat'>2,</span> 
     </span>
     <span class='ocr_line' id='line_1_28' title="bbox 189 2353 1723 2409; baseline 0.001 -14"><span class='ocrx_word' id='word_1_265' title='bbox 189 2354 227 2407; x_wconf 84' lang='grc'>6,</span> <span class='ocrx_word' id='word_1_266' title='bbox 243 2353 287 2409; x_wconf 81' lang='lat'>6&gt;</span> <span class='ocrx_word' id='word_1_267' title='bbox 316 2358 543 2407; x_wconf 83' lang='lat' dir='ltr'>amicusque</span> <span class='ocrx_word' id='word_1_268' title='bbox 571 2363 768 2408; x_wconf 86' lang='lat' dir='ltr'>spectatae</span> <span class='ocrx_word' id='word_1_269' title='bbox 796 2363 833 2396; x_wconf 87' lang='lat' dir='ltr'>et</span> <span class='ocrx_word' id='word_1_270' title='bbox 860 2357 1083 2409; x_wconf 84' lang='lat' dir='ltr'>exploratae</span> <span class='ocrx_word' id='word_1_271' title='bbox 1111 2358 1214 2408; x_wconf 77' lang='lat' dir='ltr'>fidei,</span> <span class='ocrx_word' id='word_1_272' title='bbox 1242 2359 1309 2409; x_wconf 87' lang='lat' dir='ltr'>qui</span> <span class='ocrx_word' id='word_1_273' title='bbox 1334 2370 1460 2409; x_wconf 89' lang='lat' dir='ltr'>usque</span> <span class='ocrx_word' id='word_1_274' title='bbox 1482 2357 1528 2396; x_wconf 90' lang='lat' dir='ltr'>ad</span> <span class='ocrx_word' id='word_1_275' title='bbox 1554 2363 1723 2397; x_wconf 83' lang='lat' dir='ltr'>mortem</span> 
     </span>
     <span class='ocr_line' id='line_1_29' title="bbox 189 2420 1723 2473; baseline 0.001 -14"><span class='ocrx_word' id='word_1_276' title='bbox 189 2420 328 2460; x_wconf 88' lang='lat' dir='ltr'>Gaium</span> <span class='ocrx_word' id='word_1_277' title='bbox 361 2423 557 2460; x_wconf 85' lang='lat' dir='ltr'>artissima</span> <span class='ocrx_word' id='word_1_278' title='bbox 589 2422 790 2473; x_wconf 82' lang='lat' dir='ltr'>amplexus</span> <span class='ocrx_word' id='word_1_279' title='bbox 818 2429 877 2462; x_wconf 84' lang='lat' dir='ltr'>est</span> <span class='ocrx_word' id='word_1_280' title='bbox 910 2424 1091 2462; x_wconf 86' lang='lat' dir='ltr'>amicitia.</span> <span class='ocrx_word' id='word_1_281' title='bbox 1132 2436 1220 2462; x_wconf 90' lang='lat' dir='ltr'>nam</span> <span class='ocrx_word' id='word_1_282' title='bbox 1249 2436 1338 2462; x_wconf 93' lang='lat' dir='ltr'>cum</span> <span class='ocrx_word' id='word_1_283' title='bbox 1365 2436 1454 2462; x_wconf 90' lang='lat' dir='ltr'>eum</span> <span class='ocrx_word' id='word_1_284' title='bbox 1482 2435 1620 2461; x_wconf 89' lang='lat' dir='ltr'>manus</span> <span class='ocrx_word' id='word_1_285' title='bbox 1647 2423 1723 2462; x_wconf 87' lang='lat' dir='ltr'>sibi</span> 
     </span>
     <span class='ocr_line' id='line_1_30' title="bbox 187 2486 1723 2539; baseline 0.002 -15"><span class='ocrx_word' id='word_1_286' title='bbox 187 2486 429 2525; x_wconf 86' lang='lat' dir='ltr'>adserentem</span> <span class='ocrx_word' id='word_1_287' title='bbox 463 2487 509 2525; x_wconf 85' lang='lat' dir='ltr'>ab</span> <span class='ocrx_word' id='word_1_288' title='bbox 540 2488 613 2526; x_wconf 85' lang='lat' dir='ltr'>hoe</span> <span class='ocrx_word' id='word_1_289' title='bbox 641 2487 804 2526; x_wconf 87' lang='lat' dir='ltr'>consilio</span> <span class='ocrx_word' id='word_1_290' title='bbox 838 2494 1065 2527; x_wconf 83' lang='lat' dir='ltr'>reuocasset</span> <span class='ocrx_word' id='word_1_291' title='bbox 1092 2494 1145 2539; x_wconf 84' lang='lat' dir='ltr'>et,</span> <span class='ocrx_word' id='word_1_292' title='bbox 1178 2494 1223 2527; x_wconf 89' lang='lat' dir='ltr'>ut</span> <span class='ocrx_word' id='word_1_293' title='bbox 1249 2489 1338 2539; x_wconf 77' lang='lat' dir='ltr'>suga</span> <span class='ocrx_word' id='word_1_294' title='bbox 1364 2488 1531 2527; x_wconf 90' lang='lat' dir='ltr'>salutem</span> <span class='ocrx_word' id='word_1_295' title='bbox 1558 2494 1723 2539; x_wconf 84' lang='lat' dir='ltr'>peteret,</span> 
     </span>
     <span class='ocr_line' id='line_1_31' title="bbox 185 2554 1720 2604; baseline 0.001 -14"><span class='ocrx_word' id='word_1_296' title='bbox 185 2554 466 2603; x_wconf 73' lang='lat' dir='ltr'>persuasisset,</span> <span class='ocrx_word' id='word_1_297' title='bbox 503 2565 665 2604; x_wconf 86' lang='lat' dir='ltr'>corpore</span> <span class='ocrx_word' id='word_1_298' title='bbox 703 2566 772 2592; x_wconf 91' lang='lat' dir='ltr'>suo</span> <span class='ocrx_word' id='word_1_299' title='bbox 810 2554 940 2604; x_wconf 79' lang='lat' dir='ltr'>sugam</span> <span class='ocrx_word' id='word_1_300' title='bbox 976 2559 1187 2604; x_wconf 73' lang='lat' dir='ltr'>protegens</span> <span class='ocrx_word' id='word_1_301' title='bbox 1221 2560 1255 2592; x_wconf 88' lang='lat' dir='ltr'>et</span> <span class='ocrx_word' id='word_1_302' title='bbox 1293 2555 1515 2592; x_wconf 85' lang='lat' dir='ltr'>inruentem</span> <span class='ocrx_word' id='word_1_303' title='bbox 1549 2554 1720 2592; x_wconf 88' lang='lat' dir='ltr'>hostium</span> 
     </span>
    </p>
   </div>
   <div class='ocr_carea' id='block_1_3' title="bbox 184 2684 1717 2939">
    <p class='ocr_par' dir='ltr' id='par_1_4' title="bbox 184 2684 1717 2939">
     <span class='ocr_line' id='line_1_32' title="bbox 282 2684 1717 2730; baseline 0.001 -13"><span class='ocrx_word' id='word_1_304' title='bbox 282 2685 311 2727; x_wconf 61' lang='lat'>1}</span> <span class='ocrx_word' id='word_1_305' title='bbox 340 2684 459 2718; x_wconf 68' lang='lat' dir='ltr'>Natus</span> <span class='ocrx_word' id='word_1_306' title='bbox 493 2686 548 2719; x_wconf 84' lang='lat' dir='ltr'>est</span> <span class='ocrx_word' id='word_1_307' title='bbox 582 2696 612 2719; x_wconf 85' lang='lat' dir='ltr'>a.</span> <span class='ocrx_word' id='word_1_308' title='bbox 640 2685 715 2719; x_wconf 86' lang='lat' dir='ltr'>sere</span> <span class='ocrx_word' id='word_1_309' title='bbox 745 2690 821 2720; x_wconf 83' lang='lat'>154.</span> <span class='ocrx_word' id='word_1_310' title='bbox 845 2689 922 2720; x_wconf 88' lang='lat'>600.</span> <span class='ocrx_word' id='word_1_311' title='bbox 958 2688 1133 2730; x_wconf 76' lang='lat' dir='ltr'>quaestor</span> <span class='ocrx_word' id='word_1_312' title='bbox 1165 2686 1237 2720; x_wconf 76' lang='lat' dir='ltr'>fuit</span> <span class='ocrx_word' id='word_1_313' title='bbox 1269 2687 1307 2720; x_wconf 89' lang='lat' dir='ltr'>in</span> <span class='ocrx_word' id='word_1_314' title='bbox 1339 2686 1509 2720; x_wconf 80' lang='lat' dir='ltr'>Sardinia</span> <span class='ocrx_word' id='word_1_315' title='bbox 1538 2689 1615 2721; x_wconf 77' lang='lat'>126.</span> <span class='ocrx_word' id='word_1_316' title='bbox 1639 2689 1717 2719; x_wconf 77' lang='lat'>628.</span> 
     </span>
     <span class='ocr_line' id='line_1_33' title="bbox 184 2736 1205 2781; baseline 0.003 -11"><span class='ocrx_word' id='word_1_317' title='bbox 184 2736 270 2771; x_wconf 68' lang='lat' dir='ltr'>trib.</span> <span class='ocrx_word' id='word_1_318' title='bbox 297 2737 347 2781; x_wconf 84' lang='lat' dir='ltr'>pl.</span> <span class='ocrx_word' id='word_1_319' title='bbox 370 2742 446 2772; x_wconf 76' lang='lat'>123.</span> <span class='ocrx_word' id='word_1_320' title='bbox 470 2741 533 2771; x_wconf 85' lang='lat'>631</span> <span class='ocrx_word' id='word_1_321' title='bbox 566 2745 599 2772; x_wconf 85' lang='lat' dir='ltr'>et</span> <span class='ocrx_word' id='word_1_322' title='bbox 629 2742 827 2773; x_wconf 70' lang='lat'>122—632.</span> <span class='ocrx_word' id='word_1_323' title='bbox 854 2739 997 2773; x_wconf 78' lang='lat' dir='ltr'>occisus</span> <span class='ocrx_word' id='word_1_324' title='bbox 1027 2743 1103 2773; x_wconf 80' lang='lat'>121.</span> <span class='ocrx_word' id='word_1_325' title='bbox 1127 2744 1205 2774; x_wconf 85' lang='lat'>633.</span> 
     </span>
     <span class='ocr_line' id='line_1_34' title="bbox 282 2791 1104 2837; baseline 0.004 -13"><span class='ocrx_word' id='word_1_326' title='bbox 282 2793 315 2834; x_wconf 71' lang='lat'>2)</span> <span class='ocrx_word' id='word_1_327' title='bbox 343 2791 402 2825; x_wconf 80' lang='lat' dir='ltr'>Sic</span> <span class='ocrx_word' id='word_1_328' title='bbox 429 2792 538 2825; x_wconf 77' lang='lat' dir='ltr'>etiam</span> <span class='ocrx_word' id='word_1_329' title='bbox 566 2791 693 2835; x_wconf 68' lang='lat' dir='ltr'>Meyer</span> <span class='ocrx_word' id='word_1_330' title='bbox 722 2792 819 2827; x_wconf 78' lang='lat' dir='ltr'>Orat.</span> <span class='ocrx_word' id='word_1_331' title='bbox 844 2793 948 2827; x_wconf 82' lang='lat' dir='ltr'>Rom.</span> <span class='ocrx_word' id='word_1_332' title='bbox 975 2805 1009 2837; x_wconf 90' lang='lat' dir='ltr'>p.</span> <span class='ocrx_word' id='word_1_333' title='bbox 1026 2796 1104 2827; x_wconf 72' lang='lat'>249.</span> 
     </span>
     <span class='ocr_line' id='line_1_35' title="bbox 280 2843 898 2889; baseline 0.003 -11"><span class='ocrx_word' id='word_1_334' title='bbox 280 2846 312 2886; x_wconf 57' lang='lat'>31&gt;</span> <span class='ocrx_word' id='word_1_335' title='bbox 341 2843 393 2878; x_wconf 80' lang='lat' dir='ltr'>Cf.</span> <span class='ocrx_word' id='word_1_336' title='bbox 422 2845 479 2879; x_wconf 85' lang='lat' dir='ltr'>De</span> <span class='ocrx_word' id='word_1_337' title='bbox 500 2846 597 2880; x_wconf 82' lang='lat' dir='ltr'>Plut.</span> <span class='ocrx_word' id='word_1_338' title='bbox 619 2846 710 2888; x_wconf 71' lang='lat' dir='ltr'>font.</span> <span class='ocrx_word' id='word_1_339' title='bbox 737 2857 770 2889; x_wconf 88' lang='lat' dir='ltr'>p.</span> <span class='ocrx_word' id='word_1_340' title='bbox 788 2850 831 2880; x_wconf 85' lang='lat'>95</span> <span class='ocrx_word' id='word_1_341' title='bbox 847 2857 898 2889; x_wconf 86' lang='lat' dir='ltr'>sq.</span> 
     </span>
     <span class='ocr_line' id='line_1_36' title="bbox 1343 2905 1432 2939; baseline 0.011 -1"><span class='ocrx_word' id='word_1_342' title='bbox 1343 2905 1432 2939; x_wconf 72' lang='lat' dir='ltr'>xil*</span> 
     </span>
    </p>
   </div>
  </div>
 </body>
</html>
