2002 3342
281 188 484 219 CCXLVIII
612 174 675 208 DE
703 173 1007 209 SCRIPTORVM
1032 173 1157 209 VITIS
1184 174 1244 208 ET
1272 174 1478 209 SCRIPTIS

280 288 365 325 eius
393 299 510 337 opera
537 284 689 324 laudata
717 290 793 335 est,
828 297 915 323 cum
949 284 1193 323 corniculum
1228 290 1416 335 mereret,
1450 291 1532 324 tum
1565 286 1604 323 in
1633 285 1811 324 Sardinia

280 351 474 403 stipendia
512 351 606 389 fecit
641 349 712 388 sub
752 349 789 387 L.
817 349 973 387 Aurelio
1007 348 1145 388 Oreste
1183 345 1292 402 (Aur.
1307 349 1402 388 Vict.
1424 349 1446 388 l.
1469 346 1536 403 5.),
1575 351 1641 400 qui
1676 350 1812 389 consul

281 430 312 456 a.
338 414 430 455 1⁶26.
454 413 538 454 6⁶28
565 415 756 453 bellantes
785 414 927 452 Sardos
955 413 1127 464 subegit,
1165 419 1201 452 et
1228 414 1341 465 paulo
1368 420 1456 466 post
1483 414 1719 454 aedilitatem
1746 428 1813 454 cu-

282 482 406 520 rulem
435 480 598 531 adeptus
626 485 696 530 est,
723 481 763 517 in
791 492 864 530 qua
893 491 981 518 cum
1008 484 1171 530 propter
1197 484 1467 531 paupertatem
1495 479 1676 518 ludorum
1698 492 1813 531 appa-

282 553 366 586 ratu
404 553 441 585 et
477 546 768 596 magnificentia
805 544 938 595 populi
977 544 1109 582 oculos
1149 546 1188 582 in
1222 557 1263 583 se
1296 550 1528 583 conuertere
1562 558 1638 583 non
1671 550 1815 596 posset,

283 610 376 650 ‘iuri
404 610 602 650 reddendo
636 611 759 661 magis
786 622 901 660 quam
935 610 1091 647 muneri
1127 608 1276 647 edendo
1305 608 1468 648 studuit'
1497 606 1718 662 (Amavict.
1740 609 1763 648 l.
1784 622 1814 648 s.

283 677 330 716 cs.
352 678 437 714 Asc.
459 676 480 714 l.
504 672 571 730 5.),
606 681 688 714 tum
721 680 944 726 praeturam
978 679 1013 712 et
1044 686 1090 712 ex
1118 686 1160 712 ea
1190 673 1409 713 Sardiniam
1437 676 1680 726 prouinciam
1709 671 1814 728 (Asc.

283 742 305 781 l.
322 741 378 793 5.).
406 741 575 791 tandem,
597 746 850 792 posteaquam
873 752 904 777 a.
920 737 1014 777 117.
1031 736 1114 777 637
1138 739 1337 789 repulsam
1359 739 1446 778 tulit
1468 736 1565 792 (Cic.
1581 752 1651 790 pro
1666 739 1815 778 Muren.

286 806 351 857 17,
373 804 460 860 36),
488 806 534 845 ad
562 806 808 844 consulatum
836 805 969 843 enisus
997 809 1056 842 est
1084 817 1114 842 a.
1139 802 1233 843 115.
1256 802 1340 843 639
1369 817 1457 843 cum
1478 804 1526 843 M.
1549 804 1716 843 Caecilio
1737 804 1816 843 Me-

284 873 375 912 tello
404 871 621 922 eodemque
644 883 744 909 anno
773 882 861 908 cum
888 869 1063 907 nondum
1091 870 1295 908 censorius
1323 875 1438 920 esset,
1466 882 1485 908 a
1512 869 1552 908 L.
1573 869 1727 908 Metello
1749 869 1817 908 Cn.

283 938 451 976 Domitio
474 936 705 975 censoribus
726 937 911 986 princeps
933 939 1092 972 senatus
1115 934 1242 973 dictus
1264 940 1321 973 est
1345 929 1412 988 (cs.
1428 934 1533 973 locos
1555 947 1574 972 a
1592 934 1817 973 Drumanno

283 1004 298 1042 1
326 1016 362 1054 p.
383 1001 437 1041 26
466 1015 502 1041 n.
525 1000 577 1040 67
609 1001 661 1052 [p.
689 998 738 1039 19
763 1013 799 1038 11.
821 998 865 1050 4]
895 995 1109 1053 collectos).
1157 999 1294 1038 consul
1320 1011 1415 1038 uero
1444 999 1548 1038 domi
1574 999 1818 1050 militiaeque

286 1068 332 1107 de
361 1069 519 1106 ciuitate
546 1067 646 1105 bene
674 1067 838 1105 meritus
867 1070 936 1103 est.
984 1064 1088 1102 dorni
1122 1065 1226 1102 enim
1254 1064 1379 1116 legem
1408 1064 1453 1103 de
1482 1064 1704 1115 sumptibus
1731 1064 1821 1103 tulit

285 1130 396 1187 (Aur.
412 1133 507 1171 Vict.
525 1132 546 1171 l.
562 1128 625 1186 s),
647 1144 691 1170 ex
715 1143 789 1182 qua
810 1130 881 1168 hoc
903 1130 1071 1168 inseruit
1091 1129 1242 1168 Plinius
1263 1143 1299 1169 n.
1320 1129 1356 1168 h.
1379 1127 1417 1180 8,
1438 1127 1541 1168 ⁶223:
1570 1130 1764 1169 Saurices
1784 1135 1822 1168 et

286 1203 393 1249 ipsos
418 1200 546 1237 hieme
573 1199 694 1236 condi
720 1202 867 1235 auctor
893 1201 950 1234 est
971 1196 1172 1242 Νἱρῖᾱῖηε,
1198 1198 1304 1234 sicut
1326 1197 1464 1244 ylires,
1492 1206 1590 1243 quos
1611 1197 1823 1233 censoriae

286 1267 392 1313 leges
414 1266 691 1312 princepsque
718 1261 772 1300 M.
796 1262 978 1299 Scaurus
1012 1264 1051 1299 in
1089 1263 1301 1299 consulatu
1334 1271 1413 1299 non
1448 1262 1528 1298 alio
1561 1261 1677 1298 modo
1710 1262 1822 1298 cenis

288 1332 477 1368 ademere
508 1339 628 1378 quam
656 1327 871 1375 conchylia
905 1330 976 1364 aut
1003 1338 1054 1364 ecc
1087 1328 1167 1364 alio
1201 1327 1297 1364 orbe
1333 1329 1551 1363 connectas
1587 1336 1693 1363 aues.
1745 1336 1822 1374 quo

288 1407 376 1433 cum
405 1394 584 1431 instituto
613 1404 711 1442 quae
739 1390 886 1429 Gellius
915 1390 960 1428 de
988 1389 1072 1440 lege
1100 1389 1267 1441 quadam
1293 1388 1456 1428 Aemilia
1482 1390 1698 1439 proposuit,
1731 1385 1823 1439 ‘qua

287 1472 364 1498 non
387 1463 567 1509 sumptus
588 1469 776 1495 cenarum
797 1455 867 1494 sed
888 1455 1066 1494 ciborum
1087 1467 1211 1506 genus
1233 1461 1271 1493 et
1290 1454 1429 1493 modus
1451 1454 1682 1505 praefinitus
1703 1450 1823 1492 esset’

289 1520 347 1577 (2,
369 1522 437 1574 24,
460 1519 534 1576 12)
568 1524 620 1560 ita
654 1523 884 1570 concinunt,
923 1526 965 1559 ut
999 1522 1072 1558 etsi
1101 1519 1249 1559 Gellius
1282 1519 1381 1558 hanc
1414 1519 1540 1569 legem
1572 1524 1660 1570 post
1693 1518 1823 1557 Sullae

289 1590 395 1640 leges
423 1593 604 1627 recenset
632 1594 670 1625 et
695 1586 917 1625 Macrobius
945 1582 1003 1639 (3,
1027 1583 1093 1635 17,
1117 1582 1190 1638 13)
1219 1598 1288 1624 seu
1317 1584 1440 1623 Gellio
1475 1586 1560 1635 ipso
1588 1596 1658 1622 seu
1685 1583 1823 1622 eodem

289 1668 365 1706 quo
393 1653 541 1693 Gellius
569 1653 673 1691 sonte
699 1664 795 1690 usus
823 1651 929 1690 Sulla
956 1657 1110 1690 mortuo
1138 1650 1329 1702 Lepidum
1364 1649 1567 1688 consulem
1594 1661 1626 1687 a.
1650 1645 1715 1687 78.
1738 1646 1823 1687 676

290 1733 376 1759 eam
402 1719 539 1758 tulisse
567 1717 757 1768 adfirmat,
782 1723 912 1755 tamen
941 1716 1105 1755 eandem
1133 1716 1259 1766 legem
1286 1715 1332 1754 ab
1358 1706 1536 1765 utrisflue
1566 1713 1709 1752 dictam
1739 1725 1825 1752 esse

291 1785 515 1824 censuerim
541 1782 827 1832 tribuerimque
854 1781 971 1819 Plinii
998 1782 1270 1820 auctoritatem
1298 1779 1499 1831 amplexus
1528 1779 1685 1817 Scauro.
1719 1778 1825 1817 hunc

291 1852 396 1889 enim
422 1855 466 1888 ut
490 1849 690 1887 hominem
717 1846 933 1885 nobilitatis
961 1846 1180 1885 studiosum
1207 1851 1385 1884 ueterem
1405 1845 1687 1896 parsimoniam
1709 1849 1825 1894 atque

292 1927 479 1954 cenarum
512 1914 741 1952 tenuitatem
775 1924 963 1950 reuocare
997 1917 1179 1950 conatum
1202 1909 1299 1949 ‘esse
1333 1909 1455 1948 multo
1488 1910 1612 1960 magis
1646 1914 1705 1947 est
1740 1909 1827 1947 ueri

292 1980 420 2020 simile
453 1991 569 2030 quam
602 1976 811 2028 Lepidum,
851 1978 917 2027 qui
951 1978 991 2014 in
1025 1978 1168 2015 ceteris
1202 1975 1331 2014 Sullae
1365 1975 1579 2013 aduersans
1612 1975 1653 2012 in
1685 1973 1757 2011 hac
1785 1985 1827 2012 re

293 2047 377 2085 eius
406 2043 568 2083 consilia
594 2039 709 2096 (Gell.
732 2047 770 2080 et
790 2041 906 2080 Macr.
929 2041 951 2080 l.
974 2054 1003 2080 s.
1025 2037 1074 2095 s.)
1102 2043 1168 2080 uix
1197 2046 1356 2079 secutus
1384 2046 1453 2079 est.
1490 2045 1574 2078 tum
1600 2051 1695 2078 uero
1723 2037 1827 2076 idem

293 2111 464 2149 Scaurus
497 2108 624 2159 legem
658 2108 811 2158 rogauit
846 2106 892 2145 de
925 2106 1201 2145 libertinorum
1236 2106 1434 2156 suffragiis
1461 2101 1569 2157 (Aur.
1585 2100 1720 2156 vict),
1753 2114 1828 2153 qua

294 2177 354 2215 sui
375 2174 525 2213 ordinis
549 2178 782 2224 potestatem
804 2185 893 2211 eum
914 2173 1070 2211 auxisse
1091 2171 1293 2222 probabile
1315 2177 1374 2209 est
1395 2168 1631 2224 (Mommsen
1653 2169 1826 2208 Staatsv.

292 2239 381 2280 1111
405 2253 441 2291 p.
456 2236 575 2292 438),
602 2237 818 2288 eodemque
845 2250 945 2276 anno
974 2238 1091 2276 etiam
1111 2237 1152 2274 in
1174 2235 1298 2274 Gallia
1325 2235 1494 2274 feliciter
1519 2234 1681 2273 bellauit
1706 2237 1746 2272 et
1765 2229 1829 2270 ede

295 2305 438 2344 Galleis
465 2301 646 2342 Karneis’
674 2315 811 2341 mense
839 2301 1055 2341 Nouembri
1081 2301 1145 2340 uel
1171 2300 1379 2340 Decembri
1406 2299 1676 2350 triumphauit.
1689 2294 1721 2351 ¹)

384 2370 517 2420 Itaque
551 2368 722 2407 Scaurus
754 2373 838 2406 tum
869 2369 1042 2419 primum
1074 2367 1204 2405 locum
1240 2368 1281 2405 in
1317 2367 1476 2404 ciuitate
1509 2364 1679 2403 obtinuit
1717 2368 1755 2401 et
1786 2367 1830 2401 ut

294 2437 373 2474 iam
400 2448 431 2473 a.
456 2433 550 2473 117.
573 2431 671 2485 637,
699 2445 787 2472 cum
816 2433 1001 2484 Iugurtha
1028 2432 1193 2483 legatos,
1225 2432 1293 2482 qui
1318 2429 1539 2469 Atherbalis
1571 2429 1737 2467 crimina
1770 2439 1829 2465 re-

394 2569 426 2612 1)
453 2566 554 2600 Haec
581 2566 679 2600 enim
704 2567 789 2600 acta.
809 2564 1053 2609 triumphalia
1074 2563 1287 2608 Capitolina
1308 2565 1355 2606 (p.
1370 2560 1448 2604 49¹)
1470 2560 1661 2594 exhibent:
1690 2559 1745 2593 M.
1761 2559 1831 2593 Ae-

296 2621 422 2655 milius
450 2621 503 2654 M.
525 2620 551 2662 f.
574 2620 618 2654 L.
640 2631 674 2653 n.
698 2619 860 2654 Scaurus
886 2629 953 2653 cos.
973 2617 1082 2663 [ant]
1105 2615 1337 2651 DCXXXIIX
1365 2617 1422 2659 (=
1444 2617 1512 2648 639
1531 2625 1596 2648 sec.
1620 2613 1830 2656 Varronem)

297 2674 339 2708 de
369 2673 508 2708 Gallez's
536 2673 708 2707 Karneis.
755 2674 884 2706 contra
917 2670 1089 2705 Aurelius
1116 2669 1247 2704 Victor
1279 2680 1362 2704 eum
1395 2666 1582 2702 consulem
1609 2666 1762 2711 Ligures
1795 2666 1832 2699 ei:

297 2726 510 2767 Tamisoos,
544 2726 615 2771 [sie
648 2725 746 2759 enim
778 2736 861 2758 eum
894 2724 1122 2758 Mommseno
1149 2723 1193 2756 H.
1215 2722 1255 2755 R.
1278 2722 1310 2756 II
1335 2733 1372 2766 p.
1393 2724 1460 2755 169
1497 2719 1732 2754 scribendum
1764 2719 1831 2762 est,

300 2780 491 2816 Gauriseos
521 2778 583 2813 uel
617 2778 732 2813 Gaur.
760 2777 867 2821 libri,
910 2777 1102 2813 Gontiscos
1136 2775 1254 2821 uulg.]
1291 2775 1438 2820 gentem
1473 2771 1600 2808 Carnis
1633 2771 1831 2806 finitimam

299 2833 484 2867 domuisse
512 2833 624 2875 atque
651 2832 695 2865 de
722 2831 780 2864 his
806 2830 1053 2874 triumphasse
1080 2828 1239 2872 scripsit.
