2002 3342
115 896 148 920 10

301 186 337 221 L.
360 186 616 221 CALPVRNH
643 186 824 221 PISONIS
851 186 1074 222 CENsoRn
1102 188 1336 223 ANNALES.
1377 189 1419 223 fr.
1442 192 1533 224 5—8
1618 190 1700 230 123

171 300 210 336 in
238 297 442 336 annalibus
470 297 608 335 scribit
635 297 778 335 Sabino
805 297 918 348 bello,
947 297 1048 348 quod
1077 298 1150 337 suit
1171 299 1333 338 Romulo
1362 304 1400 338 et
1420 299 1543 351 Tatio,
1570 302 1701 339 uirum

172 363 430 401 fortissimum
458 362 634 401 Mettium
662 361 841 400 Curtium
870 362 1070 413 Sabinum,
1098 376 1186 401 cuin
1214 363 1402 403 Romulus
1429 377 1517 403 curn
1546 367 1628 404 suis
1656 378 1700 404 ex

171 429 374 479 superiore
410 434 519 478 parte
555 428 856 478 impressionem
896 428 1064 478 fecisset,
1103 428 1317 478 [Curtium]
1358 431 1397 467 in
1433 429 1561 469 locum
1594 430 1702 481 palu—

171 499 304 543 strem,
332 494 398 544 qui
421 499 501 531 tum
523 494 596 531 suit
614 493 655 530 in
678 492 773 542 soro,
800 498 1008 544 antequam
1037 493 1190 531 cloacae
1212 500 1302 532 sunt
1325 496 1459 545 laetae,
1487 497 1702 534 secessisse

172 565 286 609 atque
326 558 372 597 ad
411 570 503 597 suos
542 559 581 596 in
621 557 853 609 Capitolium
894 559 1110 610 recepisse3
1157 558 1203 597 ab
1244 571 1288 597 eo
1333 559 1461 598 lacum
1500 561 1702 600 inuenisse

171 636 324 669 nomen.

261 685 330 727 7²3*-
368 689 528 727 Tertztll.
552 690 600 727 de
624 693 799 737 spectac.
821 689 858 726 5.
898 688 1047 726 Dehinc
1079 685 1196 740 [post
1225 687 1466 741 Consualia]
1497 690 1601 729 idem
1630 691 1702 729 lto-

169 754 297 793 mulus
324 754 407 792 Ioui
434 753 610 791 Feretrio
638 753 750 792 ludos
778 754 948 792 instituit
977 755 1016 791 in
1043 753 1222 805 Tarpeio,
1251 767 1348 805 quos
1369 754 1556 806 Tarpeios
1579 755 1702 794 dictos

171 826 209 857 et
235 818 474 870 Capitolinos
501 818 589 856 Piso
618 817 792 857 tradidit.

259 880 302 923 S.
336 884 429 923 Gell.
450 897 488 922 η.
504 886 583 922 Act.
602 884 666 931 II,
684 884 750 922 14.
785 883 1082 934 simplicissima
1105 886 1297 923 suauitate
1320 890 1358 923 et
1378 887 1436 923 rei
1458 890 1496 923 et
1515 887 1702 924 orationis

168 948 208 987 L.
229 948 318 987 Piso
345 948 463 999 Frugi
489 961 586 987 usus
614 954 673 987 est
699 950 739 986 in
766 950 894 1000 primo
928 949 1069 999 annali,
1104 962 1194 988 cum
1229 949 1275 988 de
1308 949 1464 988 Romuli
1491 951 1595 1000 regis
1621 952 1703 989 uita

167 1019 283 1065 atque
308 1015 417 1052 uictu
445 1013 648 1052 scriberet.
683 1026 727 1052 ea
753 1014 885 1065 uerba,
919 1027 1018 1065 quae
1046 1015 1217 1065 scripsit,
1250 1014 1346 1053 haec
1380 1020 1488 1054 sunt:
1522 1015 1701 1054 Eundem

167 1078 375 1118 Romulum
403 1078 538 1118 dicunt
564 1079 610 1117 ad
638 1091 774 1118 cenam
801 1086 984 1118 uocatum
1017 1079 1072 1118 ibi
1106 1092 1183 1118 non
1216 1079 1383 1118 multum
1416 1080 1577 1130 bibisse,
1612 1083 1702 1131 quia

167 1144 355 1195 postridie
383 1146 584 1195 negotium
611 1143 784 1183 haberet.
819 1146 855 1183 ei
884 1144 1036 1183 dicunt:
1066 1143 1258 1196 ‘Romule7
1286 1146 1319 1183 si
1339 1145 1446 1184 istud
1473 1158 1608 1184 omnes
1635 1146 1702 1184 ho-

167 1287 301 1323 effusos
340 1291 468 1333 egerat
499 1289 685 1323 Romanos
724 1290 802 1323 toto
842 1290 1022 1332 quantum
1060 1289 1139 1324 foro
1173 1289 1337 1333 spatium
1374 1291 1439 1324 est.
1479 1300 1546 1324 nec
1572 1290 1702 1334 procul

165 1336 240 1369 iam
267 1347 288 1370 a
314 1339 422 1381 porta
442 1336 581 1370 Palatii
608 1338 688 1371 erat
720 1336 918 1370 clamitans
947 1336 1120 1370 ‘uicimus
1148 1337 1307 1381 perfidos
1334 1337 1518 1381 hospites,
1545 1337 1701 1372 inbelles

165 1383 305 1418 hostes:
339 1383 414 1418 iam
440 1385 562 1418 sciunt
587 1384 697 1429 longe
724 1383 827 1417 aliud
847 1395 927 1418 esse
947 1384 1112 1428 uirgines
1132 1395 1272 1428 rapere,
1300 1384 1402 1418 aliud
1424 1396 1591 1429 pugnare
1618 1397 1702 1419 cum

165 1431 283 1465 uiris'.
322 1431 361 1464 in
381 1442 463 1466 eum
485 1432 576 1465 haec
603 1431 825 1476 gloriantem
846 1443 931 1466 cum
950 1431 1062 1477 globo
1090 1432 1404 1466 ferocissimorum
1428 1433 1606 1466 iuuenum
1629 1433 1701 1467 Ro-

164 1479 286 1513 mulus
305 1479 488 1523 impetum
515 1479 615 1513 facit.
649 1490 693 1513 ex
714 1490 807 1523 equo
834 1482 914 1513 tum
941 1479 1035 1513 forte
1056 1480 1207 1513 Mettius
1228 1479 1440 1524 pugnabat;
1469 1491 1510 1514 eo
1532 1480 1623 1524 pelli
1644 1480 1699 1514 fa-

163 1525 272 1560 cilius
292 1526 374 1560 fuit.
412 1526 561 1571 pulsum
582 1526 740 1560 Romani
760 1529 1042 1571 persequuntur,
1071 1529 1108 1560 et
1135 1526 1210 1561 alia
1230 1527 1398 1561 Romana
1419 1527 1517 1561 acies
1540 1528 1698 1562 audacia

162 1574 261 1618 regis
289 1585 444 1608 accensa
471 1574 596 1608 fundit
617 1574 783 1608 Sabinos.
824 1573 977 1608 Mettius
1004 1574 1042 1608 in
1062 1573 1239 1618 paludem
1260 1586 1338 1608 sese
1360 1575 1519 1618 strepitu
1543 1586 1700 1619 sequen-

163 1620 256 1655 tium
282 1622 493 1666 trepidante
520 1633 613 1664 equo
642 1621 817 1663 coniecit3
846 1623 1107 1665 auerteratque
1135 1632 1178 1655 ea
1197 1632 1254 1655 res
1282 1622 1398 1656 etiam
1419 1622 1576 1656 Sabinos
1603 1623 1700 1657 tanti

162 1669 326 1712 periculo
360 1669 442 1703 uiri.
482 1671 519 1703 et
549 1669 614 1704 ille
646 1669 798 1712 quidem
831 1669 1084 1703 adnuentibus
1122 1680 1165 1702 ac
1199 1669 1424 1703 uocantibus
1461 1670 1536 1703 suis
1572 1670 1700 1704 fauore

162 1716 363 1751 multorum
395 1716 524 1751 addito
556 1717 681 1750 animo
715 1717 859 1760 euadit,
894 1716 1051 1750 Romani
1079 1716 1282 1760 Sabinique
1308 1717 1348 1750 in
1377 1717 1502 1751 media
1529 1717 1699 1751 conualle

163 1763 319 1798 duorum
344 1764 527 1798 montium
547 1764 806 1809 redintegrant
831 1764 1024 1808 proelium,
1053 1764 1117 1798 sed
1143 1775 1200 1798 res
1221 1764 1389 1798 Romana
1416 1767 1496 1798 erat
1521 1766 1700 1809 superior.

162 1810 256 1845 Tum
283 1811 443 1846 Sabinae
474 1812 647 1846 mulieres
674 1817 705 1846 et
731 1823 762 1856 q.
782 1823 808 1846 3.
838 1814 931 1853 13,5
963 1811 1029 1845 ubi
1060 1812 1221 1855 primum
1254 1822 1297 1846 ex
1322 1811 1510 1856 profunda
1537 1823 1699 1846 emersus

161 1858 299 1902 palude
320 1871 456 1902 equum
477 1859 624 1893 Curtius
649 1859 687 1893 in
709 1859 806 1892 uado
828 1859 974 1902 statuit,
995 1859 1163 1894 Curtium
1184 1859 1307 1893 lacum
1329 1859 1579 1903 appellarunt.
1606 1861 1701 1894 idem

164 1908 198 1948 7,
213 1910 246 1949 6,
262 1910 296 1949 5,
321 1907 386 1941 ubi
404 1908 445 1941 in
464 1908 693 1942 narrationis
714 1911 832 1941 tenore
851 1907 1041 1952 uulyarem
1060 1908 1200 1949 fcwnam
1219 1908 1393 1951 sequitur,
1420 1908 1574 1942 breuiter
1594 1909 1701 1943 etiam

161 1954 270 1989 huius
289 1955 503 1990 mentionem
524 1956 615 1997 facit
635 1955 809 1989 dubitans
828 1955 922 1989 inter
941 1959 1142 1998 utramque.
1180 1955 1280 1989 Plut
1303 1955 1407 1989 Rom.
1429 1957 1495 1989 18.-
1520 1955 1702 1998 Κούρτιος

162 2000 232 2045 γὰρ
259 2002 353 2046 ἀνηρ
382 2001 583 2046 ἐπιφανής,
612 2002 701 2048 δόξῃ
730 2003 792 2036 καὶ
821 2001 1032 2046 φρονήματι
1057 2008 1213 2046 γαῦρος
1247 2015 1364 2037 ιππον
1390 2002 1480 2047 ἔχων
1507 2003 1601 2036 πολὺ
1628 2003 1699 2045 πρὸ

161 2061 234 2083 των
267 2049 387 2084 ἄλλων
419 2050 555 2094 ἐχωρει.
596 2048 799 2094 δεξαμένου
827 2049 867 2084 δὲ
892 2055 958 2084 τοῦ
985 2050 1184 2095 βαράθρου
1211 2049 1275 2084 τὸν
1302 2063 1418 2084 ιππον
1446 2049 1531 2094 ἄχρι
1558 2049 1624 2094 μέν
1650 2063 1699 2084 τι-

164 2109 226 2136 νος
261 2097 432 2140 ἐπειρᾶτο
466 2099 585 2142 πληγῇ
621 2098 685 2131 καὶ
720 2097 987 2139 παρακελεύσει
1021 2098 1208 2142 χρώμενος
1244 2096 1467 2138 ἐξελαύνειν·
1505 2106 1553 2137 ως
1588 2095 1624 2131 δ’
1654 2094 1699 2142 ἧν

162 2143 367 2188 ἀμήχανον,
394 2143 505 2184 ἐάσας
529 2144 596 2179 τὸν
622 2143 738 2178 ἵππον
764 2142 898 2179 ἑαυτὸν
926 2144 1064 2185 ἔσωζεν.
1107 2143 1125 2178 ὁ
1153 2157 1194 2189 με
1180 2158 1219 2178 ν
1247 2142 1312 2179 οὖν
1339 2145 1452 2184 τόπος
1477 2142 1530 2178 δι’
1557 2144 1700 2180 ἐκεῖνον

165 2193 217 2226 ἔτι
242 2197 311 2226 νῦν
339 2192 520 2235 Κούρτιος
545 2191 680 2232 λάκκος
706 2190 934 2235 ὀνομαζεται.

260 2239 296 2274 7.
324 2239 450 2273 Ludos
483 2239 710 2283 Capitolinos
746 2252 768 2274 α
796 2240 949 2274 Camillo
985 2251 1018 2273 a.
1039 2242 1122 2274 390.
1139 2241 1209 2274 364
1242 2240 1429 2274 institutos
1461 2250 1530 2274 esse
1562 2240 1700 2275 Liuius

162 2286 319 2322 tradidit
346 2289 395 2329 (5,
409 2290 469 2329 20,
484 2290 534 2330 4).

254 2432 275 2467 3
311 2431 509 2478 experiore
536 2441 640 2477 supr.
661 2441 733 2468 scr.
759 2441 803 2466 su
823 2429 864 2466 F
863 2428 884 2475 ζ
885 2428 971 2475 lor.)
1041 2430 1192 2466 curtius
1218 2429 1326 2466 Flor.
1342 2440 1411 2466 rec.
1435 2429 1570 2466 Hamz.
1589 2428 1698 2467 Goth.

162 2489 254 2527 Par.
270 2501 303 2527 a.
321 2490 341 2527 b
381 2488 560 2527 Curtium
586 2490 703 2537 moly„
731 2489 827 2526 delet
851 2488 998 2534 Popma
1061 2487 1192 2525 lacum
1219 2488 1308 2524 libre·
1335 2499 1429 2525 corr.
1452 2488 1600 2525 Luctus

165 2550 187 2585 5
220 2550 297 2585 nisi
326 2551 415 2596 post
449 2551 570 2596 atque
599 2550 723 2596 plura
758 2548 1048 2590 interciderszt,
1084 2550 1153 2584 ant
1187 2547 1237 2583 ad
1273 2546 1475 2585 delendum
1509 2550 1562 2584 cst
1593 2546 1699 2593 (cum

162 2606 211 2644 A.
232 2608 449 2655 Spenyele'o)
476 2610 545 2645 ant
575 2619 645 2645 scr.
672 2607 876 2645 recessisse
904 2606 1008 2652 (cnm
1034 2606 1083 2643 L.
1103 2606 1324 2653 δριτιῑφοῑίο)
1357 2609 1427 2643 ant
1457 2618 1497 2644 se
1527 2610 1614 2643 ante.
1639 2619 1699 2643 re-

163 2668 311 2715 cepisse
337 2668 587 2704 imm-endum
648 2668 779 2704 locum
811 2667 939 2703 (sileo-ist

253 2722 297 2776 8,
328 2730 377 2764 11
407 2727 502 2776 frigi
529 2726 569 2763 X
624 2726 787 2763 annalifi
809 2726 855 2762 (16
878 2721 923 2772 (2¹
952 2736 1048 2762 corr.
1071 2718 1120 2772 (22
1177 2724 1225 2761 de
1251 2736 1322 2761 om.
1344 2720 1493 2761 ΠΧΟ1
1549 2724 1699 2762 rumuli

162 2785 201 2822 B
292 2788 424 2823 11.12
453 2785 537 2822 uita
563 2798 595 2823 a.
617 2787 726 2823 uictu
753 2787 797 2822 Π
883 2786 932 2820 12
962 2779 1160 2834 Eundem]
1190 2783 1288 2821 ende
1313 2783 1349 2820 Z
1437 2786 1486 2822 13
1515 2783 1617 2821 bisse
1640 2779 1697 2820 Χ1

256 2847 306 2882 14
334 2840 490 2893 p⁷tridie
518 2845 596 2892 BQ
633 2847 724 2894 post
750 2843 874 2881 tridiu
900 2843 936 2879 Z
994 2844 1096 2880 istuc
1123 2844 1212 2880 libra·
1231 2845 1390 2890 praeter
1416 2843 1496 2891 BQ
