2002 3342
275 223 419 253 LXXIV
608 209 672 244 DE
699 208 1005 244 SCRIPTORVM
1030 208 1154 244 VITIS
1180 209 1241 243 ET
1269 208 1477 245 SCRIPTIS

276 322 448 360 seruisse
482 325 597 370 atque
631 332 694 358 res
728 319 916 371 quasdam
948 325 992 358 ut
1030 320 1201 359 Caedicii
1236 321 1425 359 uirtutem
1463 321 1588 359 fusius
1621 333 1802 360 narrasse

275 387 492 436 fragmenta
521 381 719 437 docent.¹)

366 451 441 489 Sed
469 450 611 489 Fabius
639 450 815 501 exempla
844 450 991 489 Graeca
1017 451 1164 501 hahuit,
1191 450 1334 502 quibus
1361 450 1460 489 hanc
1487 451 1803 502 inaequalitatem

275 517 511 554 narrationis
545 521 751 554 excusaret
776 515 839 553 uel
874 514 1119 567 defenderet,
1153 515 1340 567 Ctesiam,
1373 517 1440 566 qui
1472 517 1628 567 copiose
1658 518 1804 567 primo-

276 594 363 619 rum
391 593 526 631 regum
553 580 761 619 Persarum
788 580 996 632 ultimique
1023 593 1086 619 res
1113 582 1326 632 pertexuit,
1363 581 1518 620 exiliter
1550 593 1703 632 eorum,
1737 583 1803 632 qui

275 647 380 684 inter
400 658 466 684 eos
494 646 665 696 suerunt,
692 645 948 697 Hellanicum,
975 648 1042 697 qui
1070 659 1167 697 quae
1194 648 1299 685 inter
1325 647 1598 696 migrationem
1624 646 1803 685 Doricam

277 716 311 749 et
340 711 441 749 bella
461 711 670 749 Persarum
698 712 791 749 item
820 711 992 761 exiliter„
1014 724 1112 762 quae
1134 717 1222 750 ante
1244 711 1348 750 illam
1370 711 1511 750 fabulis
1531 711 1672 750 tradita
1694 718 1805 751 erant

276 783 315 815 et
341 776 483 828 quibus
509 777 593 827 ipse
621 777 812 827 interfuit,
840 779 995 828 copiose
1023 774 1298 829 (Wachsmuth
1326 778 1485 815 Ee'nlelt.
1510 789 1545 828 p.
1567 773 1664 815 368.
1685 772 1804 829 511),

274 841 551 880 Philochorum
578 838 629 895 (a.
652 839 733 880 261
764 838 982 895 mortuum)
1009 844 1246 893 omninoque
1270 841 1609 893 Atthidographos,
1637 855 1804 893 quorum

274 907 490 945 ieiunitatis
516 906 649 945 odium
676 906 905 957 Dionysium
936 906 970 958 1,
998 905 1036 957 8,
1057 905 1082 946 3
1111 903 1177 960 (cs.
1206 920 1237 946 c.
1261 905 1297 958 7,
1318 903 1364 961 3)
1393 908 1568 958 profiteri
1589 920 1667 946 non
1690 908 1804 946 mira-

274 971 423 1022 bimur,
462 971 589 1010 eidem
623 977 753 1010 tamen
785 971 903 1010 huius
937 973 1105 1011 rhetoris
1133 971 1271 1010 Graeci
1297 971 1504 1022 iudicium,
1537 973 1605 1023 qui
1630 974 1714 1023 ipse
1741 985 1805 1011 res

274 1036 468 1075 Romanas
496 1037 712 1088 aequaliter
738 1037 979 1088 molesteque
1009 1037 1143 1076 multis
1171 1039 1403 1076 commentis
1431 1039 1537 1076 auxit
1570 1044 1608 1076 et
1640 1038 1804 1089 ampliti-

276 1104 396 1153 cauit,
435 1104 475 1141 in
508 1105 715 1142 iustiorem
747 1103 906 1142 modum
941 1103 1165 1154 redigemus
1198 1115 1325 1154 neque
1355 1102 1519 1141 Fabium
1546 1102 1804 1154 Cinciumque

276 1168 464 1219 quasdam
491 1180 572 1218 res,
606 1168 748 1219 quibus
774 1169 935 1206 materia
970 1174 1216 1219 suppeteret,
1252 1169 1407 1219 copiose
1441 1173 1478 1207 et
1511 1174 1663 1219 ornate,
1698 1168 1805 1219 alias,

275 1233 418 1284 quihus
446 1233 643 1285 deficeret,
669 1235 805 1284 paucis
831 1232 966 1272 uerbis
990 1234 1231 1283 transegisse
1258 1232 1498 1284 negabimus.
1510 1229 1543 1285 21)

364 1299 571 1350 Dionysius
604 1304 752 1350 tamen,
789 1310 1025 1350 quamquam
1052 1298 1161 1337 Fabii
1187 1297 1390 1349 Cinciique
1417 1298 1617 1337 scribendi
1643 1300 1741 1337 ratio
1770 1300 1805 1337 ei

276 1363 525 1415 displicebat,
564 1375 699 1402 eorum
732 1363 897 1402 historia
933 1375 1067 1401 carere
1106 1363 1241 1401 noluit.
1292 1375 1382 1401 nam
1416 1369 1623 1414 postquam
1662 1363 1805 1415 quihus

275 1430 404 1468 causis
437 1434 655 1467 commotus
689 1428 999 1478 archaeologiam
1033 1427 1242 1478 adgressus
1285 1433 1406 1478 esset,
1446 1427 1648 1480 disseruit,
1688 1430 1804 1468 etiam

372 1538 403 1580 1>
431 1537 495 1571 Vis
522 1536 719 1570 breuitatis
747 1538 783 1571 et
802 1538 951 1581 propter
970 1536 1197 1570 breuitatem
1216 1536 1455 1581 uituperandi
1474 1536 1512 1570 in
1532 1536 1602 1571 hoc
1621 1537 1805 1572 uocabulo

273 1602 347 1624 non
372 1590 480 1633 inest,
508 1600 603 1633 quae
630 1592 672 1624 ut
697 1601 859 1624 summa-s
885 1601 943 1624 res
970 1590 1083 1624 etiam
1109 1589 1272 1624 breuiter
1296 1601 1487 1633 percursas
1514 1601 1594 1624 esse
1620 1590 1804 1635 significa-

273 1647 375 1678 retur
395 1644 569 1678 addenda
588 1643 671 1678 fuit.
710 1645 929 1688 usurpa-tum
956 1643 1051 1677 illud
1077 1645 1134 1678 est
1160 1643 1273 1677 etiam
1300 1643 1345 1676 ab
1367 1642 1565 1676 Aristotele
1593 1643 1697 1686 (rhet.
1714 1647 1745 1686 3,
1762 1648 1805 1677 14

275 1698 385 1732 οὐδὲν
411 1698 471 1731 δεῖ
493 1697 692 1740 προοιμίου
714 1694 793 1730 ἀλλ’
811 1694 833 1740 ἢ
854 1696 942 1732 ὅσον
967 1695 1007 1731 τὸ
1033 1702 1186 1741 πρᾶγμα
1210 1697 1327 1731 εἰπεῖν
1349 1697 1626 1739 κεφαλαιωδῶς,
1653 1695 1714 1731 ἵνα
1741 1697 1804 1743 ἔχῃ

275 1750 394 1793 ὥσπερ
416 1757 518 1795 σῶμα
532 1749 723 1794 κεφαλήν),
744 1750 975 1794 frequentius
997 1750 1043 1784 ab
1064 1750 1260 1791 historicis,
1281 1749 1500 1793 Thucydide
1515 1751 1561 1793 (6,
1578 1753 1633 1791 91,
1649 1752 1668 1782 6
1689 1749 1806 1785 πολλὰ

273 1805 404 1847 παρεὶς
422 1803 467 1838 τὰ
487 1803 637 1848 μέγιστα
658 1805 916 1848 κεφαλαιώσω)
936 1803 1171 1846 maximeque
1192 1814 1214 1836 a
1234 1802 1399 1846 Polybio,
1421 1802 1485 1846 qui
1508 1807 1537 1844 1,
1555 1806 1608 1844 13,
1627 1807 1642 1837 1
1666 1802 1806 1837 bellum

273 1859 435 1902 primum
461 1857 651 1899 Punicum,
684 1859 763 1891 tum
790 1857 982 1901 Libycum,
1015 1856 1272 1900 Hispaniense,
1305 1855 1506 1900 Illyricum,
1533 1855 1718 1890 Gallicum
1745 1858 1805 1891 ἐπὶ

274 1912 393 1958 βραχὺ
413 1911 476 1945 καὶ
497 1912 761 1953 κεφαλαιωδῶς
774 1910 1065 1954 praemissurum
1080 1921 1117 1944 se
1133 1920 1211 1944 esse
1225 1910 1417 1953 praefatur
1438 1908 1496 1953 (cf.
1513 1919 1541 1943 c.
1560 1913 1613 1951 13,
1631 1913 1647 1943 7
1671 1910 1714 1944 οὐ
1735 1909 1804 1954 γὰρ

274 1965 432 2007 ἱστορεῖν
459 1963 549 2006 ὑπὲρ
571 1964 694 1999 αὐτῶν
713 1962 986 2007 προτιθέμεθα,
1013 1966 1233 2008 μνησθῆναί
1254 1963 1294 1997 δὲ
1314 1964 1580 2006 κεφαλαιωδῶς
1603 1963 1806 2007 προαιρού-

274 2021 385 2063 μεθα,
406 2029 435 2051 c.
452 2021 505 2059 13,
517 2020 537 2050 8
559 2015 689 2060 διόπερ
711 2018 770 2051 ἐπὶ
784 2015 1000 2062 κεφαλαίων
1014 2016 1200 2060 ψαύοντες
1213 2015 1308 2050 κατὰ
1321 2016 1362 2051 τὸ
1378 2016 1524 2060 συνεχὲς
1539 2021 1613 2051 τῶν
1632 2029 1806 2061 προειρη-

274 2072 395 2117 μένων
415 2069 683 2114 πειρασόμεθα.
712 2074 743 2113 2,
761 2075 791 2113 1,
807 2074 827 2104 4
849 2071 931 2105 νυνὶ
946 2069 987 2104 δὲ
1002 2070 1046 2104 τὰ
1068 2074 1199 2115 συνεχῆ
1220 2070 1365 2109 τούτοις
1385 2068 1642 2113 πειρασόμεθα
1656 2071 1804 2114 δηλοῦν,

273 2125 539 2168 κεφαλαιωδῶς
553 2123 719 2158 ἑκάστων
739 2123 989 2168 ἐπιψαύοντες
1007 2122 1102 2157 κατὰ
1121 2123 1187 2167 τὴν
1208 2124 1245 2165 ἐξ
1265 2123 1379 2168 ἀρχῆς
1398 2123 1594 2166 πρόθεσιν)
1614 2124 1652 2156 et
1673 2128 1704 2166 1,
1719 2128 1751 2165 5,
1766 2127 1802 2158 4:

274 2177 345 2212 κᾶν
373 2177 436 2222 δέῃ
463 2183 540 2217 τοῖς
564 2176 712 2222 χρόνοις
738 2178 856 2222 βραχὺ
879 2174 1263 2221 προσαναδραμόντας
1294 2176 1532 2220 κεφαλαιώδη
1565 2181 1638 2209 τῶν
1670 2177 1804 2220 μεταξὺ

273 2231 444 2275 πράξεων
463 2230 697 2274 ποιήσασθαι
720 2231 787 2274 τὴν
808 2230 1028 2275 ἀνάμνησιν.
1067 2230 1195 2274 itaque
1215 2229 1415 2273 Dionysius
1430 2229 1687 2273 Thucydidem
1707 2230 1806 2264 uitu—

273 2284 421 2329 perauit
447 2284 507 2328 (de
535 2284 648 2319 Thuc.
673 2288 726 2326 10,
751 2286 798 2327 7),
827 2284 926 2327 quod
958 2282 1298 2328 pentecontaetiam
1329 2284 1595 2327 κεφαλαιωδῶς
1627 2282 1690 2316 καὶ
1730 2283 1805 2317 ἐπι-

272 2337 459 2383 τροχάδην
489 2337 553 2370 uix
586 2337 800 2381 quingentis
829 2337 997 2371 uersibus
1024 2338 1225 2378 narrasset,
1262 2336 1403 2379 omnia,
1437 2346 1533 2379 quae
1566 2337 1652 2371 ante
1679 2346 1717 2370 se
1744 2348 1804 2371 ac-

274 2393 401 2426 curate
428 2391 615 2436 (ἀκριβῶς)
649 2390 694 2424 de
719 2391 887 2425 Romana
913 2390 1093 2424 memoria
1118 2389 1257 2424 Graece
1289 2389 1497 2434 composita
1528 2391 1651 2423 essent
1676 2389 1804 2432 (etiam

274 2445 320 2479 ab
341 2444 579 2488 Hieronymo,
601 2443 755 2487 Polybio
777 2445 994 2488 ceterisque)
1016 2443 1192 2488 ἐπιτομας
1210 2443 1311 2478 πάνυ
1331 2441 1507 2488 βραχείας
1525 2444 1571 2487 (1,
1593 2446 1623 2485 5,
1646 2444 1680 2478 4)
1701 2443 1804 2485 dicit,

273 2497 453 2532 iudicium
486 2509 592 2531 suum
625 2497 670 2532 de
702 2508 823 2531 rerum
854 2497 1115 2542 scriptoribus,
1147 2495 1211 2540 qui
1238 2497 1324 2530 ante
1351 2495 1608 2540 Thucydidem
1635 2495 1805 2538 fuissent,

274 2562 346 2595 quo
375 2550 446 2584 duo
474 2550 599 2594 capita
626 2549 807 2594 expleuit,
840 2552 1106 2595 κεφαλαιωδῶς
1137 2560 1175 2583 se
1201 2548 1478 2594 propositurum
1504 2560 1583 2582 esse
1612 2548 1806 2592 praefatur

273 2606 343 2650 (23,
367 2609 397 2638 1.
425 2603 470 2638 cs.
492 2606 547 2645 25,
571 2605 615 2647 1).
650 2603 762 2637 etiam
783 2603 981 2647 κεφάλαια,
1008 2615 1080 2647 quo
1104 2602 1287 2637 uocabulo
1315 2612 1424 2646 saepe
1444 2602 1571 2644 utitur,
1600 2601 1699 2645 apud
1721 2613 1804 2636 eum

274 2658 360 2692 sunt
395 2667 560 2691 summae
595 2667 717 2690 rerum
751 2656 838 2701 (uid.
866 2656 1046 2701 Kruegeri
1077 2656 1188 2691 indic.
1221 2668 1256 2699 p.
1283 2659 1351 2689 492
1379 2667 1405 2689 s.
1427 2657 1487 2699 u.).
1542 2655 1684 2688 Imitati
1719 2657 1805 2690 sunt

274 2711 433 2746 Graecos
461 2709 584 2744 Latini
610 2709 792 2744 uocabulo
820 2711 1051 2754 capitulatim
1078 2709 1166 2753 (uid.
1193 2709 1291 2743 infr-a
1317 2710 1363 2743 de
1390 2708 1553 2750 Catone).

371 2768 406 2807 2)
433 2763 614 2798 Similiter
634 2762 785 2805 Ennius,
812 2763 876 2807 qui
897 2763 1158 2807 duodeuiginti
1177 2762 1283 2796 libris
1305 2773 1361 2796 res
1382 2762 1569 2796 Romanas
1590 2762 1803 2807 complexus

274 2820 343 2860 est,
378 2817 499 2851 tribus
526 2816 655 2860 primis
682 2815 786 2850 libris
812 2827 870 2851 res
896 2827 1025 2860 regum
1057 2816 1272 2860 scripserat,
1312 2818 1414 2850 sexto
1447 2816 1521 2850 iam
1548 2816 1595 2850 ad
1622 2816 1804 2860 Pyrrhum

273 2871 496 2915 peruenerat
522 2869 693 2914 (Vahlen,
721 2869 833 2904 Ε1111.2
857 2869 973 2914 praef.
1001 2881 1034 2914 p.
1058 2871 1210 2913 cnxxw).
