2002 3342
318 203 442 233 CXL11
656 188 718 223 DE
747 187 1052 222 SCRIPTORVM
1078 187 1202 222 VITIS
1228 187 1290 221 ET
1317 187 1524 222 SCRIPTIS

317 302 435 338 etiam
463 299 564 350 apud
593 299 687 337 alios
715 299 878 349 populos
915 298 1106 337 libertatis
1140 298 1338 337 studiosos
1365 295 1616 352 (Gutschmid
1642 300 1671 336 Y
1696 313 1733 351 p.
1755 298 1855 338 524.

319 366 357 403 li.
386 366 518 416 Meyer
550 378 648 403 mus.
676 364 799 402 Rhen.
828 362 895 414 37,
929 377 965 414 p.
994 360 1111 418 613).
1157 363 1372 414 Aeschylus
1401 363 1559 414 quidem
1586 365 1625 402 in
1654 364 1853 415 tragoedia

320 431 539 480 Persarum,
568 443 657 468 cum
685 442 855 480 pugnam
877 429 1129 467 Salaminiam
1160 428 1415 478 describeret,
1441 428 1654 467 multorum
1681 429 1853 468 hostium

319 497 475 534 nomina
517 496 645 545 linxit,
691 493 760 532 sed
799 507 926 545 neque
967 493 1276 532 Themistoclem
1323 506 1449 544 neque
1488 494 1681 532 Aminiam
1727 507 1857 545 neque

319 573 557 611 quemquam
586 559 778 598 Graecum
805 560 1036 597 nominauit.

408 624 585 675 Denique
619 630 793 662 extrema
827 624 988 675 Nepotis
1024 623 1069 662 de
1105 623 1326 674 originibus
1360 623 1480 662 uerba
1509 624 1604 662 haec
1633 630 1739 663 sunt:
1786 624 1857 663 ‘In

318 690 499 729 eisdem
533 691 771 740 exposuit,
805 702 921 740 quae
953 691 998 727 in
1032 688 1169 727 ltalia
1204 688 1548 740 Hispaniisque
1576 695 1651 728 aut
1678 690 1857 729 fierent

318 761 397 794 aut
422 755 708 803 uiderentur
735 754 1022 793 admiranda.
1073 755 1119 792 in
1154 753 1328 804 quibus
1362 754 1506 793 multa
1540 754 1778 793 industria
1813 760 1859 793 et

320 820 578 871 diligentia
618 826 877 871 comparet,
921 819 1048 857 nulla
1090 815 1342 857 doctrina.’
1385 818 1715 858 Admirandorum
1754 819 1858 870 quod

323 886 416 924 Cato
454 887 495 924 in
535 885 755 936 originibus
795 884 995 923 studiosus
1035 884 1125 934 suit,
1164 884 1443 923 historicorum
1478 884 1716 923 Graecorum
1749 897 1862 924 more

322 947 603 1003 (Theopompi,
642 952 675 988 11
682 951 849 990 'ahrlzeit
875 963 912 988 ¹11.
940 951 1073 988 Jszmst
1099 962 1135 1000 p.
1160 947 1244 987 170
1259 945 1336 1002 sq.)
1371 951 1520 988 animos
1552 949 1755 988 hominum
1787 949 1862 988 hac

323 1017 513 1054 uarietate
555 1015 773 1054 delectandi
821 1015 1048 1065 explicatur.
1108 1013 1334 1053 admiranda
1375 1016 1480 1052 enim
1516 1014 1580 1053 uel
1616 1014 1861 1053 admirabilia

321 1081 424 1120 idem
471 1081 603 1119 ualere
643 1080 747 1131 quod
791 1076 1017 1133 παράδοξα
1057 1079 1193 1118 Cicero
1234 1079 1329 1117 dixit
1344 1076 1376 1133 ¹)
1422 1092 1549 1130 neque
1588 1081 1673 1131 ipse
1714 1078 1862 1118 ‘Admi-

325 1142 472 1197 randa',
506 1147 686 1197 quamuis
719 1145 967 1184 incredibilia
1001 1150 1150 1195 essent,
1187 1144 1362 1183 scribere
1398 1144 1629 1196 dedignatus
1657 1150 1716 1183 est
1744 1140 1863 1199 (Plin.

325 1225 360 1250 n.
387 1212 424 1250 h.
452 1209 519 1262 31,
550 1209 622 1263 123
650 1207 724 1263 51)
753 1216 819 1250 aut
844 1211 982 1261 Varro,
1016 1211 1083 1261 qui
1113 1209 1383 1260 logistoricum
1411 1210 1605 1260 quendam
1633 1209 1680 1248 ad
1708 1210 1862 1249 Funda-

327 1278 435 1315 nium
470 1276 620 1315 Gallum
656 1278 713 1315 sic
745 1277 951 1327 inscripsit
983 1270 1115 1328 (Seru.
1143 1274 1193 1313 ad
1221 1274 1358 1325 Georg.
1387 1272 1431 1325 3,
1462 1273 1556 1313 113.
1600 1275 1683 1314 tid.
1711 1275 1860 1314 Ritsehl

322 1342 467 1394 Opusc.
488 1342 539 1380 ΙΙΙ
566 1355 601 1393 p.
623 1339 741 1394 406).
787 1343 903 1380 etiam
930 1341 1055 1379 maior
1084 1352 1274 1379 numerus
1301 1339 1736 1391 paradoxographorum
1759 1339 1862 1392 apud

324 1407 495 1446 Graecos
530 1408 619 1457 suit,
654 1408 721 1458 qui
755 1419 799 1445 eo
833 1418 977 1457 genere
1008 1405 1199 1444 librorum
1227 1417 1290 1443 res
1316 1406 1485 1444 maxime
1511 1407 1641 1444 uarias
1669 1405 1862 1457 complexi

323 1474 453 1511 omnia
482 1472 624 1511 litteris
646 1473 939 1523 consignarunt,
967 1484 1065 1522 quae
1093 1473 1133 1509 in
1160 1470 1347 1522 maribus,
1374 1470 1519 1522 fluuiis,
1546 1470 1729 1521 fontibus,
1756 1471 1864 1510 lacu-

331 1538 421 1588 bus,
455 1537 669 1589 lapidibus,
703 1537 936 1576 animalibus
964 1542 1172 1588 conspecta
1200 1535 1497 1574 admirationem
1527 1542 1736 1575 mouerent
1762 1533 1862 1589 (uid.

323 1603 521 1642 Susemibl
548 1603 569 1641 l.
593 1603 658 1641 s.I
684 1617 720 1654 p.
741 1601 828 1641 463
844 1598 959 1656 sqq).
1003 1603 1134 1652 itaque
1161 1601 1231 1639 has
1269 1601 1350 1639 sere
1384 1601 1589 1652 reliquias,
1623 1614 1667 1640 ex
1695 1614 1861 1652 quarum

324 1674 433 1719 parte
463 1669 520 1706 rei
547 1669 718 1706 rusticae
752 1667 926 1706 studium
953 1667 1099 1718 elucet,
1134 1667 1175 1705 in
1203 1665 1522 1705 admirandorum
1550 1679 1715 1705 numero
1741 1679 1865 1718 pone—

323 1746 428 1772 mus:
462 1731 517 1772 39
544 1729 612 1786 ((13
639 1732 911 1784 magnitudine
939 1732 1174 1771 Gallicarum
1203 1727 1505 1783 succidiarum),
1540 1729 1597 1770 43
1626 1727 1692 1784 ((13
1719 1733 1863 1770 uitium

325 1801 411 1850 agri
426 1799 621 1837 Picentini
643 1795 915 1852 fecunditate),
937 1795 992 1837 52
1008 1796 1075 1851 ((13
1092 1809 1299 1848 caprarum
1314 1796 1559 1848 quarundam
1578 1793 1806 1850 uelocitate)
1817 1793 1868 1851 ²),

324 1862 378 1903 57
416 1860 482 1917 ((13
517 1865 644 1914 campi
676 1863 853 1902 Tiburtis
889 1859 1129 1917 fertilitate),
1171 1860 1224 1902 78
1260 1859 1326 1914 (de
1359 1862 1579 1900 Poenorum
1612 1858 1866 1915 mapalibus),

325 1927 382 1968 93
411 1925 479 1983 ((13
506 1929 769 1980 Hispanorum
797 1930 992 1979 ferrariis,
1032 1929 1183 1979 argenti
1218 1927 1378 1980 fodinis,
1414 1933 1545 1966 monte
1573 1939 1619 1966 ex
1647 1927 1725 1966 sale
1752 1940 1862 1966 mero

325 2007 484 2045 magno,
510 1999 630 2033 uento
658 1990 827 2048 cercio),
857 1992 924 2033 97.
948 1991 1033 2033 110
1061 1990 1127 2047 ((13
1154 1992 1388 2044 pisculentis
1416 1988 1581 2046 ssuuiis).
1627 2005 1865 2043 quamquam·

325 2060 454 2099 facere
488 2072 566 2098 non
599 2061 742 2110 potuit,
779 2061 873 2111 quin
908 2064 950 2098 ut
984 2058 1122 2097 Graeci
1157 2059 1273 2096 etiam
1306 2057 1554 2096 incredibilia
1581 2057 1795 2096 admiratus
1822 2059 1863 2096 in

325 2138 482 2164 errores
510 2124 705 2163 incideret
731 2122 797 2178 (fr.
818 2123 886 2163 52.
909 2121 1003 2178 93),
1031 2125 1107 2163 nisi
1135 2124 1234 2162 sorte
1261 2123 1357 2162 haec
1384 2128 1428 2162 ut
1454 2122 1727 2174 redargueret,
1757 2135 1863 2161 eom-

325 2192 571 2229 memorauit.
617 2190 783 2241 proinde
810 2192 935 2241 magis
963 2191 1214 2240 sagacitatem
1242 2188 1500 2238 admiremur,
1537 2201 1611 2239 qua
1638 2200 1768 2227 mores
1794 2188 1865 2226 ho·

325 2257 477 2294 minum
498 2255 676 2294 breuiter
696 2260 734 2294 et
755 2256 850 2294 scite
873 2255 1094 2306 descripsit,
1115 2254 1303 2304 Ligurum
1321 2250 1407 2306 (31.
1424 2249 1512 2307 32),
1534 2253 1732 2292 Gallorum
1755 2249 1867 2306 (34),

327 2320 604 2371 laxitatemque
636 2321 842 2372 historiae,
882 2333 957 2371 qua
991 2321 1107 2359 etiam
1141 2331 1233 2358 suae
1269 2320 1441 2358 ciuitatis
1473 2320 1594 2357 uitam
1635 2318 1866 2369 cultumque

327 2385 529 2437 amplexus
557 2382 621 2438 (fr.
647 2383 891 2425 111-115.
922 2383 1016 2424 118.
1047 2381 1149 2437 119)
1183 2385 1422 2435 omninoque
1454 2383 1736 2423 Dicaearchum
1776 2385 1865 2421 imi·

326 2457 429 2489 tatus
457 2447 571 2504 est.3)

425 2545 457 2583 1)
484 2542 537 2576 De
564 2542 625 2576 fin.
647 2546 679 2584 4,
707 2546 763 2585 25,
785 2545 839 2576 74.
878 2541 1007 2586 parad.
1029 2540 1145 2586 praef.
1167 2544 1187 2574 3
1203 2552 1255 2585 sq.
1295 2540 1371 2574 uid.
1394 2539 1625 2574 Thesaurum
1646 2538 1668 2573 1.
1690 2539 1756 2574 lat.
1778 2550 1804 2572 s.
1826 2550 1865 2572 u.

326 2596 352 2637 Ι,
379 2608 414 2640 p.
439 2599 517 2638 735,
538 2600 592 2630 42.
621 2608 656 2640 p.
679 2599 758 2638 740,
780 2599 834 2629 69.

423 2651 459 2693 2)
488 2649 538 2684 Cf.
557 2649 661 2683 aliud
677 2649 722 2683 de
738 2649 860 2693 capris
882 2647 1173 2682 ‘admirandum’
1193 2659 1235 2681 ex
1251 2646 1433 2682 Archelao
1449 2645 1679 2691 (SusemihlI
1692 2648 1759 2679 465
1770 2647 1867 2689 sqq.)

328 2702 430 2746 apud
457 2701 661 2737 Varronem
689 2702 733 2736 de
760 2713 798 2736 re
824 2703 914 2735 rust.
936 2705 968 2743 ⁶2,
997 2705 1028 2743 3,
1049 2706 1081 2736 5.

425 2758 459 2799 3)
486 2755 577 2789 Gell.
605 2755 693 2789 libri
718 2755 768 2789 VI
795 2765 875 2799 cap.
899 2759 934 2797 1,
967 2765 1040 2798 quo
1072 2753 1219 2787 fabulas
1252 2754 1289 2787 et
1322 2753 1423 2787 dieta
1454 2752 1715 2787 memorabilia
1748 2751 1793 2786 de
1822 2751 1860 2786 P.

327 2808 504 2843 Africano
531 2808 718 2852 narrauit,
755 2808 806 2842 sic
839 2807 1044 2851 inscripsit:
1093 2807 1343 2841 ‘Admiranda
1376 2807 1553 2850 quaedam
1585 2817 1629 2840 ea:
1664 2806 1868 2840 annalibus

326 2862 500 2906 sumpta.²

1983 3245 2002 3304 ἢ,
