2002 3342
387 198 428 233 11.
456 198 519 232 DE
546 197 863 232 LITTERARVM
890 196 1214 231 MONVMENTIS
1240 197 1461 232 PRIVATIS
1644 213 1687 241 Η

162 316 340 350 senatum
375 314 504 348 autem
537 314 714 347 ueterem
747 313 878 359 spreta
912 309 997 346 eius
1030 307 1198 346 lectione
1226 313 1483 347 conuocatum
1517 321 1606 347 eum
1637 310 1689 347 ita

161 376 370 425 terruisse,
401 379 442 413 ut
471 375 511 412 in
537 375 658 412 uitam
686 374 880 424 priuatam
908 385 949 411 se
977 374 1190 423 reciperet,
1224 385 1312 411 cum
1340 373 1508 424 populus
1535 375 1573 412 in
1605 375 1690 412 eius

162 442 327 491 gratiam
355 439 422 478 Cn.
444 439 623 477 Flauium
644 438 810 477 aedilem
831 437 1010 476 curulem
1038 444 1201 488 crearet,
1228 439 1399 489 primum
1421 440 1544 489 patris
1573 438 1689 477 liber-

162 507 235 544 tini
261 505 396 543 filium.
429 504 525 543 haec
551 505 672 554 igitur
693 503 801 542 Fabii
828 503 996 541 Pictoris
1023 504 1234 541 auctoritas
1262 503 1346 553 fuit,
1373 516 1489 554 quam
1518 517 1606 542 cum
1628 504 1690 542 Li-

161 572 250 609 uius
279 575 524 621 sequeretur,
550 570 635 619 ipse
663 582 682 607 a
704 581 745 607 se
774 568 958 620 desciuit3
988 567 1218 619 depinxerat
1239 570 1343 606 enim
1364 569 1478 619 Appii
1505 569 1690 607 familiam

162 642 359 686 tamquam
381 634 705 686 superbissimam
722 646 764 672 ac
786 632 1101 672 crudelissimam
1116 634 1156 671 111
1178 633 1332 684 plebem
1349 633 1559 672 Romanam
1577 635 1690 685 eique

161 701 331 739 inuisam
353 700 615 750 infestamque
637 694 695 752 (2,
711 696 779 749 56,
794 696 838 750 ἵ),
862 695 919 752 7),
941 698 1058 749 idque
1081 698 1271 737 iudicium
1293 704 1330 737 et
1351 698 1415 736 ille
1430 704 1468 737 et
1483 699 1690 749 Dionysius

161 767 201 804 in
229 765 346 804 rebus
374 766 548 803 omnium
581 764 786 815 gentilium
813 762 1068 802 aestimandis
1102 764 1230 802 tenuit
1257 759 1324 816 (cf.
1346 776 1445 802 max.
1467 762 1504 814 9,
1521 760 1609 817 34).
1650 777 1691 803 re

162 843 256 869 uera
284 836 413 869 tamen
440 830 540 868 hanc
566 830 715 868 ueteris
737 834 853 880 atque
881 830 1023 867 insitae
1045 828 1254 879 superbiae
1276 834 1418 879 notam,
1445 834 1487 867 ut
1508 830 1561 867 ait
1581 829 1690 867 Taci-

162 902 225 935 tus
253 891 360 949 (ann.
385 891 494 949 1‚4>‚
520 896 664 934 iniuria
692 896 749 933 eis
776 896 947 932 inustam
975 906 1061 932 esse
1085 893 1303 932 Mommsen
1324 895 1373 932 R.
1395 895 1438 932 F.
1459 893 1474 931 I
1494 907 1530 945 p.
1546 891 1690 932 285—

162 958 247 1000 318
275 962 613 1011 argumentatione
641 973 708 998 sua
735 960 934 1011 plerisque
961 960 1060 998 uiris
1083 959 1207 997 doctis
1235 960 1448 1011 persuasit3
1476 971 1594 997 uerae
1621 961 1692 1010 igi-

161 1032 226 1065 tur
252 1026 524 1077 popularitatis
552 1027 822 1064 testimonium
842 1026 883 1063 in
910 1025 983 1063 hoc
1004 1025 1127 1076 Appio
1150 1024 1310 1063 Claudio
1331 1023 1434 1075 apud
1456 1025 1611 1064 Liuium
1634 1038 1693 1063 re-

161 1093 317 1142 mansit,
344 1104 460 1142 quam
481 1091 628 1142 aliquot
652 1090 788 1129 uerbis
810 1091 956 1142 iniquis
983 1090 1129 1129 frustra
1150 1086 1426 1144 obscurauit.¹)
1461 1090 1577 1129 simul
1597 1103 1692 1129 uero

161 1157 235 1195 hoc
260 1156 526 1195 intelleximus
554 1157 641 1195 fieri
661 1168 739 1195 non
766 1157 954 1207 potuisse,
982 1157 1076 1206 quin
1097 1155 1218 1205 Fabii,
1246 1168 1335 1193 cum
1356 1161 1516 1194 senatus
1538 1168 1693 1194 causam

163 1228 389 1261 constanter
414 1227 633 1272 tuerentur,
667 1227 705 1260 et.
732 1221 901 1272 Claudii,
935 1234 1024 1260 cum
1051 1220 1305 1272 popularibus
1333 1220 1473 1259 studiis
1504 1221 1694 1271 sauerent‚

164 1289 203 1326 in
234 1289 316 1326 uita
349 1287 506 1338 publica
538 1288 643 1326 inter
675 1299 716 1325 se
750 1287 1068 1337 aduersarentur,
1102 1299 1267 1337 eamque
1295 1285 1547 1325 ambitionem
1576 1288 1694 1325 etiam

163 1354 456 1391 commentariis
473 1352 698 1391 domesticis
714 1365 940 1403 expressam
959 1357 997 1390 et
1016 1357 1269 1403 propagatam
1284 1364 1371 1390 esse
1387 1357 1695 1390 consentaneum

164 1423 235 1457 est.
269 1430 317 1456 ne
345 1418 495 1457 ultimis
517 1418 676 1469 quidem
704 1418 850 1456 liberae
873 1419 931 1456 rei
951 1417 1131 1469 publicae
1152 1416 1398 1468 temporibus
1419 1417 1514 1455 haec
1534 1416 1695 1455 ambitio

164 1485 354 1522 exstincta
390 1488 460 1522 est.
500 1496 589 1522 nam
624 1483 809 1522 Claudius
842 1482 1124 1533 Quadrigarius
1161 1483 1261 1521 sama
1294 1482 1463 1520 Fabiana
1500 1481 1545 1520 de
1581 1481 1694 1520 hellis

164 1549 322 1587 Punicis
350 1554 480 1600 spreta
502 1548 715 1587 Acilianam
744 1554 896 1587 erutam
922 1549 1035 1599 sequi
1056 1547 1193 1586 maluit
1214 1543 1311 1601 (uid.
1334 1543 1466 1601 infra).
1501 1547 1568 1586 sed
1590 1560 1694 1586 sum-

163 1626 266 1652 mam
294 1626 427 1652 rerum
456 1613 558 1664 apud
586 1613 741 1652 Liuium
770 1619 809 1652 et
831 1613 1044 1652 Diodorum
1073 1614 1387 1651 consentientem
1414 1614 1454 1651 in
1481 1612 1553 1651 hac
1580 1625 1695 1651 causa

164 1678 228 1717 ille
256 1681 423 1717 oratoris
450 1685 680 1718 ornamento
708 1678 877 1718 inuoluit
904 1685 941 1717 et
968 1679 1233 1730 amplificauit.
1273 1691 1362 1717 nam
1389 1678 1550 1717 bellicas
1577 1684 1615 1717 et
1642 1680 1695 1717 ci-

163 1743 263 1783 uiles
291 1750 395 1783 artes
421 1745 526 1783 inter
551 1744 715 1783 Fabium
742 1750 781 1784 et
807 1744 1012 1783 Claudium
1042 1743 1254 1795 distribuit,
1281 1749 1320 1782 et
1346 1756 1434 1782 cum
1461 1743 1571 1782 illum
1598 1749 1696 1782 tam-

163 1822 279 1861 quam
307 1809 507 1861 exemplar
531 1811 809 1861 imperatoriae
835 1811 1008 1860 uirtutis,
1034 1810 1139 1848 hunc
1167 1809 1345 1848 ciuilium
1372 1810 1514 1847 artium
1543 1810 1696 1847 confor-

164 1881 306 1926 maret,
342 1876 534 1926 originem
568 1876 795 1914 certaminis
832 1887 879 1914 ex
911 1876 1049 1913 intima
1085 1875 1289 1913 hominum
1324 1873 1455 1912 indole
1498 1875 1695 1925 repetiuit.

164 1953 292 1991 neque
321 1942 426 1979 enim
447 1940 585 1979 ciuiles
607 1940 759 1979 Claudii
786 1946 902 1991 artes,
930 1953 1097 1992 quarum
1124 1953 1242 1991 opera
1264 1935 1347 1994 (uia
1368 1941 1519 1978 munita
1540 1944 1579 1978 et
1598 1952 1696 1991 aqua

165 2002 352 2060 deducta)
374 2011 457 2044 tum
478 2007 519 2044 111
540 2008 715 2044 omnium
737 2018 804 2044 ore
827 2011 867 2045 et
886 2005 1144 2044 admiratione
1167 2011 1289 2056 erant,
1317 2005 1537 2044 detrectare
1558 2006 1696 2056 potuit.

166 2071 345 2110 simultas
372 2072 494 2122 igitur
521 2083 567 2110 ex
595 2071 780 2122 superbia
808 2077 847 2110 et
873 2071 1086 2110 ambitione
1108 2070 1259 2109 Claudii
1287 2070 1389 2122 apud
1411 2083 1500 2109 eum
1521 2075 1603 2108 orta
1626 2076 1696 2121 est,

166 2149 241 2188 qua
269 2138 308 2175 in
336 2136 472 2175 laudes
498 2136 609 2175 Fabii
635 2137 853 2176 hereditate
882 2142 1062 2188 acceptas
1095 2137 1241 2175 inuasit
1268 2141 1384 2187 atque
1418 2137 1535 2174 etiam
1563 2135 1602 2174 L.
1625 2135 1695 2173 Vo-

164 2201 304 2241 lumnii
336 2203 376 2240 in
402 2207 571 2253 utroque
599 2202 804 2241 consulatu
838 2202 1007 2253 collegae
1034 2203 1262 2240 inimicitias
1294 2202 1429 2240 mouit.
1468 2201 1563 2239 haec
1591 2202 1695 2239 enim

166 2279 255 2306 eum
277 2266 472 2306 dicentem
493 2267 586 2306 fecit
611 2262 698 2320 (10,
714 2265 782 2318 22,
798 2263 863 2322 6):
891 2269 990 2306 Esse
1001 2272 1227 2317 praeterea
1248 2269 1359 2306 uiros
1380 2272 1496 2305 natos
1516 2268 1696 2313 militiae,

161 2333 288 2382 factis
319 2344 503 2381 maquos,
537 2334 593 2372 ad
616 2334 835 2372 uerborum
861 2336 1106 2381 le‘nquaeque
1133 2335 1358 2371 certamina
1384 2333 1527 2370 rudes:
1559 2343 1607 2369 ea
1637 2334 1696 2369 in—

163 2401 288 2447 qenz'a
309 2401 544 2437 consularia
565 2410 659 2437 esse.
694 2400 864 2438 callidos
888 2401 1147 2446 sollertesque
1174 2401 1278 2436 iuris*
1304 2403 1426 2445 atque
1447 2399 1698 2444 eloquentiae

166 2465 384 2513 consultos,
417 2466 548 2511 qualis
574 2465 674 2512 App.
702 2464 894 2503 Claudius
921 2470 1039 2511 esset,
1072 2465 1167 2502 urbi
1192 2475 1242 2501 ae
1263 2462 1358 2512 soro
1382 2463 1598 2511 praesides
1624 2463 1695 2499 Iza-

166 2529 316 2567 bendos
326 2534 622 2577 praetoresque
644 2530 700 2567 ad
719 2530 930 2568 reddenda
952 2532 1045 2567 iura
1067 2530 1268 2567 creandos
1288 2539 1373 2566 esse
1399 2532 1514 2577 atque
1537 2525 1695 2563 Claudio

166 2592 480 2643 exprobrantem,
507 2593 611 2644 quod
638 2595 711 2632 etsi
739 2593 935 2645 quondam
960 2593 1104 2632 Romae
1131 2605 1290 2631 manere
1317 2592 1518 2641 uoluisset,
1548 2590 1606 2629 ‘ut
1632 2603 1695 2629 ur-

165 2657 277 2696 banis
313 2658 463 2696 artibus
490 2671 583 2709 opes
620 2665 797 2710 augeret,
835 2658 989 2710 quando
1023 2658 1116 2697 belli
1151 2657 1271 2696 decus
1298 2669 1419 2708 penes
1453 2656 1548 2695 alios
1575 2653 1694 2694 esset’

264 2758 295 2798 1)
324 2758 355 2797 9,
370 2758 425 2797 29,
441 2758 478 2789 8:
506 2756 651 2799 Appius
671 2756 745 2789 'iam
766 2755 850 2789 inde
870 2756 1075 2798 antiquitus
1095 2756 1242 2788 insitam
1264 2753 1511 2798 pertinaciam
1530 2753 1696 2795 familiae

164 2808 317 2853 gerendo
342 2809 440 2843 solas
465 2820 652 2843 censuram.
673 2809 849 2850 obtinuit;
878 2812 935 2841 11:
964 2809 1125 2842 traditur
1146 2828 1186 2831 -—
1209 2818 1385 2841 censorem
1405 2807 1512 2840 etiam
1535 2806 1695 2849 Appium

166 2863 312 2896 memori
336 2862 440 2895 deum
461 2862 518 2896 ira
539 2866 623 2906 post
649 2862 787 2906 aliquot
812 2873 929 2896 annos
955 2862 1153 2896 luminibus
1178 2865 1334 2904 captum.

1336 2917 1384 2951 IV
1393 2918 1411 2937 ³³³
