2002 3342
219 543 286 573 218

218 591 284 633 5315

319 196 402 237 160
957 196 1214 238 RELIQVIAE

404 303 448 345 9.
482 309 582 345 Non.
602 320 631 345 S.
654 320 690 346 u.
713 309 908 346 dedicare
919 321 962 357 J).
981 307 1075 345 280.
1117 307 1271 346 Caelius
1292 309 1331 345 in
1355 307 1553 346 annalium
1574 308 1675 347 libro
1697 310 1845 360 primo:

316 372 449 421 Legati
477 385 552 423 quo
579 374 691 411 missi
717 378 808 411 suut
834 374 1019 423 ueniunt,
1048 372 1232 411 dedicant
1258 372 1449 411 mandata.

409 433 481 476 10.
527 438 682 476 Charis.
712 438 734 475 I
766 437 980 486 22.143J(.
1033 436 1371 488 ‘Saguntinorum'
1408 437 1581 489 Coelius,
1615 438 1845 489 Saguntium

315 501 539 551 Sallustius,
568 508 609 540 ut
636 502 779 541 Paulus
805 504 845 540 in
874 502 995 541 Coelii
1022 503 1185 541 historia
1213 503 1312 541 libro
1339 503 1353 540 1
1381 508 1501 541 notat.

407 563 507 607 11³².
548 568 675 606 Cicer.
705 570 753 606 de
781 570 907 606 dz'ue'n.
931 569 966 616 J,
989 569 1056 616 24,
1078 568 1145 606 49.
1180 568 1261 606 Hoc
1282 569 1376 606 item
1398 569 1436 606 in
1459 568 1592 619 Sileni,
1614 581 1730 619 quem
1752 568 1846 608 Coe-

314 632 388 670 lius
416 634 606 683 sequitur,
635 633 781 671 Graeca
808 633 970 671 historia
999 638 1058 671 est
1084 630 1136 675 (is
1164 639 1293 672 aulem
1323 633 1622 683 diligentissime
1654 646 1718 672 res
1744 633 1847 672 Han-

315 698 454 736 nibalis
482 705 715 749 persecutus
743 694 839 752 est):
867 698 1138 749 Hannibalem,
1166 711 1254 737 cum
1277 700 1446 749 cepisset
1468 699 1696 750 Saguntum,
1716 700 1846 737 uisum

314 775 399 801 esse
433 765 472 801 in
500 765 648 802 somnis
686 777 704 802 a
732 764 823 803 Ioue
858 766 897 801 in
932 763 1094 802 deorum
1129 764 1340 802 concilium
1372 765 1527 816 uocari,
1561 777 1637 815 quo
1665 777 1752 803 cum
1778 777 1845 803 ue-

312 830 453 879 nisset,
481 829 615 867 Iouem
642 830 920 880 imperauisse,
948 834 991 867 ut
1017 829 1149 867 Italiae
1175 829 1320 868 bellum
1348 829 1531 880 inferret,
1566 829 1783 880 ducemque
1811 831 1847 868 ei

312 906 434 932 unum
463 907 481 932 e
510 894 675 932 concilio
705 894 853 945 datum,
890 907 966 945 quo
994 894 1103 932 illum
1130 900 1306 933 utentem
1341 908 1429 933 cum
1458 896 1635 933 exercitu
1661 894 1846 946 progredi

314 961 502 1010 coepisse.
531 965 613 998 tum
635 961 671 998 ei
693 959 832 998 ducem
853 959 962 998 illum
985 961 1245 1011 praecepisse,
1264 972 1313 998 ne
1336 961 1564 1011 respiceret,
1584 959 1693 998 illum
1716 967 1845 998 autem

313 1024 352 1062 id
393 1024 539 1063 diutius
578 1025 706 1063 facere
748 1038 824 1063 non
865 1026 1041 1075 potuisse
1083 1024 1307 1076 elatumque
1347 1024 1560 1076 cupiditate
1600 1026 1846 1076 respexisse:

313 1095 396 1128 tum
428 1092 554 1128 uisam
590 1090 745 1129 heluam
778 1096 930 1129 uastam
964 1096 1002 1129 et
1028 1091 1258 1141 immanem,
1290 1090 1625 1141 circumplicatam
1654 1091 1846 1141 serpenti-

312 1154 402 1205 bus,
436 1168 668 1206 quacunque
702 1155 921 1206 incederet,
956 1156 1086 1193 onmia
1120 1154 1295 1206 arbusta,
1328 1155 1517 1206 uirgulta,
1550 1161 1653 1194 tecta
1684 1168 1846 1206 peruer-

313 1226 413 1271 tere,
443 1226 481 1259 et.
507 1233 597 1259 eum
624 1220 858 1259 admiratum
886 1222 1087 1271 quaesisse
1117 1220 1162 1258 de
1192 1219 1281 1271 deo,
1309 1220 1504 1271 quodnam
1528 1220 1625 1259 illud
1647 1226 1751 1259 esset
1770 1220 1845 1259 tale

316 1347 354 1381 Ο.
380 1347 520 1382 Gilbert
541 1358 578 1391 p.
599 1349 672 1381 408
699 1347 748 1381 ad
774 1358 849 1382 eam
879 1347 1091 1392 legationem
1117 1347 1368 1382 Rommzormn
1394 1348 1568 1390 referunt,
1595 1358 1667 1390 qua
1695 1347 1846 1382 Cartha-

311 1395 536 1439 91'm'ensibus
561 1395 689 1429 bellum
716 1395 897 1429 indictum
923 1399 988 1435 est,
1017 1394 1113 1429 Fal).
1135 1394 1180 1436 fr.
1201 1397 1250 1429 25
1278 1396 1337 1438 (ef.
1360 1394 1487 1440 Polyb.
1509 1397 1542 1436 3,
1561 1398 1621 1438 20,
1642 1398 1726 1439 639.
1760 1395 1846 1429 Ista

312 1445 369 1476 21.
392 1445 468 1479 15).

408 1489 471 1524 11.
499 1489 746 1524 Antecesserat
782 1490 830 1532 fr.
857 1492 913 1524 34.
949 1490 1002 1532 C'f.
1037 1490 1124 1524 [Λα.
1151 1491 1217 1532 21,
1238 1492 1304 1531 22,
1325 1493 1364 1523 5.-
1400 1489 1456 1522 Ab
1491 1488 1658 1523 Gadibus
1696 1489 1846 1524 Cartha—

312 1537 438 1581 ginem
473 1537 521 1570 ad
546 1537 704 1570 hiberna
731 1537 912 1571 exercitus
945 1537 1052 1571 redit.
1093 1539 1206 1581 atque
1232 1537 1319 1571 inde
1346 1536 1531 1580 profectus
1563 1538 1711 1581 praeter
1736 1537 1845 1570 mari-

311 1587 452 1618 tumam
485 1595 587 1618 oram
623 1584 834 1618 Etouissam
867 1584 996 1618 urbem
1029 1584 1076 1618 ad
1112 1585 1291 1619 Hiberum
1325 1584 1438 1618 ducit.
1489 1584 1542 1618 ibi
1582 1584 1683 1618 fama
1715 1586 1772 1618 est
1803 1584 1847 1618 in

312 1632 470 1676 quiete
497 1632 643 1665 uisum
676 1632 722 1666 ab
756 1643 797 1666 eo
825 1632 995 1666 iuuenem
1031 1632 1160 1666 diuina
1187 1631 1326 1676 specie,
1361 1632 1424 1675 qui
1450 1643 1487 1666 se
1516 1631 1562 1666 ab
1589 1632 1674 1666 Ioue
1707 1631 1847 1666 diceret

313 1679 444 1713 ducem
470 1679 509 1712 in
535 1679 681 1713 ltaliam
709 1679 910 1714 Hannibali
936 1680 1105 1713 missum:
1133 1679 1289 1724 proinde
1310 1681 1526 1723 sequeretur
1545 1690 1665 1723 neque
1688 1689 1847 1722 usquam

313 1738 334 1760 a
361 1737 397 1761 se
426 1726 639 1761 deflecteret
659 1727 794 1761 oeulos.
835 1727 1015 1770 pauidum
1041 1726 1160 1771 primo
1188 1738 1373 1770 nusquam
1400 1726 1762 1771 circumspicientem
1782 1728 1847 1761 aut

312 1774 573 1818 respicientem
601 1777 783 1816 secutum„
817 1775 951 1808 deinde
979 1785 1066 1808 cura
1091 1774 1234 1819 ingenii
1260 1774 1431 1817 humani,
1468 1786 1571 1816 cum,
1605 1774 1782 1817 quidnam
1808 1774 1846 1807 id

313 1823 410 1856 esset
436 1822 535 1865 quod
562 1822 792 1866 respicere
818 1822 956 1855 uetitus
984 1824 1091 1863 esset,
1118 1822 1280 1866 agitaret
1300 1822 1435 1863 animo,
1461 1823 1717 1866 temperare
1744 1832 1844 1855 ocu-

312 1869 370 1902 lisr
402 1869 685 1912 nequiuisse,
719 1871 799 1903 tum
831 1869 969 1903 uidisse
1002 1872 1088 1913 post
1114 1880 1192 1904 sese
1219 1871 1427 1913 serpentem
1459 1869 1554 1902 mira
1585 1869 1846 1913 magnitudine

313 1928 395 1951 cum
422 1916 565 1962 ingenti
592 1917 799 1951 arborum
827 1927 874 1951 ac
900 1916 1208 1961 uirgultorum
1230 1919 1388 1961 ‘stra-ge
1414 1917 1502 1950 ferri
1530 1927 1572 1950 ac
1592 1919 1676 1961 post
1700 1916 1846 1960 insequi

313 1976 397 1998 cum
424 1964 571 2008 fragore
599 1965 693 1999 caeli
718 1965 897 1998 nimbum.
937 1967 1025 2007 tum,
1052 1975 1149 2008 quae
1174 1964 1290 1998 moles
1317 1975 1361 1998 ea
1387 1965 1525 2008 quidue
1551 1964 1713 2008 prodigii
1740 1965 1845 2005 esset,

313 2014 552 2055 quaerentem
578 2012 737 2054 audisse,
764 2012 1033 2046 uastitatem
1059 2012 1224 2046 Italiae
1252 2022 1366 2046 esse:
1394 2013 1611 2056 pergeret
1635 2022 1767 2055 porro
1793 2011 1847 2046 ire

312 2070 380 2094 nee
405 2059 502 2094 ultra
527 2060 733 2103 inquireret
759 2059 969 2103 sineretque
995 2059 1075 2094 fata
1100 2059 1139 2093 in
1159 2059 1302 2094 occulto
1324 2070 1415 2093 esse.
1454 2062 1514 2103 (θα)
1533 2070 1571 2093 eo
1599 2060 1714 2094 Valer.
1738 2059 1845 2094 Max.

313 2112 345 2149 1,
362 2110 383 2141 7
409 2112 476 2142 eset.
499 2111 530 2141 1.
570 2108 632 2142 Sil,
656 2109 741 2142 Ital.
764 2110 797 2147 3,
819 2110 1039 2149 163—:2142
1076 2107 1212 2142 Zonar.
1245 2110 1286 2149 8,
1306 2110 1373 2142 22:
1408 2109 1456 2152 τῷ
1489 2106 1526 2142 δ’
1554 2105 1697 2154 Ἀννίβᾳ
1728 2105 1848 2150 θηρία

312 2154 428 2189 πολλὰ
461 2155 523 2189 καὶ
557 2155 726 2199 ἄγνωστα
763 2155 829 2190 τὸν
855 2152 983 2200 Ἴβηρα
1019 2153 1255 2200 διαβαίνοντι
1286 2153 1622 2199 προκαθηγήσατο,
1657 2154 1720 2188 καὶ
1759 2153 1847 2198 ὄψις

313 2202 459 2246 ὀνείρου
486 2202 619 2247 ἐφάνη.
666 2203 767 2244 ἔδοξε
789 2201 858 2248 γάρ
879 2214 968 2236 ποτε
988 2203 1073 2242 τοὺς
1092 2203 1208 2243 θεοὺς
1229 2202 1268 2237 ἐν
1290 2200 1462 2249 ἐκκλησίᾳ
1484 2200 1722 2246 καθημένους
1740 2214 1846 2245 μετα-

402 2317 447 2371 9,
478 2324 497 2359 1
529 2320 711 2359 caecilius
739 2321 828 2358 libre·
861 2321 1019 2358 cecilius
1046 2320 1085 2357 Β
1118 2320 1230 2357 cecili
1256 2321 1297 2357 F
1355 2319 1567 2357 annalibus
1593 2319 1632 2356 Β
1743 2321 1766 2357 2
1794 2320 1846 2357 16-

312 2381 474 2430 gatique
502 2381 591 2417 misi
618 2381 656 2417 Β
718 2380 890 2417 ueniunt
915 2379 1043 2417 om.B

405 2436 478 2490 10,
503 2441 526 2477 3
555 2439 820 2489 Saguntinum
849 2439 1046 2487 lVoelfflin
1072 2439 1163 2476 Ant.
1185 2452 1223 2475 u.
1247 2437 1350 2476 Ooel.
1377 2452 1414 2487 p.
1431 2439 1483 2475 37
1577 2439 1603 2475 4
1629 2438 1720 2476 hist.
1741 2433 1805 2475 lib’
1828 2438 1848 2475 I

312 2499 473 2546 Neapol.

407 2554 479 2609 ll,
504 2559 526 2595 5
555 2560 651 2595 item
667 2557 889 2595 Lambinus
914 2557 1019 2595 idem
1034 2558 1139 2595 codd.
1153 2558 1295 2595 Christi
1298 2556 1489 2604 praeter(
1496 2556 1620 2605 Voss.)
1631 2552 1845 2604 A1(Lez·d.)

312 2618 359 2654 H
381 2619 445 2664 91ιὶ
465 2617 588 2655 isdem
613 2618 783 2655 eaeleibent
822 2616 993 2666 quamA
1057 2619 1093 2653 5.
1111 2617 1134 2654 6
1159 2616 1313 2654 Caelius
1329 2615 1592 2662 (Voss.)BH
1663 2617 1685 2653 6
1715 2617 1847 2666 graeci

321 2677 480 2714 I'z'wdob.
541 2677 603 2714 his
630 2677 669 2715 Β
799 2678 835 2714 6.
854 2678 875 2713 7
904 2676 1112 2713 Annibalis
1139 2671 1249 2712 AlH
1283 2674 1520 2712 Annibalem
1547 2675 1585 2712 A
1704 2677 1727 2714 8
1756 2688 1844 2714 con-

313 2736 404 2774 cilio
430 2736 477 2772 H
597 2738 618 2774 9
648 2735 791 2774 inferet
816 2736 855 2772 Β
980 2737 1032 2774 10
1060 2731 1098 2786 6]
1126 2736 1167 2772 in
1193 2735 1240 2771 H
1348 2736 1398 2772 11
1429 2735 1603 2783 caepisse
1631 2746 1716 2772 cum
1744 2735 1792 2772 H

313 2795 524 2844 respiceret
550 2794 588 2832 A
614 2797 655 2832 «m
681 2807 758 2833 ras.
823 2797 955 2832 autem
983 2795 1021 2831 Β
1046 2807 1075 2832 s.
1102 2795 1169 2832 lin.
1275 2795 1327 2830 1⁶2
1355 2793 1395 2830 id
1422 2805 1492 2830 om.
1515 2794 1562 2831 H
1660 2795 1712 2832 14
1739 2796 1846 2831 tesca

316 2853 433 2892 Orelli
558 2856 608 2892 15
638 2855 684 2892 de
712 2850 802 2905 deo]
831 2855 924 2891 deeo
951 2854 989 2891 Β
1017 2866 1052 2891 α.
1078 2865 1174 2891 corr.

1873 584 1887 609 5

1873 910 1906 935 10

1875 1236 1905 1261 15
