2002 3342
654 188 893 223 VALERIVS
921 188 1096 222 ANTIAS
1488 200 1639 230 Cccvll

110 316 197 341 cum
220 302 323 341 idem
353 301 499 340 Claudii
524 301 696 352 lepidum
720 300 879 338 diceret.
908 311 1006 350 quae
1028 298 1264 337 iudiciorum
1279 298 1487 336 diuersitas
1509 299 1560 335 ita
1576 310 1640 336 ex—

110 367 287 419 plicanda
305 369 391 417 erit,
418 373 459 405 ut
487 365 691 404 Claudium
713 365 957 415 antiquitatis
984 365 1024 401 in
1046 363 1255 401 scribendo
1280 363 1498 401 studiosum
1522 363 1641 401 fuisse

110 435 393 482 existimemus,
409 431 604 469 Valerium
626 443 719 469 suae
735 431 873 468 aetatis
895 442 1075 467 sermone
1091 441 1205 467 usum
1222 430 1344 477 gratia
1361 435 1395 466 et
1419 440 1564 467 uenere
1581 441 1641 465 ca-

111 499 249 548 ruisse,
265 510 363 548 quae
392 496 447 535 illi
474 497 587 534 aetati
615 497 692 534 nisi
713 494 841 534 studio
863 500 899 532 et
921 506 1014 532 cura
1036 495 1253 544 comparari
1276 489 1554 546 1wnposset¹)‚
1576 506 1642 543 po·

110 565 183 601 sita
210 569 341 601 tamen
362 563 401 599 in
424 563 650 611 incorrupta
672 561 904 611 antiquitate
927 554 1180 609 11ide1·etu1·.2)
1224 558 1437 609 eademque
1461 558 1507 596 de
1528 570 1644 596 rausa

111 629 185 667 erit.
202 626 469 678 repetendum,
486 625 590 677 quod
605 627 673 677 qui
688 626 934 676 grammatici
950 624 1094 662 formas
1110 625 1260 674 priscas
1276 629 1311 676 et
1329 623 1506 661 insolitas
1521 629 1644 661 secta—

111 699 266 742 rentur,
293 691 412 730 multa
442 691 618 742 exempla
646 694 928 741 prompserunt
955 702 975 727 e
1003 688 1182 738 Claudio,
1209 701 1403 739 perpauca
1433 701 1452 726 e
1481 688 1644 726 Valerio.

110 771 199 796 nam
227 758 428 808 plerisque
451 757 559 806 locis,
587 755 729 807 quibus
750 756 918 793 Antiatis
946 755 1092 793 mentio
1115 754 1214 792 sacta
1236 760 1306 804 est,
1334 766 1410 791 non
1433 753 1645 791 uerborum

111 822 179 861 sed
216 835 348 861 rerum
386 834 502 861 causa
539 827 599 860 est
634 823 836 872 inspectus
869 826 906 858 et
942 819 1139 869 laudatus,
1177 819 1394 867 fragmenta
1428 820 1512 856 eius
1549 819 1645 868 ipsis

110 887 244 927 uerbis
271 889 477 939 pertenuia
510 886 624 924 nobis
655 885 796 924 tradita
824 891 926 924 sunt.
967 884 1088 923 nihilo
1110 886 1241 922 minus
1263 883 1309 922 de
1331 897 1373 922 ea
1396 896 1437 921 re
1459 883 1533 921 hoc
1559 895 1646 934 pro-

112 966 321 1005 ponemus,
356 958 481 991 artem
515 964 588 991 nec
621 964 641 990 a
669 951 829 990 Claudio
857 963 930 989 nec
957 963 975 988 a
1004 949 1155 988 Valerio
1184 955 1354 1000 spretam
1383 961 1480 987 esse.
1521 961 1647 999 neque

112 1020 217 1057 enim
244 1018 318 1056 hoc
345 1030 416 1069 par
442 1017 489 1055 ad
509 1017 719 1056 utilitatem
740 1015 890 1067 polybii
917 1015 1124 1066 aspirabat,
1153 1016 1336 1065 quoniam
1364 1015 1439 1065 ipsi
1466 1015 1505 1052 in
1526 1015 1647 1052 uitam

113 1083 309 1135 publicam
337 1082 686 1121 administrandam
715 1094 792 1120 non
819 1086 1107 1132 processerant,
1136 1081 1248 1118 cuius
1276 1081 1497 1130 cognitione
1525 1085 1563 1117 et
1583 1091 1647 1117 ex-

112 1150 304 1200 perientia
337 1148 538 1186 historicis
572 1160 669 1198 opus
703 1160 789 1185 esse
823 1147 887 1185 ille
923 1146 1109 1185 docuerat
1137 1141 1478 1199 (152,28‚3sqq.).
1516 1146 1648 1195 itaque

113 1213 159 1253 ad
188 1213 488 1253 delectationem
515 1212 713 1264 redibant,
747 1212 810 1251 ille
842 1212 971 1250 colore
999 1213 1246 1262 antiquitatis
1273 1213 1313 1249 in
1341 1210 1506 1249 dicendo
1534 1211 1648 1248 affec-

115 1285 204 1330 tato,
226 1279 401 1317 Valerius
423 1280 642 1317 imitatione
664 1279 902 1329 scriptorum
925 1276 1274 1327 bellenisticorum,
1302 1277 1368 1327 qui
1388 1277 1552 1314 materia
1572 1281 1648 1314 tra-

113 1346 198 1395 gice
226 1344 468 1382 conformata
496 1345 647 1382 animos
675 1344 851 1394 grauiter
877 1347 1184 1392 commouerant,
1210 1341 1251 1380 id
1275 1341 1378 1392 quod
1405 1342 1506 1379 infra
1528 1340 1649 1391 pluri·

113 1410 186 1448 bus
214 1421 467 1460 exponemus.

204 1475 359 1513 Certius
382 1473 428 1512 de
451 1475 534 1512 eius
556 1473 589 1511 fi
604 1472 655 1511 de
677 1472 851 1511 iudicare
873 1485 989 1524 posse
1011 1472 1124 1511 nobis
1138 1471 1374 1511 uidebimur.
1408 1483 1496 1510 nam
1513 1470 1651 1509 Liuius

114 1552 203 1578 cum
232 1552 321 1578 eum
349 1545 551 1577 auctorem
579 1539 766 1588 nominat,
794 1543 858 1576 aut
880 1550 969 1576 cum
997 1537 1070 1576 alio
1093 1537 1222 1588 aliquo
1244 1549 1333 1576 eum
1356 1537 1651 1587 consociatam,

114 1607 148 1643 si
175 1617 263 1643 eum
292 1604 436 1655 solum,
469 1604 540 1642 hac
574 1605 779 1641 occasione
814 1608 968 1654 arrepta
1003 1604 1039 1641 ei
1065 1604 1217 1641 crimen
1243 1601 1402 1653 aliquod
1430 1601 1651 1652 exprobrat,

114 1671 283 1709 maxime
317 1668 618 1707 immodicorum
652 1680 967 1707 numerorum.
1007 1669 1139 1718 itaque
1171 1669 1300 1718 primo
1327 1667 1429 1718 loco,
1462 1679 1538 1717 quo
1566 1667 1651 1704 eius

114 1737 356 1774 mentionem
379 1735 482 1785 fecit,
503 1746 552 1772 ne
568 1735 604 1772 ei
625 1732 722 1772 tides
736 1733 928 1772 habeatur
942 1745 1083 1772 cauere
1098 1732 1207 1771 iubet
1222 1730 1280 1785 (3,
1290 1729 1412 1785 5‚12)
1429 1738 1478 1782 et,
1499 1737 1649 1782 postea-

115 1812 230 1851 quam
263 1807 426 1851 propter
457 1800 731 1850 antiquitatem
767 1800 825 1836 rei
853 1794 905 1852 (a.
925 1796 1025 1837 464.
1047 1794 1153 1851 290)
1188 1797 1348 1836 difficile
1375 1810 1462 1836 esse
1488 1798 1651 1847 monuit,

115 1871 209 1916 quot
234 1866 500 1916 pugnauerint
526 1864 807 1915 ceciderintue,
835 1870 969 1902 exacto
999 1864 1196 1902 affirmare
1222 1875 1399 1913 numero,
1427 1864 1482 1901 sic
1504 1863 1650 1913 pergit:

116 1928 279 1969 ‘audet
300 1937 431 1969 lamen
447 1932 593 1969 Antias
614 1930 799 1968 Valerius
813 1933 1030 1979 concipere
1043 1927 1245 1981 sammas’,
1266 1928 1531 1967 Romanorum
1545 1929 1650 1966 enim

116 1995 308 2034 cecidisse
341 1993 474 2045 5200,
515 1997 738 2046 Aequorum
774 1992 891 2033 4230
922 1996 988 2043 (ΥΡ.
1019 1991 1105 2049 19).
1151 1994 1224 2033 alia
1258 1995 1342 2033 eius
1378 1995 1436 2032 rei
1475 1992 1653 2043 exempla

116 2061 213 2099 haec
234 2066 342 2099 sunt:
364 2060 411 2099 ad
429 2060 596 2110 Illiturgi
612 2058 898 2098 Celtiberorum
920 2062 1052 2099 occisa
1076 2057 1226 2098 12000
1248 2055 1315 2113 (de
1331 2056 1484 2097 20000
1504 2059 1549 2097 fr.
1565 2054 1653 2111 35),

116 2125 163 2165 ad
187 2127 310 2164 Aoum
338 2138 492 2164 amnem
517 2138 537 2164 a
558 2124 670 2163 Villio
692 2124 854 2163 totidem
876 2125 1133 2164 Macedonum
1163 2120 1229 2178 (fr.
1251 2122 1325 2163 31:
1353 2127 1480 2163 ceteri
1505 2125 1654 2162 Graece⁴

117 2191 335 2240 Latinique
362 2197 562 2240 auctores,
590 2202 760 2239 quorum
788 2192 947 2239 quidem
974 2202 1047 2239 eqo
1075 2193 1155 2239 leye'
1182 2192 1362 2239 annales,
1390 2191 1493 2228 nihil
1509 2200 1651 2228 memo-

116 2258 248 2295 rabile
281 2269 306 2295 a
339 2257 454 2295 Villio
492 2257 869 2294 aetum—tradunt
903 2252 1025 2308 Liu.),
1060 2257 1100 2293 in
1138 2254 1300 2306 Olympo
1337 2260 1468 2292 monte
1506 2251 1655 2292 10000

214 2373 246 2414 1)
274 2369 428 2411 Quintil.
450 2374 481 2412 6,
498 2373 529 2413 3,
548 2373 602 2404 18.
635 2369 680 2404 cf.
696 2369 834 2404 Fronto
856 2382 890 2414 p.
909 2374 968 2403 18:
995 2381 1081 2403 nam
1101 2370 1272 2413 pleraque
1288 2369 1445 2413 propria
1464 2372 1655 2403 uenustate

117 2425 281 2459 carentia
315 2425 473 2469 qratiam
508 2424 651 2458 sibimet
684 2424 843 2458 alienam
881 2424 1103 2458 extrinsecus
1136 2427 1364 2457 mutuantur.
1410 2433 1444 2466 p.
1469 2424 1552 2464 150,
1588 2421 1653 2455 ubi

117 2477 235 2512 Marci
259 2477 495 2521 imperatoris
522 2476 653 2510 laudat
682 2476 873 2511 ‘eludendi
898 2476 1164 2510 uenustatem’.
1205 2478 1334 2510 contra.
1355 2474 1591 2509 desideratur
1616 2475 1654 2509 in

118 2531 303 2566 Ciceronis
337 2541 471 2575 genere
504 2530 653 2564 dicendi
690 2530 910 2575 explicando
943 2532 990 2574 (p.
1015 2531 1088 2573 63):
1128 2540 1232 2573 quom
1265 2533 1385 2563 tamen
1415 2530 1456 2562 in
1488 2529 1654 2563 ommibus

117 2587 195 2620 eius
220 2585 449 2619 orationibus
468 2585 697 2628 paucissima
722 2584 917 2618 admodum
944 2584 1105 2626 reperias
1124 2585 1312 2626 insperata
1332 2586 1439 2625 atque
1459 2583 1654 2625 inopinata

118 2638 244 2681 uerba,
271 2649 361 2681 quae
386 2649 461 2672 non
480 2638 555 2672 uisi
574 2649 654 2672 eum
674 2638 795 2672 studio
816 2641 922 2681 atque
942 2648 1031 2671 cura
1051 2641 1158 2680 atque
1177 2637 1310 2681 uiyilia
1332 2640 1436 2680 atque
1458 2637 1572 2669 multa
1593 2647 1653 2669 ue—

118 2696 232 2726 terum
258 2692 462 2726 carminum
489 2692 659 2725 memoria
688 2690 923 2736 indagantur.

217 2745 251 2789 2)
278 2743 330 2778 Cf.
353 2743 465 2778 Gellii
492 2743 633 2777 iudicia
653 2743 698 2777 de
720 2742 867 2777 Claudii
894 2743 1130 2778 suauitate
1156 2743 1392 2787 incorruptae
1414 2742 1653 2786 antiquitatis

121 2798 275 2841 eiusque
297 2797 427 2831 suaui
447 2798 648 2838 uetustate,
667 2796 911 2840 iucunditate,
934 2796 1161 2831 amoenitate
1182 2807 1216 2840 p.
1233 2808 1425 2838 ccrxxx1x3
1448 2795 1493 2829 de
1513 2794 1653 2830 Valerii

119 2862 252 2896 genere
281 2850 429 2884 dicendi
456 2850 604 2884 omnino
632 2851 731 2884 tacet

1272 2908 1335 2941 xx
