2002 3342
303 612 354 658 L.
383 610 784 657 CALPVRNIVS
817 610 952 657 Piso
987 611 1334 660 CENSORINVS
1369 613 1605 679 FRVGP)

278 719 414 756 Cicero
437 719 476 755 in
499 717 618 756 Bruto
641 715 708 768 Ξῖ,
733 715 815 756 106
837 730 926 756 cum
949 718 994 756 de
1017 719 1055 756 C.
1078 719 1232 770 Papirio
1255 720 1431 760 Carbone
1453 728 1597 773 ageret,
1625 723 1722 761 haec
1752 733 1753 738 ¹

189 783 235 822 de
264 783 303 821 L.
326 784 466 821 Pisone
494 782 698 821 adnexuit:
727 783 769 821 L.
797 786 902 822 enim
930 785 1023 823 Piso
1051 787 1239 823 tribunus
1255 788 1390 835 plebis
1415 789 1540 835 leqem
1562 792 1724 836 primns

188 851 237 888 tle
260 851 449 898 pecuniis
482 850 718 897 repetundis
755 850 974 888 Censorlno
1009 855 1045 888 et
1080 851 1251 889 Manilio
1285 855 1514 891 consulibus
1547 856 1637 892 {ulit
1664 876 1718 880 —

187 918 271 963 ipse
297 917 416 953 eliam
446 915 538 952 Piso
566 919 603 952 et
631 926 779 952 causas
805 917 886 962 essi!
913 920 950 953 et
979 917 1196 954 multarum
1222 919 1351 964 lessam
1380 924 1451 956 aut
1478 924 1623 957 anclm·
1650 925 1720 957 aul
1776 938 1779 949 ι

187 982 396 1019 dissuasor
425 980 529 1029 snit:
562 982 672 1027 isque
700 985 736 1018 et
769 983 976 1018 orationes
1003 983 1185 1029 reliquit,
1212 994 1317 1030 quae
1343 985 1424 1021 iam
1451 990 1723 1034 evanuerunt,

186 1052 223 1084 el
251 1047 419 1084 annales
443 1056 542 1084 sane
569 1047 732 1083 e-re'le'ler
757 1048 942 1094 scre'plos.
983 1058 1029 1084 ex
1057 1058 1133 1097 quo
1160 1048 1402 1098 testimonio,
1436 1061 1511 1098 quo
1545 1061 1643 1099 quae
1673 1048 1718 1087 de

185 1111 325 1149 Pisone
359 1110 456 1160 legis
485 1109 793 1160 repetundarum
829 1110 950 1149 latore
978 1112 1191 1149 memoriae
1219 1112 1372 1162 prodita
1403 1119 1495 1152 sunt
1527 1112 1573 1151 ad
1601 1126 1719 1152 anna-

185 1176 281 1214 lium
303 1177 537 1226 scriptorem
559 1176 798 1226 referuntur,
820 1177 949 1214 exorsi
972 1178 1056 1214 eius
1078 1178 1222 1215 uitam
1244 1177 1578 1217 adumbrabimus.
1606 1180 1719 1230 quin·

185 1254 260 1292 que
296 1242 417 1291 igitur
453 1242 538 1279 eius
576 1241 736 1279 fuerunt
772 1243 929 1279 nomina
964 1241 1075 1280 Lucii
1112 1241 1314 1293 Calpurnii
1348 1243 1502 1282 Pisonis
1539 1243 1719 1283 Censorii

184 1307 321 1357 Frugi,
355 1318 453 1357 quae
487 1307 561 1344 etsi
594 1318 672 1344 non
704 1319 781 1345 uno
815 1305 916 1357 loco,
952 1306 1120 1345 diuersis
1154 1314 1284 1346 tamen
1318 1311 1447 1347 omnia
1481 1322 1501 1348 a
1534 1309 1718 1361 Dionysio

184 1371 501 1410 Halicarnasensi
519 1371 631 1410 allata
647 1377 750 1422 sunt,
766 1384 855 1410 cum
876 1373 1000 1411 ceteri
1021 1374 1235 1423 scriptores
1257 1386 1346 1412 eum
1368 1376 1534 1413 citantes
1555 1380 1619 1414 aut
1641 1388 1717 1413 uno

184 1437 338 1475 Pisonis
359 1437 516 1474 nomine
537 1432 599 1490 (ut
620 1449 778 1488 semper
798 1436 946 1488 Liuius,
967 1437 1098 1489 Varro,
1119 1437 1352 1490 Macrobius,
1374 1440 1549 1489 Seruius,
1577 1439 1717 1479 deinde

184 1502 435 1553 Plutarchus,
461 1501 746 1553 Tertullianus,
773 1498 988 1556 Arnobius)
1023 1509 1088 1541 aut
1121 1509 1202 1542 tum
1229 1516 1307 1543 uno
1337 1511 1421 1543 tum
1449 1505 1600 1544 duobus
1628 1519 1717 1544 eum

185 1567 401 1619 appellasse
430 1568 524 1605 satis
550 1566 718 1606 habeant
745 1563 806 1620 (ut
826 1567 1054 1606 Priscianus
1082 1574 1118 1607 et
1140 1567 1401 1624 Censorinus)
1428 1576 1493 1609 aut
1520 1583 1717 1610 summum

185 1634 259 1671 tria
280 1633 437 1671 nouisse
459 1632 672 1670 uideantur
699 1628 760 1686 (ut
782 1632 932 1683 Cicero,
953 1633 1115 1683 Plinius,
1138 1631 1318 1689 Gellius).
1353 1648 1461 1687 gens,
1484 1636 1586 1674 unde
1607 1642 1716 1675 ortus

184 1704 255 1749 est,
283 1699 355 1736 fuit
380 1697 532 1748 plebeia
560 1697 628 1736 sed
650 1710 696 1736 ex
717 1711 792 1749 qua
813 1699 889 1736 iam
918 1698 1142 1749 complures
1162 1699 1209 1738 ad
1231 1713 1428 1740 summum
1450 1702 1609 1740 honoris
1631 1714 1718 1752 gra-

185 1763 275 1802 dum
309 1764 409 1801 enisi
442 1768 592 1814 essent,
628 1775 864 1814 quamquam
901 1776 977 1802 non
1014 1764 1234 1804 floruerunt
1272 1767 1419 1817 insigni
1453 1766 1546 1805 belli
1581 1767 1717 1818 gloria.

182 1834 292 1880 patre
319 1833 434 1866 natus
461 1833 520 1866 est
547 1825 723 1881 Lucio2),
751 1829 818 1880 qui
846 1830 932 1880 quis
960 1829 1097 1880 suerit,
1124 1842 1201 1867 non
1228 1829 1320 1869 licet
1347 1830 1522 1869 definire.
1561 1831 1641 1870 Iam
1670 1831 1717 1870 de

181 1892 489 1945 magistratibus,
516 1906 613 1944 quos
640 1895 819 1945 gesserit,
846 1894 1029 1933 nolumus
1057 1907 1274 1946 recoquere
1296 1908 1394 1947 quae
1416 1896 1575 1947 Pighius
1603 1909 1717 1935 exco-

182 1960 321 2010 gitauit
352 1958 496 2009 aliique
528 1964 618 2009 post
649 1971 739 1998 eum
766 1961 877 2010 quasi
904 1972 974 2010 pro
1008 1966 1115 1999 certo
1143 1960 1419 2014 adfirmarunt3
1453 1967 1559 2000 certa
1587 1968 1625 2001 et
1651 1975 1716 2000 ex-

181 2023 329 2075 plorata
364 2023 459 2061 haec
493 2029 601 2062 sunt:
634 2025 803 2063 maxime
831 2026 916 2064 eius
944 2037 1086 2063 nomen
1115 2025 1300 2065 inclaruit
1324 2026 1428 2078 lege,
1463 2039 1537 2079 qua
1562 2029 1715 2079 primus

184 2089 230 2127 de
257 2087 487 2140 repetundis
513 2088 697 2127 tribunus
724 2089 850 2140 plebis
878 2104 908 2130 a.
934 2088 1028 2129 149.
1051 2088 1136 2130 605
1147 2087 1178 2144 3)
1212 2094 1483 2143 quaestionem
1511 2095 1717 2132 constituit

184 2160 239 2205 et,
266 2159 310 2192 ut
336 2153 474 2205 loquar
500 2166 589 2192 cum
616 2154 805 2193 Cicerone
833 2151 975 2208 (diuin.
1003 2157 1042 2194 in
1071 2155 1113 2201 Q.
1136 2156 1275 2196 Caecil.
1297 2155 1336 2209 5,
1354 2154 1444 2212 18),
1475 2159 1535 2196 ius
1563 2164 1714 2197 extera-

185 2232 270 2258 rum
296 2220 498 2258 nationum
521 2232 730 2271 arcemque
758 2220 941 2271 firmauit,
968 2226 1050 2259 tum
1078 2221 1267 2260 tredecim
1289 2224 1402 2261 annis
1422 2229 1510 2274 post
1530 2230 1713 2274 praetura

182 2280 383 2332 sunctus4)
411 2296 442 2322 a.
462 2281 555 2323 133.
572 2282 669 2336 621,
697 2298 785 2324 cum
806 2286 845 2324 P.
861 2286 988 2325 Mucio
1010 2286 1197 2325 Scaeuola
1218 2288 1354 2326 consul
1375 2294 1531 2327 creatus
1555 2290 1594 2327 in
1616 2289 1713 2327 Sici-

181 2349 272 2388 liam
305 2350 450 2388 missus
484 2355 560 2401 est,
594 2355 636 2388 ut
669 2350 813 2389 bellum
848 2353 1128 2402 grauissimum
1159 2352 1350 2392 aduersus
1378 2354 1582 2405 fugitiuos,
1616 2367 1713 2405 quos

279 2465 310 2507 1)
336 2464 394 2499 De
421 2464 463 2499 L.
486 2465 618 2499 Pisone
651 2466 845 2499 armalimn
876 2467 1050 2510 scriptore
1077 2477 1143 2501 ser.
1172 2467 1220 2501 Η.
1244 2467 1414 2502 Liebaldt
1438 2467 1565 2512 Progr.
1586 2480 1710 2513 gymn.

180 2517 386 2562 Numburg.
416 2521 517 2552 1836.
559 2517 616 2552 W.
639 2517 769 2552 Soitau
796 2519 873 2554 Der
892 2520 1070 2554 Annalist
1095 2521 1184 2555 Piso
1215 2520 1254 2554 in
1280 2520 1411 2555 Philol.
1434 2521 1514 2556 LVI
1539 2534 1573 2566 p.
1598 2526 1713 2556 118—

184 2574 261 2605 129.
301 2569 490 2605 Cichorius
517 2571 562 2606 R.
586 2571 632 2605 E.
659 2571 709 2605 III
735 2583 764 2607 c.
788 2575 985 2606 1392—95.

276 2626 310 2668 2)
337 2623 456 2657 Huius
476 2635 611 2659 nomen
630 2624 699 2659 filii
718 2625 860 2660 nomini
881 2625 1052 2660 additum
1073 2628 1194 2661 exstat
1214 2627 1252 2661 in
1272 2626 1410 2672 glande
1430 2627 1591 2672 quadam
1613 2628 1711 2661 Hen-

182 2676 286 2710 nensi
312 2677 351 2711 in
377 2676 413 2712 C,
435 2677 460 2712 Ι.
481 2678 518 2711 L.
540 2677 555 2710 Ι
581 2689 616 2721 p.
634 2681 700 2712 189
728 2680 764 2712 et
784 2678 823 2712 in
843 2679 925 2724 lege
945 2681 1060 2723 repet.
1081 2692 1114 2714 u.
1136 2679 1285 2715 LXXIV
1303 2692 1337 2725 p.
1355 2685 1398 2715 62
1419 2681 1586 2716 Momms.
1627 2682 1710 2715 Vici.

182 2729 227 2764 de
253 2730 428 2764 Pisonum
453 2730 600 2764 familia
624 2731 829 2766 Mommsen
855 2733 1006 2777 Eplcem.
1033 2734 1143 2779 epiyr.
1164 2733 1179 2766 Ι
1206 2745 1240 2778 p.
1258 2738 1335 2768 144.

277 2783 309 2826 3)
336 2782 455 2817 Natus
481 2783 597 2828 igitur
622 2783 773 2818 uidetur
798 2796 877 2820 esse
904 2787 989 2820 ante
1015 2797 1047 2820 a.
1072 2790 1250 2829 179.575‚
1282 2787 1312 2821 si
1339 2787 1489 2830 quidem
1516 2788 1712 2832 plerosque
1762 2791 1774 2838 ἃ,

182 2834 348 2869 tribunos
374 2835 495 2880 plebis
520 2836 605 2880 plus
631 2837 788 2882 triginta
814 2849 995 2873 annorum
1022 2839 1136 2874 fuisse
1163 2842 1320 2875 constat.

277 2889 310 2932 4)
337 2888 419 2923 Vid.
448 2888 590 2924 Groebe
617 2890 664 2924 ad
691 2890 896 2926 Drumanni
922 2892 1010 2927 hist.
1031 2893 1135 2928 Rom.
1157 2893 1189 2927 II
1215 2905 1249 2938 p.
1266 2898 1345 2928 541.
