2002 3342
730 202 776 236 M.
800 202 999 237 PORCIVS
1027 203 1151 238 CATO
1617 219 1704 249 CLV

171 318 313 368 partim
335 327 405 367 per
423 314 647 353 Cornelium
669 313 858 364 Nepotem
881 309 945 367 (fr.
968 312 1035 353 37.
1057 312 1125 353 40.
1148 312 1215 353 41.
1237 313 1306 353 42.
1328 314 1396 354 44.
1413 313 1480 355 47.
1496 314 1565 354 49.
1582 313 1706 368 68).¹›

172 394 270 433 quac
298 382 440 420 ceteris
473 379 584 418 libris
618 381 765 417 inserta
800 385 892 417 sunt
925 378 1154 430 Catoniana,
1188 392 1311 431 paene
1339 382 1469 419 omnia
1497 386 1562 420 aut
1590 383 1706 420 etiam

172 460 275 485 nunc
310 447 568 484 inueniuntur
599 445 639 482 in
674 444 830 482 Catonis
864 443 910 482 de
945 456 986 482 re
1022 446 1166 483 rustica
1201 441 1356 498 libris2)
1391 451 1458 484 aut
1493 452 1626 497 aperte
1664 447 1709 485 ad

172 525 254 550 rem
283 512 468 550 rusticam
496 511 707 561 pertinent,
734 516 777 548 ut
804 509 961 548 exclusa
989 522 1032 548 ea
1061 521 1146 547 esse
1173 515 1301 560 pateat
1323 510 1368 548 ab
1392 523 1448 562 eo,
1476 513 1544 562 qui
1564 511 1708 550 librum

169 577 279 615 illum
312 577 352 614 in
385 588 468 614 eam
504 587 620 626 quam
654 587 759 613 nunc
793 574 984 613 habemus
1017 575 1182 613 formam
1216 575 1379 625 redegit.
1425 582 1585 628 excepta
1617 583 1709 616 sunt

171 654 382 693 perpauca,
422 646 537 692 atque
571 653 616 679 ex
652 640 760 678 hisce
796 641 870 678 tria
906 652 951 677 ex
989 639 1100 678 libris
1137 639 1184 678 ad
1221 640 1343 678 filium
1381 642 1512 680 missis
1548 647 1703 693 sumpta

171 713 273 757 sunt,
300 706 339 745 id
367 705 469 757 quod
497 711 562 744 aut
583 707 680 756 ipsis
701 705 817 744 Plinii
839 704 972 744 uerbis
994 706 1258 755 significatum
1281 711 1341 744 est
1363 702 1479 758 (Plin.
1504 705 1540 757 7,
1566 705 1644 746 171
1664 726 1708 738 =

169 772 269 811 Iord.
297 785 332 823 p.
357 769 428 821 78,
449 770 493 823 ι’),
522 768 595 821 29,
620 769 672 809 13
695 790 739 801 =
760 769 859 809 Iord.
887 784 922 821 p.
947 768 1013 821 77,
1039 767 1080 824 1)
1121 775 1187 809 aut
1225 770 1383 809 aliunde
1423 772 1516 810 satis
1557 778 1709 811 constat

164 833 244 891 (Pl.
267 835 334 887 28,
355 834 441 875 260
462 854 505 866 -—-
526 836 649 875 Diom.
670 836 698 885 I,
718 849 754 887 p.
776 833 862 874 362
878 835 920 873 Κ.
954 835 1055 874 Iord.
1076 849 1112 887 p.
1137 833 1203 885 78,
1225 832 1284 890 3).
1331 842 1481 875 restant
1501 849 1546 875 ex
1569 849 1706 888 magna

166 902 426 941 frustulorum
461 901 765 940 Catonianorum
798 900 1050 940 multitudine
1084 906 1279 952 quattuor.
1332 913 1376 940 ex
1411 901 1472 940 his
1505 914 1627 941 unum
1667 904 1708 941 in

170 966 268 1005 libro
302 972 439 1005 octauo
468 962 564 1020 (11)
599 978 640 1004 se
674 979 720 1005 ex
754 965 975 1016 originibus
1008 965 1154 1005 habere
1189 968 1390 1005 enuntiato
1422 966 1525 1018 quod
1559 966 1703 1005 addidit

168 1033 279 1079 (cum
326 1035 615 1081 imperatorum
662 1035 826 1070 nomina
871 1033 1089 1070 annalibus
1132 1033 1382 1080 detraxerit)
1428 1033 1512 1083 ipse
1557 1032 1708 1071 Plinius

169 1096 343 1136 ostendit
371 1092 435 1150 (fr.
459 1093 546 1150 88),
575 1096 741 1135 alterum
768 1097 808 1135 in
835 1096 934 1135 libro
962 1102 1101 1148 quarto
1130 1096 1281 1136 decimo
1303 1093 1399 1151 (52)
1428 1097 1519 1136 inde
1548 1097 1707 1136 ductum

168 1174 257 1201 esse
284 1161 497 1201 uerborum
522 1162 852 1200 Varronianorum
882 1174 1076 1200 consensu
1105 1158 1171 1215 (fr.
1192 1158 1268 1216 43)
1299 1162 1473 1202 docetur.
1514 1162 1589 1202 duo
1617 1163 1708 1202 reli-

170 1240 245 1278 qua
273 1240 319 1266 ex
345 1240 421 1278 quo
447 1227 546 1266 libro
569 1227 799 1279 deprompta
822 1228 911 1278 sint,
940 1227 1110 1266 dubitari
1131 1233 1270 1279 potest.
1311 1233 1402 1267 sunt
1422 1228 1534 1267 haec:
1564 1226 1630 1279 14,
1651 1225 1709 1267 90

172 1294 271 1332 Cato
304 1295 394 1332 ideo
418 1295 674 1342 propinquos
701 1293 866 1342 feminis
898 1295 1077 1332 osculum
1105 1295 1206 1332 dare
1234 1292 1430 1345 [scripsit]
1440 1325 1449 1344 ,
1483 1299 1526 1332 ut
1550 1297 1705 1333 scirent

164 1370 222 1397 an
251 1364 435 1397 temetum
461 1361 624 1397 olerent.
647 1381 703 1385 —
730 1359 796 1397 Cn.
820 1359 1019 1398 Domitius
1043 1361 1168 1398 iudex
1185 1362 1478 1408 pronuntiauit
1498 1362 1706 1398 mulierem

168 1425 307 1462 uideri
328 1427 425 1473 plus
450 1427 540 1462 uini
566 1425 711 1463 bibisse
737 1435 857 1472 quam
889 1426 1138 1463 ualetudinis
1171 1436 1298 1463 causa
1328 1427 1419 1463 uiro
1447 1427 1642 1463 insciente
1668 1430 1706 1463 et

170 1492 260 1529 dote
292 1492 489 1528 multauit.
535 1491 686 1538 diuque
718 1492 805 1528 eius
836 1492 899 1527 rei
921 1492 1180 1538 parsimonia
1209 1490 1302 1539 fuit.
1349 1490 1392 1528 L.
1417 1491 1610 1539 Papirius
1636 1493 1707 1529 im—

160 1561 336 1605 perator
369 1557 568 1593 ctduersus
604 1556 804 1593 Samnites
837 1556 1108 1593 dimicaturus
1139 1561 1275 1594 uotum
1307 1555 1426 1605 feeit,
1463 1558 1499 1594 si
1531 1558 1707 1603 uicisset,

170 1621 262 1659 Ioui
287 1623 482 1669 pocillum
509 1623 607 1659 uini.
654 1622 826 1668 denique
860 1623 966 1659 inter
996 1621 1103 1659 dona
1128 1623 1333 1659 sextarios
1360 1622 1476 1659 datos
1502 1623 1620 1659 lactis
1646 1623 1706 1659 in-

170 1688 369 1733 venimus,
403 1697 601 1734 nusquam
634 1687 723 1723 uini
756 1679 916 1737 (Incert.
944 1684 1043 1723 Iord.
1071 1699 1107 1736 p.
1129 1683 1184 1724 86
1213 1686 1258 1724 fr.
1284 1682 1369 1740 14).
1416 1685 1582 1724 alterum
1617 1698 1708 1724 con—

164 1751 276 1789 tinuo
297 1751 477 1802 sequitur
497 1747 611 1803 (91):
639 1751 750 1789 Idem
771 1751 867 1789 Cato
890 1763 979 1789 eum
1001 1753 1041 1790 in
1064 1752 1306 1801 Hispaniam
1328 1754 1575 1800 nam'qasset,
1598 1753 1706 1790 unde

169 1828 259 1856 cum
286 1817 485 1866 triumpho
513 1818 655 1855 rediit:
681 1828 759 1855 non
788 1818 904 1855 [iliud
928 1819 1079 1865 uinum,
1106 1820 1249 1865 inquit,
1276 1818 1360 1856 bibi
1382 1829 1503 1866 quam
1523 1819 1706 1865 remiqes.

170 1894 214 1919 ex
242 1881 304 1919 his
330 1893 426 1920 uero
453 1882 564 1932 prius
591 1893 638 1919 ex
659 1881 818 1920 Catonis
840 1880 887 1920 de
909 1881 997 1920 dote
1018 1883 1194 1920 oratione
1216 1894 1303 1920 esse
1324 1881 1514 1920 Mercklin
1537 1878 1705 1934 (Citier-

168 1948 349 1985 methode
377 1948 412 1985 (i.
445 1948 539 1985 Gell.
567 1960 603 1997 p.
625 1944 710 1985 662
726 1942 802 1999 sq.)
837 1952 1060 1998 comparato
1095 1945 1217 1985 Gellio
1248 1943 1314 1997 10,
1341 1943 1396 1984 23
1431 1947 1528 1985 scite
1561 1945 1708 1996 elicuit,

167 2025 268 2063 quae
296 2013 521 2051 coniectura
548 2024 592 2050 eo
621 2012 811 2062 firmatur,
845 2011 949 2063 quod
976 2011 1126 2050 Plinius
1153 2010 1222 2062 34,
1249 2009 1303 2050 31
1339 2013 1456 2050 etiam
1485 2024 1554 2050 sua
1581 2017 1706 2050 aetate

171 2075 341 2115 rexstare
375 2076 530 2116 Catonis
566 2078 608 2115 in
644 2089 811 2116 censura
846 2075 1166 2116 uociferationes'
1201 2082 1500 2127 commemorat,
1534 2076 1580 2115 de
1618 2076 1707 2116 dote

171 2148 301 2181 autem
335 2142 521 2181 Catonem
560 2143 600 2181 in
639 2155 806 2181 censura
845 2142 1018 2181 locutum
1052 2154 1139 2181 esse
1171 2143 1259 2180 ueri
1298 2141 1427 2180 simile
1460 2147 1520 2180 est
1555 2138 1708 2195 (Meyer

171 2213 265 2246 orat.
295 2208 339 2245 fr.
368 2221 402 2258 p.
427 2203 556 2260 76).3)
597 2206 761 2246 alterum
795 2214 957 2259 propter
982 2207 1103 2246 uerba
1132 2219 1230 2258 quae
1258 2207 1401 2246 adiecit
1431 2207 1582 2245 Plinius
1616 2220 1706 2246 cum

167 2276 208 2312 in
232 2274 470 2322 Hispaniam
497 2276 734 2321 nauiyasset
761 2285 807 2311 ex
834 2274 1010 2311 oratione
1032 2285 1122 2312 eum
1143 2276 1182 2312 in
1206 2274 1446 2322 Hispaniam
1464 2275 1706 2322 proficisce-

169 2343 285 2377 retur
311 2338 435 2388 ssuxss,
461 2343 504 2376 ut
530 2339 700 2376 coniecit
726 2337 866 2376 lordan
892 2351 928 2389 p.
951 2336 1019 2376 91.

262 2403 439 2455 Denique
467 2405 550 2442 sine
575 2403 691 2442 dubio
718 2403 838 2442 multa
860 2403 1016 2442 Catonis
1044 2404 1261 2454 fragmenta
1286 2404 1327 2441 in
1349 2402 1515 2442 naturali
1541 2403 1705 2441 historia

167 2469 299 2520 latent,
325 2474 369 2508 ut
395 2470 435 2507 in
462 2468 562 2507 libro
590 2475 740 2520 quarte,
769 2470 881 2507 cuius
908 2468 1023 2507 index
1047 2469 1204 2507 Catonis
1231 2480 1374 2507 nomen
1402 2468 1571 2518 exhibet,
1598 2467 1702 2518 quod

166 2536 205 2572 in
234 2534 332 2573 libro
365 2535 450 2585 ipso
477 2547 670 2585 nusquam
698 2535 912 2573 inuenitur.
953 2533 1022 2572 sed
1055 2534 1117 2571 hic
1151 2533 1266 2572 index
1300 2533 1450 2572 nullum
1485 2533 1705 2571 adminicu-

167 2599 245 2638 lum
278 2599 448 2651 praehet.
488 2601 527 2638 in
561 2599 635 2637 alio
669 2605 798 2638 autem
832 2599 931 2637 libro
958 2599 1071 2637 nohis
1098 2600 1278 2650 contigit,
1311 2604 1354 2637 ut
1381 2598 1522 2637 indicis
1558 2597 1701 2636 auxilio

262 2763 294 2805 1)
323 2761 405 2796 Vid.
433 2761 606 2795 Muenzer
635 2761 864 2806 Quellenkrit.
893 2761 954 2795 des
980 2762 1129 2795 Plinius
1154 2772 1190 2804 p.
1213 2764 1256 2794 26
1273 2771 1354 2803 sqq.

261 2816 295 2859 2)
322 2814 614 2859 Diligentissime
642 2825 684 2848 ea
712 2815 876 2849 indicata
902 2814 1016 2848 habes
1043 2814 1081 2847 in
1107 2814 1229 2848 indice
1256 2813 1409 2847 laniano
1437 2825 1471 2856 p.
1493 2817 1523 2846 4.

261 2870 295 2911 3)
320 2868 452 2911 Itaque
478 2867 572 2902 falso
600 2868 634 2901 in
663 2868 848 2912 originum
874 2867 1094 2912 fragmentis
1120 2867 1220 2901 Roth
1247 2866 1304 2911 (fr.
1327 2870 1407 2911 116)
1434 2866 1568 2910 posuit.
