2002 3342
242 764 428 815 Volenti
456 773 561 813 mihi
589 773 671 814 hoc
691 773 779 814 seni
801 772 993 829 contigit,
1018 775 1066 813 ut
1087 772 1201 826 quod
1222 786 1328 826 opus
1350 773 1594 814 adulescens
1623 773 1681 815 in-

154 845 424 898 cohaueram,
452 844 618 885 iuuenis
644 845 808 885 intenta
833 843 1128 885 lucubratione
1153 843 1425 898 perfeceram,
1453 844 1682 885 diuenditis

153 915 465 969 exemplaribus
481 930 592 957 nunc
607 915 744 956 denuo
759 918 988 956 retractare
1003 918 1045 956 et
1061 915 1282 956 emendare
1297 915 1520 969 potuerim.
1550 915 1684 956 multa

154 988 264 1028 enim
293 987 381 1028 siue
408 1001 501 1028 mea
526 986 801 1028 meditatione
829 987 1002 1028 edoctus
1027 987 1116 1027 siue
1143 986 1291 1027 alienis
1319 985 1487 1027 auxiliis
1514 986 1683 1027 adiutus

155 1059 318 1100 correxi
345 1072 553 1113 speroque
579 1073 645 1099 me
674 1058 798 1099 ‘inter
823 1058 928 1099 folia
952 1058 1134 1099 fructus'
1155 1057 1314 1098 uidisse
1335 1059 1376 1098 et
1397 1057 1619 1111 decerptos
1640 1057 1684 1097 in

154 1131 349 1186 granaria
384 1145 475 1171 mea
506 1133 812 1185 comportasse,
843 1131 967 1184 plura
997 1133 1159 1183 tamen,
1192 1144 1299 1183 quae
1333 1128 1404 1169 alii
1431 1128 1684 1169 refutauisse

155 1201 237 1242 sibi
263 1201 346 1242 uisi
375 1204 484 1255 sunt,
510 1201 666 1242 retinui
694 1217 736 1242 re
764 1201 917 1243 iterum
939 1201 1166 1257 diligenter
1187 1201 1426 1242 examinata
1446 1203 1488 1241 et
1507 1214 1686 1254 perpen-

156 1273 294 1323 sitata,
321 1276 394 1313 aut
420 1287 526 1326 quae
552 1287 665 1314 noua
692 1273 774 1314 sibi
800 1273 973 1327 quidam
1001 1272 1323 1328 excogitauisse,
1349 1286 1594 1312 enumerare
1620 1285 1686 1311 su-

154 1343 332 1398 persedi,
358 1359 410 1385 ne
435 1344 550 1385 hunc
575 1344 733 1385 librum
761 1344 1016 1386 coniecturis
1043 1344 1127 1385 iam
1149 1343 1365 1385 obliuione
1387 1343 1564 1397 obrutis,
1591 1356 1684 1383 cum

155 1414 263 1456 nihil
296 1429 345 1456 ex
372 1415 433 1456 eis
466 1415 517 1456 ad
550 1415 654 1457 haec
680 1415 819 1456 studia
846 1415 1138 1469 promouenda
1163 1415 1436 1470 redundaret,
1468 1427 1686 1456 onerarem

155 1490 353 1540 certaque
381 1486 520 1527 dubiis
547 1486 616 1527 uel
647 1486 764 1528 falsis
791 1487 983 1528 inmixtis
1011 1487 1238 1528 turbarem.
1278 1487 1344 1528 Ex
1372 1484 1687 1542 prolegomenis

156 1560 282 1612 caput
308 1558 495 1612 tertium,
523 1573 606 1612 quo
634 1558 838 1600 historiae
865 1557 1081 1600 Romanae
1108 1561 1267 1599 aetates
1293 1558 1444 1613 primis
1469 1556 1592 1598 lineis
1620 1555 1687 1597 ad-

155 1629 470 1682 umbraueram,
502 1644 615 1671 nunc
640 1630 720 1670 hac
746 1630 993 1684 quaestione
1020 1645 1071 1671 ex
1104 1629 1328 1670 altioribus
1358 1629 1550 1670 fontibus
1576 1627 1686 1669 libro

156 1714 251 1741 meo
279 1700 289 1716 ⁶
305 1700 519 1742 PValerlzeit
545 1701 632 1742 med
655 1701 815 1755 szst,
844 1701 1294 1754 (963671ἱσῖεΐεσῆνθὶὂπηῃ
1320 1701 1408 1742 ¹med
1433 1699 1606 1753 Playiat
1630 1699 1688 1740 im

156 1771 403 1814 klassischen
438 1772 664 1814 Altertmn'
700 1774 881 1827 repetita
921 1773 1074 1814 seclusi
1116 1776 1242 1827 atque
1279 1776 1388 1813 artes
1424 1770 1688 1827 singulorum

158 1842 354 1897 deinceps
388 1843 646 1898 scriptorum
672 1844 911 1886 accuratius
939 1844 1126 1886 distinxi.
1166 1845 1227 1885 316
1254 1844 1299 1885 111
1325 1841 1689 1898 disputationibus

159 1914 209 1955 de
244 1915 345 1955 uitis
381 1917 423 1955 et
458 1915 630 1969 scriptis
669 1929 814 1957 eorum
852 1916 1063 1957 institutis
1101 1916 1237 1957 maior
1275 1929 1374 1968 pars
1412 1916 1575 1955 mutata
1613 1915 1687 1954 est.

159 1988 305 2027 contra
336 1986 674 2042 fragmentorum
707 2002 906 2028 numeros
939 1987 1137 2029 editionis
1171 1986 1402 2041 superioris
1437 1999 1523 2026 non
1555 1983 1691 2037 tetigi,

160 2071 255 2098 cum
287 2057 479 2112 plerique
512 2059 594 2100 uiri
627 2059 741 2100 docti
774 2060 832 2100 eis
870 2059 998 2101 citare
1037 2059 1233 2101 solerent.
1272 2059 1414 2112 itaque
1452 2058 1691 2112 fragmenta

160 2128 288 2169 etiam
320 2143 432 2170 nunc
465 2130 525 2170 ita
557 2130 764 2185 disposui,
798 2133 845 2172 ut
877 2145 942 2184 ea,
976 2145 1082 2184 quae
1114 2130 1165 2170 ad
1199 2132 1354 2171 certam
1383 2128 1569 2182 aliquam
1602 2140 1688 2166 rem

159 2200 308 2241 referri
334 2204 526 2255 possent,
553 2203 643 2243 siue
669 2202 824 2243 additis
851 2202 1039 2243 numeris
1066 2202 1273 2243 librorum
1300 2202 1389 2241 31116
1417 2214 1502 2240 non
1535 2198 1690 2239 additis

160 2275 359 2326 excerpta
391 2276 548 2326 essent,
582 2273 732 2314 ceteris
760 2273 947 2315 eiusdem
973 2273 1071 2314 libri
1104 2287 1429 2327 praeponerem,
1461 2285 1508 2311 ea
1537 2272 1692 2320 tamen,

162 2357 269 2396 quae
290 2357 338 2384 eo
359 2358 536 2385 numero
557 2347 758 2398 carerent,
783 2346 985 2386 asterisco
1006 2346 1218 2397 notarem3
1245 2345 1383 2384 cetera
1404 2342 1464 2382 ita
1485 2339 1694 2392 ordinaui,

163 2417 211 2455 ut
237 2429 344 2468 quae
371 2415 422 2456 ab
444 2415 757 2469 antiquioribus
779 2415 1059 2470 scriptoribus
1081 2417 1250 2456 seruata
1269 2415 1419 2465 essent,
1443 2412 1580 2467 prima
1600 2410 1694 2451 loca

164 2486 405 2527 obtinerent
431 2490 522 2540 aut,
549 2488 583 2527 si
610 2487 745 2528 multa
771 2487 958 2528 eiusdem
986 2485 1180 2528 historici
1206 2486 1258 2526 ab
1286 2484 1433 2526 eodem
1467 2482 1604 2539 (uelut
1631 2480 1691 2522 Si-

164 2571 317 2598 sennae
344 2572 367 2598 a
391 2557 567 2613 Nonio),
595 2558 752 2600 similes
784 2573 850 2599 res
878 2572 972 2598 cum
1001 2557 1213 2598 similibus
1240 2555 1610 2610 coniungerentur.
1647 2566 1694 2592 ea

164 2643 266 2670 uero
293 2629 544 2685 fragmenta,
571 2645 678 2685 quae
705 2630 842 2672 aliena
867 2630 961 2671 loca
986 2629 1224 2683 possedisse
1244 2627 1350 2668 mihi
1372 2624 1573 2680 persuasi,
1600 2623 1694 2664 reli-

167 2700 239 2754 qui
272 2700 344 2741 sed
375 2701 495 2742 uncis
529 2701 682 2743 inclusi
717 2700 955 2754 litterisque
987 2700 1139 2753 minui,
1172 2714 1220 2740 ea
1251 2700 1411 2751 autem,
1444 2710 1550 2750 quae
1582 2708 1694 2735 nunc

167 2776 451 2827 accesserunt,
483 2773 638 2814 litteris
671 2772 905 2813 maioribus
932 2771 1171 2827 significata
1198 2768 1272 2825 (A)
1305 2768 1454 2810 ceteris
1482 2765 1693 2815 subiunxi.

164 2858 300 2897 pauca
317 2845 422 2886 haec
443 2848 560 2893 sunt3
587 2859 685 2885 nam
712 2845 839 2885 etiam
860 2857 973 2884 nunc
992 2845 1159 2897 praeter
1185 2841 1233 2881 fr.
1260 2840 1311 2881 12
1334 2838 1498 2880 Claudii
1520 2836 1693 2886 Quadri-
