2002 3342
248 249 439 279 chxxn
585 234 647 268 DE
675 233 983 268 SCRIPTORVM
1010 233 1131 268 Viris
1159 233 1219 267 ET
1247 233 1454 268 senueris

250 348 319 398 qui
342 351 608 385 antecesserat
624 346 662 383 C.
678 345 841 383 Fuluius
857 344 1018 383 Flaccus
1034 344 1169 383 consul
1186 343 1381 383 debellare
1397 344 1570 383 nondum
1592 350 1787 396 potuerat,

249 412 299 450 ad
332 414 450 450 linem
484 411 729 462 perduceret.
770 411 1012 461 contigitque
1047 411 1099 460 ei,
1133 415 1174 448 ut
1208 410 1246 447 in
1275 409 1417 460 oppido
1451 416 1671 461 expugnato
1698 416 1785 449 octo

250 477 357 516 milia
398 477 655 526 fugitiuorum
694 476 937 514 interficeret
976 470 1301 528 (O1·OS.5,9‚6)3
1341 474 1518 513 Hennam
1558 480 1706 525 tamen,
1746 476 1787 513 in

249 555 368 593 quam
395 541 535 579 urbem
562 542 866 579 munitissimam
890 536 1035 592 (strab.
1058 537 1096 590 6,
1112 537 1149 590 ⁸2,
1167 537 1191 577 6
1218 536 1375 592 ρ.272)
1404 540 1561 590 fugitiui
1587 539 1633 578 ab
1661 542 1787 579 omni-

250 607 324 646 bus
352 607 448 645 locis
475 605 578 657 pulsi
606 618 692 644 sese
714 611 948 656 receperant
968 601 1089 658 (Flor.
1111 603 1149 655 2,
1167 603 1188 642 7
1207 602 1313 655 [19]‚
1335 601 1392 657 8),
1421 605 1566 644 frustra
1586 618 1787 657 oppugna·

251 669 365 725 uit1).
408 673 538 723 itaque
566 671 667 709 hello
695 668 821 710 ‘uario
850 668 1009 710 euentu’
1038 675 1147 721 gesto
1175 667 1278 723 (Liu.
1293 683 1376 721 per.
1391 667 1467 724 58)
1494 673 1699 722 prouincia
1721 671 1786 710 de-

248 739 372 776 cessit
398 737 633 788 laudemque
661 737 745 775 eius
772 748 962 787 prospere
990 736 1158 774 confecti
1186 735 1344 786 reliquit
1371 735 1409 773 P.
1431 735 1587 787 Rupilio
1621 736 1786 787 consuli,

249 804 318 854 qui
346 804 382 842 ei
409 803 602 842 successit
629 807 666 840 et
694 802 882 852 fugitiuos
903 801 1135 839 Hennenses
1163 799 1279 839 ‘fame
1307 802 1419 852 quasi
1445 801 1669 852 pestilentia
1694 813 1786 840 con-

248 866 443 919 sumptos’
478 867 525 906 ad
559 867 798 906 deditionem
833 867 960 917 coegit
993 862 1123 919 (Oros.
1146 871 1183 904 et
1209 865 1309 904 Flor.
1337 866 1359 905 l.
1387 879 1416 905 s.
1444 865 1523 905 Cic.
1550 867 1590 905 in
1617 866 1725 905 Verr.
1746 864 1786 917 4,

249 930 497 987 50‚11‘2).2)

341 998 421 1036 Hoc
448 999 570 1049 igitur
595 1009 695 1035 anno
724 1010 812 1036 cum
833 995 953 1035 Roma
981 996 1148 1046 abesset,
1175 1009 1253 1035 non
1274 997 1401 1047 potuit
1427 998 1672 1047 optimatium
1696 1010 1785 1036 cau-

247 1077 345 1115 sam,
374 1065 436 1102 cui
464 1076 505 1101 se
533 1062 747 1113 addixerat,
775 1075 793 1100 a
822 1061 906 1100 Tib.
929 1061 1095 1100 Gracchi
1122 1061 1274 1112 legibus
1302 1062 1416 1111 tueri,
1442 1067 1525 1100 tum
1546 1074 1642 1101 uero
1668 1062 1784 1101 homo

246 1130 289 1167 in
311 1129 395 1167 foro
418 1134 455 1166 et
476 1129 515 1166 in
537 1127 694 1166 iudiciis
714 1127 883 1166 multum
904 1128 1082 1178 agitatus,
1103 1133 1359 1178 posteaquam
1380 1126 1498 1165 Gaius
1519 1127 1651 1166 fratris
1672 1129 1785 1179 quasi

248 1193 469 1233 hereditate
492 1198 672 1244 suscepta
699 1192 804 1231 idem
831 1194 907 1231 iter
933 1194 1138 1243 ingressus
1160 1197 1230 1243 est,
1257 1193 1464 1243 iniquitate
1486 1192 1583 1243 legis
1611 1194 1785 1232 frumen-

249 1260 371 1298 tariae
404 1259 637 1309 grauissime
670 1258 844 1296 offensus
877 1259 983 1296 omni
1015 1259 1162 1296 uirium
1190 1258 1440 1296 contentione
1469 1270 1558 1296 eum
1591 1257 1784 1310 repellere

248 1330 414 1363 conatus
436 1329 495 1362 est
516 1329 631 1374 atque
653 1323 896 1361 orationibus
918 1324 999 1361 suis
1028 1318 1179 1376 (Meyer
1204 1335 1259 1362 or.
1282 1322 1349 1361 rel.
1371 1336 1407 1374 p.
1422 1319 1527 1377 219)
1557 1323 1784 1362 aduersario

250 1391 305 1428 ita
332 1389 576 1427 stomachum
604 1389 746 1439 mouit,
778 1394 821 1427 ut
853 1389 918 1427 hic
944 1389 985 1427 in
1011 1389 1192 1427 Pisonem
1227 1389 1343 1427 etiam
1371 1387 1591 1427 maledictis
1620 1389 1783 1428 inuehe-

248 1450 402 1508 retur3)
436 1453 636 1505 multaque
671 1455 798 1505 turpia
832 1467 875 1492 ac
908 1454 1099 1504 flagitiosa
1132 1454 1397 1492 inhominem
1432 1453 1535 1504 frugi
1562 1453 1784 1493 effunderet

246 1518 348 1573 (Cic.
369 1532 427 1571 pr.
449 1517 719 1570 Font;17‚39
749 1515 958 1572 [13,29]).
1000 1518 1168 1570 denique
1201 1519 1291 1557 Piso
1325 1520 1442 1557 etiam
1475 1531 1683 1558 censuram
1717 1519 1782 1558 ad-

247 1586 502 1635 ministrauit,
530 1583 568 1623 id
597 1584 713 1635 quod,
740 1585 814 1623 etsi
842 1597 1034 1635 nusquam
1064 1584 1210 1623 diserte
1238 1585 1429 1635 scriptum
1452 1589 1588 1635 exstat,
1616 1597 1662 1623 ex
1685 1584 1784 1623 Cen-

246 1652 346 1689 sorii
373 1651 617 1701 cognomine,
644 1663 720 1701 quo
748 1656 787 1688 et
813 1662 833 1688 a
859 1649 1044 1701 Dionysio
1072 1646 1138 1703 (fr.
1161 1648 1198 1688 ἵ).
1220 1645 1295 1703 25)
1324 1655 1362 1688 et
1389 1662 1408 1688 a
1429 1649 1554 1688 Plinio
1576 1646 1670 1703 (11)
1699 1657 1738 1689 et
1764 1664 1783 1689 a

246 1715 466 1755 Censorino
487 1711 582 1769 (39)
611 1722 771 1754 ornatus
793 1721 864 1766 est,
891 1715 1085 1754 uidemus.
1119 1716 1296 1766 quaestio
1324 1720 1394 1765 est,
1422 1728 1497 1766 quo
1525 1727 1636 1754 anno.
1677 1717 1784 1767 atqui

246 1793 338 1820 cum
359 1780 529 1819 habeant
543 1782 672 1819 omnia
693 1780 827 1831 lustra,
849 1780 992 1831 quihus
1006 1793 1079 1831 per
1092 1786 1315 1831 temporum
1330 1781 1521 1819 rationem
1536 1780 1626 1819 Piso
1643 1793 1784 1820 censor

246 1858 337 1885 esse
370 1847 560 1897 potuerit,
593 1858 779 1885 censores
812 1858 902 1885 suos
930 1847 1049 1884 certis
1077 1847 1316 1897 scriptorum
1342 1846 1579 1884 testimoniis
1606 1847 1782 1885 firmatos

248 1917 407 1963 praeter
432 1924 554 1950 unum
582 1924 613 1949 a.
638 1908 733 1950 120.
755 1909 858 1962 634,
890 1911 964 1950 hoc
997 1924 1096 1949 anno
1131 1906 1267 1964 (tentio
1302 1910 1452 1949 decimo
1485 1917 1573 1961 post
1606 1911 1783 1950 consula-

249 1973 352 2030 tum)
381 1989 470 2015 eum
497 1976 664 2015 lustrum
692 1976 916 2015 condidisse
938 1976 1098 2027 Pighius
1122 1971 1192 2029 (ΙΙΙ
1212 1989 1249 2027 p.
1267 1972 1352 2030 74),
1380 1975 1557 2015 Liebaldt
1578 1973 1633 2027 (p.
1648 1974 1677 2015 4
1692 1973 1783 2031 sq.),

250 2041 352 2080 Boor
367 2037 492 2095 (Fasti
513 2054 617 2080 cens.
638 2055 673 2092 p.
690 2038 766 2096 22>
788 2043 1011 2080 ratiocinati
1031 2047 1133 2092 sunt,
1160 2054 1230 2093 pro
1253 2054 1328 2092 quo
1350 2041 1566 2080 Mommsen
1587 2038 1783 2095 (Staatsr.

249 2107 300 2145 [ll
321 2120 356 2159 p.
372 2104 459 2146 970
486 2119 521 2145 n.
544 2103 590 2161 2)
619 2120 649 2145 a.
674 2104 769 2145 108.
792 2105 876 2146 646
904 2106 1119 2145 substituit.

339 2173 463 2224 Atque
496 2173 592 2211 haec
619 2171 777 2224 quidem
813 2172 858 2211 de
885 2173 977 2211 uita.
1017 2174 1186 2211 uirtutes
1220 2178 1348 2211 autem
1386 2172 1528 2223 Frugi
1565 2184 1782 2223 cognomen

248 2239 344 2276 satis
372 2243 549 2276 testatur.
583 2243 668 2276 erat
694 2239 799 2276 enim
827 2250 904 2276 non
932 2237 1058 2276 solum
1084 2239 1169 2289 ipse
1197 2250 1347 2276 summa
1371 2250 1458 2275 cum
1481 2237 1716 2276 abstinentia
1744 2243 1784 2276 et

250 2304 472 2341 innocentia
494 2304 533 2341 in
550 2315 591 2341 re
612 2302 768 2353 publica
790 2302 1098 2341 administranda
1118 2308 1299 2341 uersatus
1316 2298 1415 2355 (uid.
1432 2302 1509 2341 Cic.
1524 2302 1632 2341 Verr.
1648 2303 1670 2341 l.
1686 2315 1715 2341 s.
1732 2299 1783 2357 s.)

247 2367 320 2406 sed
355 2369 489 2419 etiam,
523 2380 611 2406 cum
645 2367 690 2406 ab
724 2367 978 2419 optimatibus
1011 2374 1132 2406 staret
1164 2369 1384 2419 acriterque
1412 2368 1588 2406 oratione
1615 2380 1684 2406 sua
1711 2381 1783 2419 pro

246 2434 307 2471 eis
334 2438 470 2471 contra
495 2432 533 2471 C.
556 2432 776 2472 Gracchum
803 2433 1070 2483 contenderet,
1097 2435 1150 2472 ita
1177 2445 1254 2472 non
1282 2432 1329 2471 ad
1356 2445 1492 2471 eorum
1512 2434 1608 2471 uitia
1631 2446 1783 2485 caecuS,

347 2524 379 2566 1)
405 2523 541 2557 Vrbem
575 2523 621 2558 ab
655 2535 697 2558 eo
731 2525 987 2568 oppugnatam
1019 2534 1097 2557 esse
1131 2523 1285 2568 glandes
1317 2525 1503 2557 testantur
1535 2523 1587 2557 ibi
1613 2526 1783 2568 repertae

249 2576 470 2621 (Mommsen
498 2576 533 2611 C.
555 2577 580 2610 Ι.
602 2577 641 2611 L.
661 2577 676 2610 I
702 2589 736 2611 n.
760 2581 840 2613 642.
862 2580 955 2621 643).

347 2631 380 2673 2)
407 2629 570 2664 Dubium
603 2632 675 2673 est,
708 2632 833 2664 utrum
860 2631 960 2674 quod
987 2630 1041 2664 ait
1066 2630 1194 2663 Florus
1227 2629 1250 2663 1.
1278 2642 1304 2664 s.
1333 2641 1360 2664 s.
1388 2629 1432 2663 de
1464 2629 1533 2663 hoc
1558 2629 1657 2664 bello
1689 2631 1785 2666 illud

249 2694 388 2728 quoque
408 2684 576 2718 ultimum
596 2684 747 2718 dedecus
767 2684 860 2726 belli,
886 2688 994 2729 capta
1012 2688 1099 2718 sunt
1118 2688 1330 2727 praetorum
1350 2688 1469 2717 castra
1492 2686 1571 2726 (nec
1594 2685 1784 2719 nominare

250 2737 348 2780 ipsos
366 2737 535 2780 pudebit)
563 2741 683 2771 castra
712 2738 863 2779 Manlii,
891 2738 1052 2779 Lentuli,
1079 2737 1237 2778 Pisonis,
1266 2738 1442 2782 Hypsaei,
1470 2748 1553 2770 cum
1579 2737 1700 2771 minus
1721 2748 1783 2771 ac-

248 2791 379 2824 curate
404 2789 629 2833 loqueretur,
661 2790 759 2824 hunc
786 2791 959 2825 Pisonem
985 2789 1173 2824 consulem
1200 2790 1238 2823 in
1265 2790 1388 2824 animo
1415 2789 1589 2824 habuerit
1615 2801 1661 2824 an
1687 2790 1783 2824 alius

251 2842 335 2877 Piso
361 2845 512 2887 praetor
536 2842 611 2877 illis
638 2842 744 2877 annis
771 2846 901 2878 contra
926 2843 1107 2888 fugitiuos
1133 2842 1274 2877 bellum
1300 2842 1501 2877 infeliciter
1525 2843 1692 2887 gesserit.

348 2898 381 2940 3)
410 2895 529 2930 Schol.
551 2896 639 2930 Bob.
660 2896 698 2930 in
725 2895 797 2931 Cic.
819 2899 912 2931 orat.
930 2908 996 2941 pro
1024 2897 1143 2931 Flacc.
1164 2908 1199 2940 p.
1222 2900 1264 2930 96
1282 2896 1332 2930 St.
1360 2896 1435 2931 uid.
1456 2897 1581 2940 Meyer
1605 2908 1639 2940 p.
1655 2899 1735 2930 243.
