2002 3342
296 204 392 234 XLII
861 188 1264 225 PROLEGOMENON

297 304 337 340 in
366 307 479 340 lanta
506 306 706 340 uetustate
733 312 809 339 non
838 313 972 339 rerum
1000 302 1115 339 modo
1140 303 1214 339 sed
1238 304 1357 340 etiam
1391 307 1603 341 auctorum
1637 304 1826 351 de'yerere

286 370 432 415 possis.
446 362 478 418 1)

385 430 490 475 Quae
518 442 605 468 cum
633 442 695 467 res
723 431 774 468 ita
802 430 879 468 sint
913 436 1169 481 comparatae,
1199 443 1275 468 non
1307 430 1552 481 mirabimur,
1580 431 1682 482 quod
1709 433 1825 470 etiam

295 497 362 545 qui
396 495 546 545 elogia
581 500 888 545 composuerunt
926 507 1065 545 magna
1094 508 1180 534 cum
1211 494 1444 534 confidentia
1478 495 1621 546 gloriae
1648 497 1825 534 uirorum

295 559 578 597 laudandorum
606 560 886 598 inseruierunt.
926 572 1015 597 nam
1042 572 1120 598 non
1147 559 1272 598 solum
1299 572 1508 598 numerum
1534 560 1825 611 triumphorum

295 629 505 675 auxerunt,
543 630 587 662 ut
613 624 652 662 L.
674 624 829 662 Aemilii
855 624 984 675 Pauli,
1021 626 1087 675 qui
1122 637 1253 675 regem
1286 624 1433 663 Persen
1459 625 1556 663 uicit
1583 622 1728 677 (tribus
1754 637 1824 675 pro

295 686 482 742 duobus),
515 690 632 727 unius
667 701 712 727 ex
746 688 962 727 maioribus
990 691 1071 728 suis
1098 689 1342 728 naturalibus
1369 691 1409 728 in
1436 702 1529 728 arcu
1555 689 1725 728 Fabiano
1753 689 1824 728 sub

295 759 420 792 statua
448 756 534 793 eius
561 754 603 799 Q.
626 753 769 793 Fabius
797 754 988 792 Maximus
1016 751 1076 806 (C.
1099 755 1123 792 l.
1146 754 1186 792 L.
1207 751 1242 792 12
1267 767 1302 805 p.
1327 751 1422 793 193.
1466 754 1512 793 cf.
1534 754 1749 793 Mommsen
1777 754 1825 793 ad

291 817 328 856 h.
350 818 372 856 l.
401 824 438 857 et
464 820 600 858 Roem.
623 819 912 858 Muenzwesen
940 832 975 870 p.
998 815 1122 871 633),
1155 819 1224 857 sed
1251 821 1367 858 etiam
1395 819 1542 857 alienas
1575 831 1638 857 res
1669 824 1824 858 mortuo

292 883 575 936 attribuerunt,
614 885 671 922 sic
698 884 867 934 elogium
901 885 1015 935 Appii
1048 884 1199 923 Claudii
1233 884 1347 922 Caeci
1386 880 1446 936 (C.
1468 884 1494 922 Ι.
1516 884 1556 922 L.
1584 879 1617 922 Ι2
1650 896 1685 935 p.
1709 880 1824 937 192),

291 948 395 999 quod
422 950 506 988 sine
534 948 651 988 dubio
680 961 725 987 ex
752 951 941 987 memoria
969 949 1106 1000 gentili
1133 949 1261 1000 fluxit,
1294 949 1391 988 haec
1418 949 1464 988 de
1492 962 1537 988 eo
1564 949 1823 1000 praedicauit:

296 1014 510 1063 Complura
542 1016 690 1064 oppida
730 1016 779 1053 de
811 1015 1059 1053 Samnitibus
1091 1018 1212 1064 cepit,
1252 1015 1496 1053 Sabinorum
1531 1020 1569 1053 el
1605 1015 1823 1053 Tuscorum

290 1082 516 1118 exereitum
532 1075 697 1133 fudit.2)
737 1079 873 1117 consul
895 1080 958 1117 bic
980 1080 1051 1118 suit
1073 1093 1103 1118 a.
1120 1077 1217 1118 307.
1232 1077 1316 1117 447
1346 1085 1383 1118 et
1410 1076 1508 1118 296.
1529 1077 1629 1130 458,
1657 1085 1823 1130 utroque

291 1156 381 1182 cum
402 1144 441 1182 L.
458 1144 674 1183 Volumnio.
709 1150 746 1183 at
772 1156 867 1183 uero
895 1146 1025 1195 priore
1053 1157 1142 1183 eum
1162 1144 1307 1182 Romae
1329 1146 1520 1183 mansisse
1542 1144 1677 1183 Liuius
1699 1145 1823 1195 scrip-

291 1210 341 1247 sit
367 1207 405 1259 9,
425 1207 494 1259 42,
515 1207 555 1260 4,
593 1209 713 1248 altero
747 1222 766 1247 a
801 1215 940 1248 senatu
973 1211 1012 1248 in
1045 1209 1243 1248 Etruriam
1275 1210 1440 1248 missum
1475 1209 1572 1247 nihil
1612 1207 1725 1248 ‘scite
1759 1215 1824 1248 aut

291 1271 501 1313 fortunate’
529 1276 699 1325 gessisse
728 1280 767 1312 et
794 1273 874 1313 solo
903 1274 1074 1325 collegae
1101 1263 1271 1313 aduentu
1299 1274 1472 1312 adiutum
1501 1274 1546 1313 ab
1570 1287 1705 1325 eoque,
1732 1287 1822 1313 cum

290 1345 558 1390 cunctaretur,
606 1345 784 1378 coactum
824 1341 863 1377 in
902 1344 1079 1390 tempore
1119 1339 1312 1378 Samnites
1356 1339 1402 1377 ab
1440 1339 1506 1378 illo
1545 1341 1585 1377 in
1624 1339 1822 1378 Etruriam

287 1403 422 1455 pulsos
444 1406 591 1443 uicisse
613 1402 701 1456 (10,
726 1400 930 1457 18—20),
959 1417 1047 1442 cum
1062 1404 1292 1443 Volumnius
1314 1410 1352 1443 et
1371 1406 1411 1442 in
1432 1404 1503 1443 hac
1524 1417 1652 1455 pugna
1674 1404 1822 1443 Tuscos

289 1469 364 1507 sibi
379 1475 634 1508 occurrentes
649 1469 859 1520 repelleret
873 1475 912 1508 et
924 1470 965 1507 in
982 1469 1139 1508 Samnio
1154 1468 1282 1508 tribus
1298 1466 1638 1522 (‘con1pluribus')
1653 1469 1822 1509 castellis

288 1535 435 1585 potitus
463 1540 568 1573 esset
593 1536 847 1585 ipsorumque
882 1546 927 1573 ex
955 1534 1113 1573 Etruria
1146 1546 1333 1573 reuersus
1366 1536 1405 1573 in
1433 1534 1644 1586 Campania
1673 1534 1720 1573 ad
1753 1547 1821 1573 sex

287 1599 394 1638 milia
416 1599 608 1650 caederet,
631 1600 705 1638 duo
726 1600 832 1638 milia
855 1605 894 1638 et
914 1601 1149 1651 quingentos
1171 1605 1339 1650 caperet.
1372 1599 1468 1638 haec
1488 1601 1610 1650 igitur
1629 1602 1820 1638 memoria

288 1664 498 1704 admodum
526 1664 679 1704 turbata
707 1671 777 1716 est,
804 1664 922 1716 idque
950 1665 1111 1704 historia
1139 1665 1309 1703 Fabiana
1336 1661 1459 1717 (quod
1481 1677 1526 1703 ex
1546 1664 1681 1704 multis
1702 1665 1820 1705 rebus

287 1730 444 1769 elucere
471 1730 572 1769 infra
601 1727 990 1783 demonstrabimus),
1021 1735 1063 1769 ut
1089 1730 1238 1780 Liuius,
1265 1742 1501 1781 quamquam
1528 1729 1576 1768 ad
1602 1731 1727 1769 trinos
1754 1743 1818 1769 an-

287 1795 395 1833 nales
436 1796 611 1846 confugit
651 1792 740 1847 (10,
771 1793 836 1846 17,
860 1794 910 1834 11
930 1808 1004 1848 sq.;
1036 1793 1100 1846 18,
1123 1792 1185 1848 7),
1225 1808 1308 1833 rem
1347 1800 1477 1833 tamen
1517 1794 1702 1846 expedire
1740 1808 1818 1834 non

285 1865 421 1911 posset
447 1866 485 1899 et
509 1861 594 1911 ipse
622 1860 698 1899 sibi
718 1860 1016 1912 obloqueretur:
1048 1860 1114 1899 illo
1141 1866 1271 1899 tamen
1299 1860 1423 1911 elogio
1451 1866 1602 1899 constat
1622 1860 1819 1899 Volumnii

288 1924 441 1964 laudem
469 1939 558 1964 cum
586 1925 732 1976 collega
754 1927 1082 1965 communicatam
1109 1931 1147 1964 et
1168 1925 1322 1964 Sabinis
1345 1925 1510 1964 deuictis
1521 1921 1554 1979 ³)
1582 1925 1818 1964 cumulatam

286 2003 383 2030 esse.
436 2004 534 2042 quae
567 1990 763 2029 aberratio
796 2004 817 2029 a
849 1993 1016 2029 ueritate
1049 1977 1237 2042 explicari
1268 1991 1332 2029 uel
1365 1992 1543 2029 excusari
1575 2003 1653 2029 non
1688 1996 1819 2042 potest

284 2056 362 2094 nisi
388 2056 458 2107 ita,
490 2062 534 2094 ut
560 2058 600 2094 in
626 2057 857 2107 pontificum
886 2055 1028 2095 tabulis
1055 2068 1118 2095 res
1145 2055 1351 2094 consulum
1382 2055 1608 2095 nominibus
1641 2068 1719 2094 11011
1749 2068 1816 2094 110-

284 2126 384 2159 13105
412 2133 516 2171 6556,
556 2120 736 2160 consules
771 2127 901 2160 autem
938 2121 1003 2160 illa
1029 2127 1154 2160 aetate
1188 2121 1419 2172 plerumque
1452 2122 1683 2159 coniunctos
1714 2120 1815 2159 bella

284 2187 454 2237 gessisse
480 2187 779 2225 meminerimus
818 2191 884 2225 aut
924 2187 957 2225 si
999 2186 1169 2225 diuersis
1213 2186 1328 2237 locis,
1374 2199 1440 2225 eos
1479 2187 1519 2224 111
1557 2186 1700 2225 tabulis
1738 2199 1815 2225 non

286 2250 490 2290 distinctos
518 2264 615 2290 esse.

373 2315 485 2355 Nunc
513 2318 629 2355 etiam
657 2329 754 2368 quae
782 2318 880 2355 ratio
908 2318 1013 2356 inter
1039 2316 1078 2355 L.
1108 2316 1319 2356 Cornelii
1352 2316 1595 2368 Scipionis
1622 2315 1815 2355 Barbati

283 2381 490 2432 elogium
525 2383 564 2420 in
603 2383 790 2420 marmori
829 2382 1061 2433 sarcophagi
1100 2383 1269 2420 incisum
1307 2383 1652 2433 narrationemque
1684 2381 1813 2420 Liuia-

282 2459 371 2485 nam
401 2441 600 2501 (10,1·2),
633 2459 705 2497 qua
739 2459 816 2485 una
850 2459 913 2486 res
946 2448 985 2485 in
1016 2446 1220 2486 consulatu
1254 2448 1337 2486 eius
1365 2452 1497 2497 gestae
1524 2447 1721 2498 copiosius
1748 2458 1812 2485 ex-

282 2513 432 2562 positae
459 2516 562 2562 sunt,
589 2512 819 2562 intercedat,
847 2514 994 2551 certius
1016 2512 1191 2551 iudicare
1211 2524 1326 2563 posse
1347 2512 1460 2550 nobis
1480 2511 1674 2550 uidemur.
1715 2511 1813 2550 haec

283 2577 387 2614 enim
413 2575 511 2615 illud
538 2572 598 2629 (C.
620 2576 645 2614 1.
668 2576 707 2614 L.
729 2576 745 2614 I
765 2574 834 2615 29.
868 2577 1088 2616 Buecheler
1112 2578 1153 2615 in
1181 2589 1299 2616 carm.
1320 2576 1382 2616 lat.
1405 2578 1525 2628 epigr.
1546 2589 1582 2627 p.
1605 2573 1667 2630 6):

378 2685 411 2727 1)
439 2683 490 2718 Cf.
517 2682 670 2718 Nitzsch
695 2684 833 2719 Annal.
861 2696 897 2729 p.
920 2689 964 2719 53
980 2696 1059 2729 sqq.

378 2739 411 2781 2)
437 2736 491 2771 Ex
516 2737 646 2771 eadem
672 2737 881 2781 elogiorum
908 2738 1050 2783 sylloge
1076 2737 1130 2773 De
1155 2738 1223 2772 uir.
1244 2737 1297 2773 ill.
1319 2742 1374 2780 34,
1397 2741 1427 2772 6.

377 2791 411 2834 3)
439 2789 490 2824 Cf.
518 2790 557 2824 B.
580 2790 701 2824 Bruno
727 2791 787 2825 La
813 2795 911 2826 terea
936 2803 1069 2836 guerra
1096 2791 1290 2827 Samnitica
1316 2790 1447 2836 (Roma
1472 2791 1577 2835 1906)
1606 2791 1643 2824 et
1668 2791 1810 2825 Berlin.

275 2844 402 2888 philol.
426 2844 670 2878 Wochenschr.
700 2847 788 2877 1907
817 2855 845 2879 c.
869 2848 946 2879 239.
