2002 3342
299 207 437 237 CXLVJ
634 193 696 226 DE
725 192 1030 228 SCRIPTORVM
1057 192 1180 228 VITIS
1207 193 1268 227 ET
1295 194 1502 229 SCRIPTIS

387 306 561 350 Quocum
596 303 741 342 iudicio
777 303 984 343 Sallustius
1017 306 1229 356 consentit,
1269 304 1372 356 quod
1406 304 1591 344 Catonem
1624 312 1662 345 et
1694 308 1830 357 paucis

299 370 515 408 absoluisse
539 369 633 407 dicit
654 374 692 407 et
712 368 876 407 Romani
898 371 1053 420 generis
1076 369 1380 409 disertissimum
1402 371 1522 409 fuisse
1545 367 1654 424 (hist.
1676 372 1720 410 fr.
1740 370 1775 422 1,
1790 372 1829 421 2,

298 448 333 486 p.
356 433 382 473 3
404 435 468 474 ΚΓ.
494 433 521 473 4
537 431 616 485 Μ.),
643 446 771 484 neque
792 435 868 484 ipsi
890 434 1077 485 reliquias
1097 435 1376 485 peruoluentes
1397 435 1711 489 aduersabimur3
1738 449 1828 475 nam

298 501 383 538 eius
416 500 607 549 breuitas,
646 512 720 549 qua
754 500 916 537 forsitan
944 499 1210 550 Thucydidem
1244 501 1419 539 imitatus
1452 497 1564 553 sitl),
1602 502 1733 540 iuncta
1770 506 1832 540 est

299 578 388 603 cum
416 577 553 615 magna
581 569 619 602 et
644 564 857 602 uerborum
884 566 1075 614 grauitate
1103 571 1141 603 et
1161 566 1446 604 sententiarum
1474 563 1540 619 (cf.
1562 566 1723 612 Quintil.
1739 568 1828 605 inst.

298 629 336 680 2,
363 627 402 680 ὅ,
424 626 511 682 21).
559 631 675 668 etiam
708 642 921 680 sequemur
954 629 1121 668 Gellium
1156 629 1201 668 de
1235 631 1410 669 oratione
1442 643 1512 682 pro
1539 631 1831 670 Rhodiensibus

297 695 427 734 habita
457 690 514 747 (6,
541 692 580 745 3,
601 692 677 747 53)
705 693 944 732 iud1cantem
972 696 1100 732 omnia
1130 695 1293 733 fortasse
1316 694 1540 734 distinctius
1561 698 1831 735 numerosius-

297 774 373 812 que
408 760 484 799 dici
518 761 710 811 potuisse,
745 760 884 798 fortius
917 765 1032 810 atque
1065 759 1239 798 uiuidius
1272 762 1447 811 potuisse
1476 760 1551 799 dici
1585 774 1662 800 non
1690 761 1829 800 uideri.

297 839 396 878 quae
413 826 570 877 quidem
592 827 653 864 uis
669 837 756 864 cum
778 830 916 863 natura
939 826 975 862 ei
996 824 1115 863 suerit
1136 826 1252 863 insita
1272 837 1400 876 neque
1421 826 1599 864 artificiis
1621 826 1831 865 rhetoricis

299 892 536 931 Graecorum
558 892 773 929 inl'ecta—
798 889 1011 941 discipulos
1033 890 1215 929 Isocratis
1236 903 1394 941 operam
1416 890 1582 942 perdere
1610 892 1696 929 risit
1706 887 1738 944 2)
1761 914 1831 942 --,

296 959 430 997 nescio
453 969 501 995 an
522 956 560 994 id
582 969 659 994 non
681 955 806 1012 solum
826 957 865 993 in
887 955 980 993 alias
1002 957 1200 994 orationes
1221 956 1288 994 sed
1310 957 1425 994 etiam
1449 955 1605 994 diuerso
1627 955 1828 995 scribendi

298 1035 460 1074 genere,
493 1027 535 1061 ut
569 1034 632 1060 res
666 1021 757 1071 sert,
789 1022 985 1059 uariatum
1019 1022 1058 1059 in
1086 1020 1273 1072 quasdam
1306 1022 1502 1071 originum
1529 1027 1661 1072 partes
1689 1021 1830 1060 cadere

298 1088 498 1139 uideatur3
530 1092 779 1125 uenustatem
806 1098 901 1124 uero
929 1092 1044 1137 atque
1079 1086 1311 1125 munditiam
1347 1086 1561 1126 uerborum
1591 1099 1668 1125 non
1698 1088 1830 1125 minus

298 1153 458 1192 laudare
481 1149 594 1205 (Gell.
619 1151 654 1202 1,
670 1149 738 1201 23,
757 1148 800 1205 1)
828 1152 901 1189 hoc
928 1153 1171 1202 antiquitatis
1193 1164 1212 1189 a
1233 1157 1372 1190 natura
1393 1151 1612 1191 aberrantis
1640 1151 1829 1190 indicium

298 1225 368 1257 est.
414 1220 533 1256 immo
562 1216 747 1255 Catonem
774 1222 817 1255 ut
843 1218 883 1255 in
910 1216 1044 1255 multis
1071 1216 1207 1267 rebus,
1238 1218 1289 1255 ita
1317 1218 1356 1255 in
1383 1216 1517 1255 uerbis
1545 1216 1736 1268 eligendis
1763 1229 1831 1255 an-

297 1286 405 1335 tiqua
433 1288 471 1322 et
496 1284 638 1333 prisca,
666 1294 764 1333 quae
791 1281 959 1332 iligneae
987 1294 1108 1320 nuces
1135 1282 1349 1333 appellatae
1377 1288 1469 1321 sunt
1495 1295 1514 1320 a
1538 1282 1734 1321 Frontone
1761 1279 1830 1334 (de

297 1355 393 1388 orat.
420 1362 456 1400 p.
481 1345 564 1387 155
592 1360 637 1386 ex
665 1347 708 1386 Ο.
729 1347 838 1385 Iahni
866 1347 1175 1400 emendatione),
1209 1352 1399 1386 sectatum
1433 1359 1520 1386 esse
1552 1360 1630 1386 non
1657 1348 1732 1386 erit
1759 1359 1832 1386 cur

297 1414 478 1466 pluribus
517 1413 852 1463 demonstremus,
888 1413 1033 1463 uixque
1072 1425 1170 1463 opus
1209 1413 1285 1451 erit
1319 1412 1521 1451 Ciceronis
1560 1413 1828 1450 testimonium

297 1479 468 1530 adferre,
509 1480 575 1530 qui
613 1479 699 1529 ipse
733 1484 828 1516 orat.
854 1475 929 1528 45,
965 1475 1047 1516 152
1085 1477 1308 1517 horridulas
1347 1479 1431 1516 eius
1470 1478 1667 1516 orationes
1706 1478 1829 1516 fuisse

297 1544 488 1584 concedit.
536 1543 717 1594 denique,
743 1548 786 1581 ut
812 1542 884 1581 alia
911 1544 1075 1594 mittam,
1103 1548 1285 1594 superest
1303 1542 1512 1581 Frontonis
1532 1543 1736 1593 iudicium,
1763 1543 1828 1594 qui

296 1610 361 1660 (ad
388 1610 474 1648 Ver.
500 1608 535 1660 1,
565 1608 601 1660 1,
627 1622 662 1660 p.
687 1604 790 1661 114)
820 1606 969 1647 ‘uerbis
997 1605 1232 1659 multiiugis'
1260 1607 1445 1647 Catonem
1472 1608 1676 1647 historiam
1705 1609 1830 1659 scrip-

296 1677 396 1714 sisse
425 1675 528 1714 dicit.
574 1674 642 1713 ubi
670 1686 758 1713 cum
786 1679 956 1725 opponat
982 1673 1157 1712 Coelium
1189 1673 1323 1712 uerbis
1352 1671 1547 1724 ‘singulis’
1577 1672 1830 1723 scribentem,

296 1741 483 1779 Catonem
523 1739 686 1778 eandem
732 1751 815 1778 rem
861 1738 1129 1790 compluribus
1172 1738 1306 1777 uerbis
1351 1740 1595 1790 expressisse
1640 1738 1829 1776 Frontoni

295 1806 425 1845 uideri
453 1806 726 1856 cognoscimus
759 1804 928 1855 taliaque
962 1804 1220 1843 intellexisse:
1260 1805 1349 1843 Soio
1375 1807 1506 1843 solere
1522 1807 1734 1853 plerisque
1758 1804 1828 1842 ho-

296 1874 472 1911 minibus
507 1873 653 1910 rebus
686 1871 920 1909 secundis
955 1875 1099 1918 atque
1127 1872 1354 1919 prolixis
1392 1875 1535 1918 atque
1565 1871 1830 1918 prosperis

296 1940 474 1976 animum
507 1938 708 1975 excellere
741 1941 886 1984 atque
911 1936 1189 1984 snperbiam
1222 1941 1366 1984 alque
1401 1935 1643 1984 ferociam
1682 1946 1831 1982 anye-

294 2015 434 2042 soere
461 2008 606 2050 atque
632 2013 861 2040 crescere
887 1996 952 2053 (fr.
975 1996 1087 2051 95²²),
1119 2012 1220 2051 quae
1247 2001 1420 2038 imitatus
1447 2005 1507 2038 est
1531 1999 1684 2038 Marcus
1711 1999 1832 2037 Anto—

296 2069 425 2118 ninus,
453 2068 537 2106 eius
567 2065 782 2117 discipulus
805 2061 936 2119 (epist.
959 2064 996 2116 2,
1021 2063 1086 2116 13,
1106 2078 1141 2116 p.
1164 2060 1298 2119 36).3)
1336 2064 1410 2103 hoc
1435 2069 1566 2103 tamen
1594 2063 1831 2115 exemplum,

296 2134 408 2172 cuius
436 2132 579 2171 similia
606 2143 653 2169 ex
679 2129 923 2169 orationibus
951 2130 1152 2181 complura
1185 2131 1336 2168 enotari
1367 2134 1551 2181 possunt,
1583 2135 1643 2167 est
1669 2141 1716 2168 ex
1743 2140 1828 2167 ora·

295 2200 402 2237 tione
428 2197 659 2246 Rhodiensi‚
694 2202 732 2235 et
763 2196 946 2247 quoniam
973 2195 1182 2234 Frontonis
1209 2194 1398 2233 iudicium
1424 2200 1571 2246 pugnat
1603 2207 1692 2233 cum
1719 2193 1831 2232 Cice—

393 2326 425 2366 1)
453 2323 550 2357 Plut.
578 2322 655 2357 Cat.
685 2326 717 2357 2.
756 2322 800 2357 cf.
828 2322 1064 2356 Kornemann
1096 2321 1332 2367 Thukydicles
1362 2333 1398 2355 u.
1426 2321 1484 2356 die
1509 2331 1613 2356 roem.
1644 2320 1830 2354 Historz'o·

296 2378 446 2422 yraphie
474 2376 604 2410 Philol.
628 2380 670 2410 63
697 2388 734 2420 p.
757 2379 823 2410 148
838 2375 875 2409 ff.

393 2433 436 2473 2)
453 2430 550 2464 Plnt.
573 2429 650 2464 Cat.
673 2433 729 2464 23.
750 2450 796 2455 —-
815 2428 1013 2463 Meditatio
1040 2430 1165 2462 tamen
1192 2427 1377 2473 quaedam
1398 2438 1419 2462 a
1439 2426 1590 2462 Catonis
1615 2425 1767 2470 ingenio
1791 2427 1829 2459 et:

297 2484 464 2518 oratione
491 2495 564 2517 non
591 2483 802 2525 abhorruit3
827 2482 955 2526 itaque
983 2492 1078 2526 quae
1104 2481 1183 2526 ipse
1210 2492 1253 2515 ea
1273 2481 1417 2515 ratione
1435 2481 1664 2525 perceperat,
1691 2480 1733 2512 ut
1751 2478 1832 2512 filio

296 2537 382 2572 usui
415 2538 554 2578 essent,
593 2536 774 2580 peculiari
810 2535 905 2570 libro
942 2535 1153 2579 complexus
1190 2536 1256 2568 est.
1300 2534 1377 2569 uid.
1405 2533 1546 2568 Schanz
1571 2532 1587 2566 I
1615 2532 1662 2575 1⁵,
1690 2543 1724 2576 p.
1747 2535 1826 2566 245.

296 2591 361 2625 sed
389 2590 538 2624 diuersa
564 2589 656 2624 haec
681 2589 754 2623 fuit
780 2589 827 2623 ab
853 2588 1027 2623 Isocratis
1061 2587 1278 2632 disciplina,
1317 2587 1388 2621 etsi
1419 2586 1570 2621 Norden
1596 2588 1828 2629 Kunstprosa

296 2655 331 2688 p.
361 2646 546 2678 164—169
582 2642 690 2687 plura
723 2642 930 2677 Catoniana.
962 2642 1008 2676 ab
1041 2642 1120 2676 eius
1151 2641 1362 2675 imitatione
1393 2639 1556 2684 repetiit.
1600 2638 1693 2672 talia,
1728 2637 1826 2672 enim

297 2696 476 2731 Graecam
498 2697 615 2730 artem
635 2708 709 2730 non
730 2696 882 2740 sapiunt.
909 2695 1021 2740 ‘quod
1039 2706 1162 2730 eorum
1181 2705 1282 2729 nemo
1308 2695 1500 2738 quisquam
1525 2693 1719 2736 quiequam
1738 2692 1828 2725 mihi

295 2752 489 2796 iynoturus
509 2750 571 2784 θεῖ’
595 2749 651 2794 (fr.
673 2751 742 2794 98),
772 2750 908 2794 ‘itaque
928 2760 989 2794 eqo
1009 2748 1283 2794 coynobniorem
1303 2748 1541 2792 cognitionem
1561 2757 1632 2780 esse
1651 2745 1829 2780 arbitror>

295 2803 353 2848 (fr.
377 2805 469 2847 105),
495 2803 569 2837 uid.
598 2803 709 2837 etiam
735 2802 779 2837 fr.
801 2807 855 2837 79.
893 2801 1030 2836 similia
1055 2801 1170 2836 habes
1197 2801 1309 2835 etiam
1337 2800 1436 2845 apud
1462 2798 1635 2834 Ennium.

392 2859 427 2902 3)
454 2856 537 2891 Vid.
566 2855 715 2891 Norden
740 2856 762 2890 1.
785 2868 811 2891 s.
838 2868 872 2900 p.
898 2859 962 2890 166
978 2867 1029 2899 sq.

1991 1701 1999 1732 <2⁴-
