2002 3342
656 144 894 178 VALERIVS
920 145 1096 179 ANTIAS
1506 162 1640 190 (’(·(31Χ

111 258 217 307 1111111,
246 257 367 295 Sileni
395 257 567 295 auctoris
595 255 640 293 ab
669 268 713 293 eo
735 257 841 293 citati
864 257 1114 306 scorpionum
1136 258 1328 295 maiorum
1351 260 1547 308 sexaginta
1570 271 1640 296 nu-

111 334 275 372 merum,
303 334 399 372 quos
425 321 555 371 Scipio
578 320 812 371 Carthagine
841 332 941 358 noua
969 328 1187 372 expugnata
1210 328 1379 372 ceperat,
1407 324 1522 361 etiam
1551 336 1638 361 cen-

111 388 184 424 ties
210 384 275 439 (fr.
299 382 424 440 24).¹]

200 452 366 489 Grauius
399 451 603 489 historiam
638 452 753 489 etiam
787 452 878 489 totis
911 453 1054 501 pugnis
1088 452 1189 489 fictis
1217 452 1380 503 aliisque
1410 452 1527 492 rebus
1554 465 1638 491 ror-

110 518 224 567 rupit.
265 529 354 554 nam
390 528 542 567 pugnae
581 528 599 554 a
633 515 674 554 T.
702 515 813 553 Villio
849 517 889 553 in
922 515 1148 555 Macedonia
1184 529 1372 567 prospere
1408 519 1638 557 commissae

109 581 244 619 Liuius
269 587 426 632 praeter
447 594 536 619 eum
558 580 716 619 Latinos
739 580 988 631 Graecosque
1010 587 1190 620 auctores
1211 594 1289 620 non
1314 582 1461 633 legerat
1483 579 1640 636 (11.31)

109 660 179 684 nec
215 648 384 684 rumoris
413 646 458 684 de
486 645 670 684 Romanis
704 645 1009 696 imperatoribus
1043 646 1089 685 ab
1115 647 1306 685 Antiocho
1332 649 1373 685 in
1401 649 1489 686 Asia
1516 650 1639 699 captis

110 707 174 765 (l'r.
195 708 271 765 42)
306 718 372 750 aut
404 712 527 750 famae
563 711 753 761 malignae
789 710 835 749 de
862 711 1034 749 Africani
1065 713 1226 750 maioris
1259 712 1435 751 moribus
1464 709 1528 766 (fr.
1552 710 1639 766 25).

107 776 369 815 Romanorum
399 782 527 815 autem
556 775 661 815 laudi
687 782 730 815 ut
758 777 940 827 seruiret7
966 776 1101 827 populi
1121 776 1286 816 Romani
1311 790 1373 817 res
1400 784 1528 829 gestas
1550 791 1638 817 eum

107 854 317 881 exornasse
346 841 604 893 hostibusque
631 841 872 880 obtrectasse
894 854 966 892 per
986 854 1027 880 se
1047 844 1135 880 ueri
1157 843 1283 881 simile
1306 849 1375 893 est7
1403 856 1638 895 quamquam

107 907 297 958 exemplis
331 920 407 945 non
435 907 696 959 abundamus3
731 919 820 945 nam
852 909 973 945 ceteri
1002 908 1216 958 scriptores
1244 909 1283 946 in
1310 908 1381 947 hac
1409 921 1450 947 re
1478 922 1565 947 cum
1594 922 1638 948 eo

107 972 405 1011 consentiebant
425 985 553 1023 neque
576 971 781 1023 habebant,
804 985 874 1011 cur
889 985 979 1011 eum
996 972 1344 1024 reprehenderent.
1371 987 1493 1013 unum
1509 979 1638 1013 tamen

106 1044 241 1087 exstat,
254 1051 329 1089 quo
345 1038 481 1076 Liuius
498 1050 586 1076 eum
600 1051 619 1076 a
630 1036 824 1089 ‘pluribus
837 1037 1042 1076 annalibus
1058 1044 1096 1076 et
1108 1038 1250 1089 quibus
1267 1039 1483 1078 credidisse
1499 1038 1639 1090 malis’,

106 1103 324 1141 decessisse
352 1109 521 1142 testatur
547 1099 613 1156 (fr.
636 1101 702 1142 51.
731 1104 778 1142 ef.
801 1103 846 1142 fr.
868 1099 966 1157 52);
1000 1103 1039 1142 id
1067 1106 1171 1142 enim
1199 1103 1354 1155 agebat,
1384 1110 1427 1143 ut
1452 1106 1638 1144 iniuriam

105 1168 271 1207 Eumeni
292 1181 311 1207 a
340 1174 477 1207 senatu
505 1167 650 1207 illatam
679 1174 885 1207 excusaret
913 1164 1010 1221 (uid.
1033 1168 1119 1207 adn.
1142 1168 1189 1207 ad
1210 1170 1256 1208 fr.
1278 1166 1366 1222 51).
1405 1170 1500 1222 Alia,
1526 1182 1637 1221 prae-

105 1235 219 1284 cipue
235 1240 278 1272 ut
292 1236 444 1273 animos
465 1234 668 1272 hominum
686 1233 911 1285 delectaret,
926 1235 1095 1272 mutauit
1115 1246 1244 1285 neque
1259 1237 1386 1273 omnia
1409 1242 1638 1274 ornamenta

104 1301 200 1337 artis
227 1301 418 1338 oratoriae
447 1300 614 1350 spreuit,
646 1305 689 1338 ut
716 1305 799 1338 erat
830 1299 946 1338 homo
974 1299 1170 1338 litteratus
1198 1302 1472 1352 sermonisque
1499 1300 1637 1340 Graeci

102 1366 266 1415 peritus7
293 1364 332 1403 id
360 1363 463 1415 quod
490 1369 650 1403 senatus
679 1364 856 1403 consulto
884 1366 1033 1403 inserto
1063 1361 1127 1418 (fr.
1147 1362 1219 1418 15>
1247 1372 1313 1404 aut
1339 1368 1540 1417 rogatione
1567 1367 1637 1406 Pe-

103 1429 294 1468 tilliorum
322 1426 387 1483 (fr.
408 1426 505 1484 45¹³)
535 1430 807 1480 confirmatur,
843 1443 941 1481 quae
971 1429 1204 1469 documenta
1232 1443 1277 1469 ex
1305 1431 1493 1470 tabulinis
1526 1444 1637 1471 sena-

104 1496 214 1533 toriis
242 1494 379 1534 aliisue
405 1494 575 1546 publicis
603 1496 799 1546 exscripta
826 1507 911 1533 esse
939 1497 1006 1534 uix
1033 1496 1243 1546 quisquam
1267 1496 1413 1548 credet,
1440 1503 1523 1536 tum
1549 1499 1637 1536 imi·

103 1561 247 1599 tatione
270 1560 513 1612 Theopompi
534 1557 599 1613 (fr.
618 1556 704 1613 76),
733 1562 845 1599 euius
869 1560 1039 1599 fabulam
1061 1559 1183 1599 Sileni
1204 1573 1224 1599 a
1245 1560 1345 1599 Mida
1366 1563 1460 1600 uino
1483 1562 1636 1614 decepti

103 1628 142 1664 in
171 1638 233 1664 res
260 1625 453 1664 Romanas
480 1625 681 1664 transtulit
707 1622 773 1679 (fr.
796 1622 854 1678 6),
882 1625 1112 1677 etymologia
1137 1625 1283 1665 Graeca
1310 1623 1375 1680 (fr.
1394 1624 1480 1680 10),
1507 1627 1636 1667 studio

104 1691 253 1729 fabulas
279 1691 343 1730 uel
369 1690 571 1729 miraculis
599 1690 812 1729 exornandi
835 1688 900 1743 (fr.
923 1688 961 1730 6.
983 1688 1057 1744 24)
1085 1690 1149 1730 uel
1170 1691 1324 1730 Pisonis
1345 1691 1636 1745 Euhemerique

103 1756 281 1807 exemplo
308 1755 356 1794 ad
382 1762 562 1795 naturam
584 1758 854 1807 rationemque
875 1755 1075 1795 referendi
1096 1753 1161 1809 (fr.
1181 1755 1215 1795 1.
1238 1755 1275 1796 6.
1295 1755 1380 1810 12),
1407 1757 1636 1797 libidinosas

102 1820 352 1873 praeferendi
382 1821 447 1860 uel
480 1823 519 1860 in
552 1821 756 1860 libidinem
785 1821 1046 1872 detorquendi
1072 1817 1139 1875 (fr.
1161 1819 1228 1860 25.
1251 1819 1543 1875 48)74denique
1571 1836 1635 1863 ru-

103 1899 233 1925 mores
261 1886 306 1925 ah
335 1886 517 1925 omnibus
543 1886 720 1938 partibus
748 1886 988 1937 corripiendi
1015 1892 1053 1925 et
1079 1892 1227 1926 temere
1255 1887 1398 1926 litteris
1425 1889 1636 1927 mandandi

102 1948 168 2005 (fr.
191 1948 280 2005 42).

190 2017 309 2056 Multa
341 2029 435 2056 uero
470 2023 507 2056 et
540 2017 666 2068 ampla
702 2017 894 2055 librorum
927 2019 1051 2068 spatia
1078 2017 1230 2056 Valerio
1264 2024 1376 2057 erant
1410 2019 1482 2057 hac
1514 2019 1630 2058 histo-

103 2084 183 2121 riae
211 2083 361 2121 ratione
390 2082 591 2133 explenda.
631 2084 739 2133 atqui
765 2094 855 2121 cum
883 2084 921 2120 in
949 2082 1051 2121 ludis
1074 2083 1276 2122 rhetorum
1304 2096 1367 2122 ars
1393 2087 1634 2135 propositam

102 2147 271 2198 aliquam
303 2148 507 2186 materiam
542 2144 771 2200 dilatandi‘2)
804 2147 868 2186 uel
901 2147 1160 2186 abbreuiandi
1189 2147 1331 2187 tradita
1358 2155 1396 2187 et
1422 2151 1635 2188 exercitata

103 2219 217 2264 esset,
243 2212 420 2251 Valerius
447 2214 532 2251 eius
560 2214 616 2251 rei
644 2214 794 2264 peritus
822 2212 868 2251 ad
896 2213 1100 2252 histmiam
1127 2215 1306 2252 accessit.
1347 2214 1415 2252 sed
1443 2227 1570 2265 neque
1592 2221 1635 2254 ut

101 2283 259 2351 ueteres
286 2277 482 2316 annalium
511 2279 725 2329 scriptores
751 2280 792 2316 in
820 2277 938 2317 rebus
964 2278 1132 2329 publicis
1160 2277 1480 2317 administrandis
1500 2293 1634 2319 uersa-

199 2383 231 2424 1)
257 2380 369 2414 Ratio
402 2380 686 2424 superiectionis
718 2380 788 2415 hoc
821 2380 902 2415 loeo
934 2380 1137 2414 manifesta
1169 2382 1241 2423 est,
1275 2381 1339 2415 sed
1366 2382 1480 2416 etiam
1506 2383 1633 2417 multis

102 2433 186 2468 aliis
213 2433 309 2477 apud
338 2433 486 2467 Liuium
512 2433 749 2478 conspicitur,
776 2433 937 2468 maxime
963 2434 1001 2467 in
1028 2434 1148 2478 prima
1170 2433 1321 2479 decade,
1347 2434 1451 2469 uelut
1472 2439 1525 2479 10,
1542 2439 1597 2479 31,
1614 2440 1632 2469 7

102 2487 149 2521 ab
169 2486 292 2531 Appio
321 2485 476 2521 Claudio
503 2488 540 2521 et
558 2486 759 2521 Volumnio
783 2490 824 2521 16
841 2490 909 2521 300
930 2489 988 2532 (16
1001 2491 1068 2521 200
1085 2505 1127 2515 =
1144 2489 1286 2532 6.2700)
1310 2462 1494 2523 ’Samnites
1522 2489 1633 2532 caesi,

102 2543 194 2574 2700
215 2539 314 2583 capti
335 2541 432 2583 sunt,
458 2539 631 2584 idemque
651 2551 826 2574 numerus
846 2539 1097 2574 Romanorum
1119 2550 1309 2574 caesorum
1330 2540 1419 2583 fuit;
1449 2545 1502 2584 10,
1518 2545 1572 2584 36,
1590 2545 1633 2575 14

101 2594 138 2628 in
165 2593 303 2638 Apulia
328 2596 420 2628 4800
447 2593 573 2628 hostes
601 2593 710 2637 caesi,
739 2596 830 2628 7800
858 2593 959 2638 eapti
985 2593 1220 2637 totidemque
1247 2593 1405 2628 Romani
1438 2595 1547 2629 caesi.
1587 2595 1630 2629 ef.

101 2646 344 2681 Wellhausen
371 2647 497 2682 Israel.
524 2647 658 2689 zajad.
683 2646 807 2682 Gesch.
833 2659 869 2691 p.
887 2651 943 2681 31.

197 2702 232 2745 2)
259 2699 311 2735 Cf.
333 2699 495 2735 Theonis
514 2710 708 2745 progymn.
725 2703 745 2734 3
764 2712 798 2745 p.
818 2703 860 2734 75
873 2699 950 2744 Sp.:
979 2698 1235 2744 ἐπεκτείνοιιεν
1255 2700 1296 2735 δὲ
1315 2700 1380 2740 τὰς
1394 2702 1434 2736 ἐν
1454 2704 1502 2747 τῷ
1523 2715 1570 2745 im
1562 2701 1632 2748 '¹392

101 2752 406 2796 προσωποποιῖας
425 2765 652 2798 μηκυνοντες
672 2774 715 2778 -
735 2752 776 2788 τὸ
797 2751 969 2788 ἐναντίον
990 2752 1030 2787 δὲ
1051 2758 1248 2794 ποιοῦντες
1267 2753 1515 2799 συστέλλομεν,
1536 2765 1632 2798 quae

101 2806 141 2841 in
167 2818 267 2850 seqq.
295 2806 473 2850 exemplis
500 2805 673 2841 illustrat.
