2002 3342
693 200 739 234 M.
762 200 961 235 PORCIVS
990 200 1112 235 CATO
1595 214 1669 244 CLI

133 325 291 351 causam
319 311 476 350 Catonis
503 313 729 361 orationem,
757 323 873 362 quam
900 323 970 361 pro
998 310 1288 349 Rhodiensibus
1316 312 1509 362 babuerit7
1543 313 1667 350 inser-

135 383 268 416 turum
297 389 382 416 esse
411 382 542 427 negat,
579 376 682 427 quod
716 378 840 427 ipsius
874 377 997 414 oratio
1025 382 1152 414 exstet
1178 378 1374 427 originum
1402 378 1537 428 quinto
1566 376 1666 414 libro

135 443 302 493 inclusa,
341 442 554 493 eademque
589 443 670 480 sere
705 440 751 480 de
785 442 960 479 oratione
994 453 1063 492 pro
1093 440 1290 480 Lusitanis
1324 442 1426 480 dieta
1460 443 1665 493 repetiisse

132 507 292 546 uidetur
325 503 600 560 (pe1·iocl1.49
635 506 721 545 adn.
754 502 867 559 106).
924 506 1066 545 deinde
1100 519 1198 557 quae
1235 512 1435 545 exstarent
1470 509 1667 545 orationes

133 573 455 611 commemorauit
477 567 546 625 (de
558 575 741 622 pecuum
762 575 872 621 reye's
886 573 1079 611 Antiochi
1099 569 1167 622 38,
1188 570 1257 621 54,
1282 570 1346 622 11,
1367 575 1406 610 in
1437 573 1665 618 Quinctium

131 641 316 686 aleasque
349 641 557 676 censorias
583 634 651 688 39,
671 634 740 687 42,
763 635 799 687 7,
825 649 906 686 pro
939 640 1027 685 leffe
1063 638 1239 676 Voconia
1272 637 1444 687 periosb.
1466 636 1554 690 41).
1602 637 1666 676 de-

133 705 253 754 nique
281 702 380 740 libro
407 715 485 741 non
513 702 642 741 addito
672 701 717 741 de
744 714 908 741 numero
933 702 1148 752 hominum,
1177 703 1243 753 qui
1266 703 1303 740 in
1325 715 1454 752 pugna
1475 708 1666 741 nocturna

131 781 152 806 a
188 768 331 807 Catone
366 767 525 806 consule
559 767 605 806 ad
638 767 843 819 Emporias
877 769 981 806 caesi
1014 769 1109 817 sint,
1142 767 1295 805 Valerio
1329 767 1473 805 Antiati
1506 769 1668 818 opponit

132 834 258 884 ipsius
279 832 435 871 Catonis
457 833 725 871 testimonium
747 830 815 883 34,
834 830 899 883 15,
914 830 939 870 9
962 827 1029 886 (fr.
1051 828 1138 885 92).
1179 834 1394 883 quaeritur,
1414 838 1524 871 utros
1547 833 1667 871 libros

132 899 353 949 inspexisse
380 897 574 948 uideatur,
601 899 850 936 orationesne
878 910 925 936 an
952 899 1136 948 origines.
1182 899 1258 936 iam
1286 910 1381 936 uero
1410 910 1507 948 quae
1530 897 1666 936 Liuius

132 963 180 1002 de
210 963 327 1002 rebus
353 976 371 1001 a
401 963 546 1002 Catone
573 962 732 1001 consule
766 964 805 1001 in
832 962 1018 1014 Hispania
1051 964 1172 1013 gestis
1205 964 1386 1013 exposuit
1412 961 1481 1013 34,
1509 960 1666 1012 8-21,

132 1029 341 1067 maximam
368 1034 519 1079 partem
548 1041 593 1067 ex
623 1030 708 1080 ipso
736 1028 880 1067 Catone
912 1028 1074 1067 fluxisse
1108 1030 1185 1066 iam
1219 1027 1265 1066 ab
1299 1028 1384 1066 aliis
1418 1027 1667 1066 animaduer-

131 1105 218 1132 sum
246 1099 317 1144 est,
344 1093 611 1145 Iordanusque
639 1095 874 1145 comparatis
901 1094 1081 1145 reliquiis
1108 1092 1343 1144 quibusdam
1368 1093 1525 1132 Catonis
1547 1093 1668 1132 Liuii-

131 1171 207 1209 que
235 1158 370 1197 uerbis
397 1159 450 1197 ita
477 1171 561 1198 rem
588 1158 766 1209 absoluit,
794 1164 837 1198 ut
865 1160 932 1198 uix
954 1160 1161 1210 quisquam
1191 1158 1370 1198 dubitare
1392 1160 1528 1210 possit7
1554 1171 1667 1210 prae-

127 1225 268 1262 sertim
295 1236 384 1262 cum
411 1229 491 1262 tota
518 1224 621 1263 Liuii
647 1225 819 1263 narratio
842 1225 1091 1263 iactationem
1113 1224 1368 1263 Catonianam
1389 1223 1573 1262 redoleat.
1613 1225 1666 1262 ita

131 1290 236 1327 enim
263 1289 347 1327 ille:
375 1287 436 1328 ‘eo
463 1290 654 1328 maiorem
680 1289 848 1328 habebat
875 1289 1146 1328 difficultatem
1173 1291 1213 1328 in
1235 1288 1465 1340 subigendis
1485 1289 1666 1328 hostibus

129 1367 246 1405 quam
268 1356 335 1406 qui
361 1355 479 1406 primi
498 1361 690 1394 uenerant
712 1356 752 1394 in
772 1354 1014 1406 Hispaniam,
1041 1354 1144 1406 quod
1166 1354 1213 1393 ad
1239 1354 1326 1393 illos
1353 1354 1480 1393 taedio
1509 1356 1666 1406 imperii

130 1419 515 1471 Carthaginiensium
541 1420 704 1472 Hispani
731 1420 981 1471 deficiebant,
1008 1420 1101 1459 huic
1128 1432 1174 1459 ex
1201 1425 1389 1471 usurpata
1414 1420 1597 1459 libertate
1624 1421 1665 1459 in

127 1486 365 1524 seruitutem
391 1485 500 1524 uelut
527 1485 736 1524 adserendi
763 1484 891 1525 erant’
919 1484 969 1538 (c.
994 1483 1060 1542 187
1084 1481 1140 1540 1).
1187 1491 1269 1524 tum
1300 1487 1340 1524 in
1365 1498 1496 1537 pugna
1523 1485 1664 1537 Empo-

130 1551 255 1589 ritana
281 1562 475 1601 nusquam
500 1552 662 1590 uirtutis
683 1551 852 1590 militum
872 1552 1019 1590 mentio
1042 1551 1095 1602 fit,
1123 1550 1281 1590 Catonis
1302 1551 1478 1601 consilio,
1504 1552 1665 1601 uirtute,

128 1614 324 1654 industria
349 1617 516 1655 uictoria
541 1622 713 1667 paratur,
740 1629 818 1655 non
846 1616 972 1655 solum
998 1618 1164 1655 maxima
1193 1617 1353 1655 minima
1374 1629 1446 1667 per
1471 1629 1512 1655 se
1534 1615 1665 1655 adibat

128 1686 245 1731 atque
272 1680 407 1732 agebat
436 1694 509 1720 nec
536 1681 729 1733 cogitabat
755 1681 869 1720 modo
896 1681 1194 1733 imperabatque
1216 1694 1314 1733 quae
1340 1683 1380 1720 in
1408 1694 1491 1720 rem
1520 1687 1665 1732 essent,

126 1745 198 1784 sed
232 1758 330 1796 quae
366 1752 449 1785 erat
482 1748 522 1785 in
556 1759 600 1785 eo
633 1749 695 1786 uis
729 1748 848 1785 animi
887 1753 926 1786 et
963 1748 1132 1798 ingenii,
1171 1749 1254 1798 ipse
1294 1747 1480 1798 pleraque
1513 1759 1586 1798 per
1622 1760 1664 1786 se

127 1811 369 1862 transigebat
402 1824 475 1850 nec
508 1813 549 1850 in
582 1825 818 1864 quemquam
851 1814 1027 1852 omnium
1061 1814 1222 1864 grauius
1256 1813 1514 1864 seueriusque
1546 1825 1662 1864 quam

127 1877 168 1915 in
196 1882 319 1915 semet
346 1878 475 1928 ipsum
503 1879 712 1929 imperium
737 1878 956 1928 exercebat,
983 1879 1224 1929 parsimonia
1245 1884 1283 1917 et.
1302 1877 1449 1929 uigiliis
1471 1883 1509 1917 et
1529 1877 1662 1917 labore

128 1954 218 1980 cum
244 1942 395 1982 ultimis
421 1942 589 1982 militum
617 1943 791 1982 certabat
816 1956 890 1982 nec
917 1945 1128 1995 quicquam
1160 1945 1201 1983 in
1235 1945 1411 1983 exercitu
1446 1956 1516 1982 suo
1549 1956 1662 1994 prae-

128 2008 234 2058 cipui
272 2013 430 2058 praeter
468 2008 656 2047 honorem
696 2014 812 2060 atque
851 2010 1061 2060 imperium
1100 2009 1268 2048 habebat
1307 2006 1358 2062 (e.
1388 2006 1461 2060 18,
1500 2006 1661 2061 3-5).

127 2084 256 2111 nonne
285 2085 423 2112 censes
458 2079 495 2112 te
528 2075 658 2125 ipsum
686 2074 873 2113 Catonem
906 2073 1042 2113 audire
1075 2073 1330 2126 loquentem?
1369 2074 1439 2113 sed
1470 2080 1513 2113 ut
1538 2076 1664 2125 magis

127 2138 337 2190 perspicua
364 2151 427 2177 res
455 2140 522 2189 sit,
549 2139 768 2178 adscribam
795 2139 917 2179 uerba
945 2139 1124 2190 Liuiana,
1152 2139 1200 2178 ad
1227 2152 1324 2191 quae
1353 2140 1569 2191 fragmenta
1597 2140 1662 2179 illa

127 2204 326 2253 pertinere
346 2203 569 2255 uideantur,
588 2205 751 2256 ipsaque
772 2205 989 2256 fragmenta
1012 2218 1056 2244 ex
1072 2205 1229 2244 Iordani
1250 2205 1421 2244 editione
1443 2204 1660 2244 adnectam.

128 2267 266 2307 Liuius
300 2269 420 2319 igitur
452 2265 503 2322 (c.
532 2267 568 2320 8,
595 2266 642 2323 4)
675 2271 727 2309 ita
759 2271 916 2309 initium
943 2270 1052 2309 facit:
1087 2271 1140 2309 M.
1164 2272 1335 2310 Porce'as
1362 2273 1519 2319 consul,
1546 2276 1659 2321 post-

125 2345 247 2382 quam
274 2336 475 2383 abroqata
501 2337 568 2374 lex
601 2336 728 2386 Oppia
761 2341 836 2385 est,
872 2339 1066 2386 extemplo
1101 2339 1251 2385 ue'ye'nte'
1282 2339 1459 2385 quinque
1485 2338 1662 2375 nauibus

126 2399 275 2447 loraeye‘s,
308 2412 480 2448 quarum
512 2404 689 2450 quinque
720 2405 921 2441 sociorum
954 2407 1088 2450 eram,
1125 2403 1181 2440 ad
1209 2402 1352 2441 Lunae
1374 2408 1542 2452 portum
1560 2414 1660 2451 pro-

123 2463 257 2512 fectas
282 2470 341 2503 est
367 2467 504 2504 eodem
530 2470 715 2505 exercitu
743 2470 964 2506 conuenire
990 2470 1096 2506 iusso
1124 2473 1162 2506 el
1188 2469 1320 2506 edicto
1338 2480 1420 2516 per
1443 2479 1556 2506 oram
1577 2479 1659 2506 ma-

126 2531 304 2568 rile'mam
341 2533 477 2579 misso,
515 2534 691 2571 nauibus
722 2535 850 2571 omne's
884 2535 1050 2581 qenere's
1082 2535 1306 2572 contractis
1339 2534 1402 2580 (=
1424 2537 1520 2571 orat.
1548 2533 1593 2570 fr.
1621 2530 1659 2581 6,

128 2605 163 2643 p.
185 2591 240 2632 33
261 2594 379 2633 Iord.:
406 2596 597 2635 Laudant
617 2610 677 2636 me
697 2601 885 2637 maximis
905 2599 1105 2647 laudibus,
1127 2603 1280 2636 tantam
1301 2601 1478 2647 naulum,
1507 2603 1660 2636 tantum

126 2662 370 2708 exercitum,
404 2667 558 2700 tantum
584 2669 845 2702 commeatum
872 2675 948 2702 non
978 2666 1185 2713 opz‘nalam
1211 2675 1295 2702 esse
1328 2675 1565 2712 quemquam
1591 2664 1659 2701 ho-

127 2726 271 2763 minem
293 2737 533 2775 comparare
551 2731 745 2777 potuisse,
772 2731 817 2767 it]
835 2734 963 2768 lamen
987 2731 1226 2767 malarre‘me
1245 2740 1306 2767 me
1327 2730 1659 2778 comparavisse).

126 2789 178 2826 ab
206 2789 323 2828 Luna
346 2793 612 2839 profice‘Scens
638 2794 784 2841 edixit,
820 2799 864 2832 ut
890 2795 946 2832 ad
968 2800 1134 2843 portum
1162 2794 1368 2842 Pyrenaei
1391 2797 1660 2841 sequerentur

130 2863 193 2910 (=
215 2862 309 2897 orat.
338 2856 381 2893 fr.
404 2852 447 2893 9:
488 2857 552 2895 Ita
579 2870 651 2897 nos
673 2858 757 2907 sert
785 2864 926 2898 uentus
953 2861 1009 2897 ad
1024 2861 1248 2908 primorem
1276 2859 1549 2908 Pyrenaeum,
1582 2869 1659 2906 quo
