2002 3342
377 184 419 218 Π,
448 183 510 217 DE
538 180 854 216 LITTERARVM
881 179 1204 214 MONVMENTIS
1231 179 1453 213 PRIVATIS
1569 193 1679 223 XLIX

149 294 249 347 458,
271 308 346 347 quo
367 300 523 333 ueteres
545 292 726 331 consules
747 288 790 345 (i.
807 304 838 329 e.
854 287 1179 344 an111297.457)
1203 290 1245 335 Q.
1261 289 1404 328 Fabius
1427 296 1463 327 et
1484 289 1522 328 P.
1537 289 1679 327 llerius

152 361 375 413 ‘prorogato
411 361 450 397 in
487 371 554 397 sex
591 370 748 396 menses
783 354 964 407 imperio’
1001 357 1155 407 egregie
1193 357 1232 393 in
1264 355 1418 393 Etruria
1456 360 1493 393 et
1523 354 1679 392 Samnio

150 426 296 465 bellum
333 430 490 476 gerunt,
528 425 623 474 App.
658 421 843 461 Claudius
882 427 1011 460 autem
1051 433 1140 459 cum
1179 421 1389 471 imperium
1429 421 1682 470 suscepisset,

152 490 265 530 ‘nihil
293 492 388 529 scite
417 495 481 528 aut
509 490 702 527 fortunate
730 484 888 538 gerens’
917 486 997 525 solo
1029 485 1199 536 collegae
1221 485 1392 523 aduentu
1418 497 1462 523 ex
1491 486 1682 535 angustiis

151 558 233 596 suis
261 557 427 607 eripitur
453 552 551 606 (uid.
579 566 614 604 p.
638 549 750 606 Lm),
778 551 1033 602 eiusdemque
1062 550 1108 589 de
1134 556 1330 602 praetura,
1358 563 1432 601 qua
1460 551 1498 588 in
1528 550 1684 588 Etruria

151 635 183 660 a.
211 623 334 671 inseq.
363 621 521 659 functus
555 624 630 669 est,
669 617 766 656 nihil
802 616 1057 655 memorabile
1091 616 1229 654 Liuius
1268 614 1445 665 tradidit,
1486 615 1594 666 plura
1637 615 1683 654 de

150 687 261 726 Fabii
288 687 380 724 noui
407 684 599 733 consulis,
636 684 699 722 eui
726 688 834 721 extra
863 688 1008 720 sortem
1037 683 1121 720 eius
1153 682 1356 732 prouincia
1386 680 1539 719 decreta
1568 687 1684 731 esset,

150 752 337 802 aduentu,
365 751 432 801 qui
453 763 472 788 a
492 748 684 788 militibus
707 760 858 787 summa
880 760 968 786 cum
990 747 1188 785 alacritate
1210 746 1400 784 salutatus
1427 753 1541 796 esset,
1569 759 1684 797 quam

150 817 296 868 gloriae
330 816 627 866 occupationem
659 818 794 864 postea
828 814 868 851 in
900 811 999 850 urbe
1025 812 1174 863 Appius
1207 811 1546 849 criminationibus
1578 811 1683 850 ultus

151 879 312 934 esseffl)
347 881 514 931 denique
542 891 698 917 omnem
719 878 924 916 historiam
947 890 977 916 a.
994 875 1091 916 310.
1107 873 1354 915 444-—295.
1370 873 1456 914 459
1476 875 1684 915 Fabiorum

150 948 375 997 arrogantia
402 945 604 983 confusam
632 956 718 982 esse
745 956 793 981 ne
823 943 978 981 Liuium
1006 942 1165 993 quidem
1192 942 1309 992 fugit,
1339 942 1407 992 qui
1431 947 1637 992 postquam
1666 956 1684 980 a

151 1013 270 1051 Decio
297 1017 377 1050 tres
403 1010 577 1048 hostium
604 1009 724 1048 urbes
753 1014 993 1059 expugnatas
1021 1020 1107 1046 esse
1134 1008 1312 1045 narrauit
1331 1003 1419 1059 (XIO,
1444 1002 1529 1060 17),
1557 1006 1603 1045 de
1626 1007 1685 1045 his

150 1077 316 1116 urbibus
351 1076 446 1115 duas
479 1074 669 1126 quosdam
702 1074 862 1112 annales
895 1073 942 1111 ad
969 1073 1149 1123 Fabium,
1186 1085 1306 1111 unam
1339 1071 1386 1110 ad
1412 1071 1573 1110 Decium
1603 1074 1686 1111 eius

151 1143 340 1192 collegam
362 1143 541 1191 traxisse,
563 1139 752 1191 quosdam
775 1139 820 1177 ad
842 1151 966 1177 nouos
988 1138 1183 1189 consules,
1203 1140 1227 1176 i.
1250 1150 1282 1176 e.
1304 1137 1351 1175 ad
1371 1138 1465 1188 App.
1482 1136 1687 1176 Claudium

152 1214 190 1247 et
214 1207 481 1257 Volumnium,
509 1205 697 1257 quosdam
727 1204 773 1243 ad
802 1205 905 1243 hunc
933 1200 1220 1257 (Volumnium)
1249 1202 1375 1241 solum
1403 1203 1442 1240 iu
1471 1203 1686 1253 appendice

151 1269 408 1324 adnotauit.2)
439 1273 534 1322 quin
556 1272 673 1310 etiam
694 1270 780 1308 aliis
801 1281 956 1321 quoque
979 1269 1138 1320 collegis
1157 1268 1409 1307 Claudiorum
1428 1267 1564 1306 Liuius
1586 1268 1687 1307 ultra

152 1338 312 1377 modum
347 1338 468 1389 sauet3
508 1338 564 1375 sic
597 1336 636 1374 P.
666 1335 836 1374 Seruilio
870 1348 901 1374 a.
928 1332 1027 1374 495.
1055 1332 1158 1385 259,
1198 1333 1370 1384 collegae
1410 1334 1504 1384 App.
1536 1333 1688 1372 Claudii

152 1403 307 1454 Sabini,
335 1409 373 1442 et
400 1403 558 1441 lenitate
587 1401 731 1440 indolis
758 1414 850 1440 suae
877 1400 1032 1452 plebem
1059 1401 1260 1439 incitatam
1288 1400 1463 1438 flectenti
1491 1404 1529 1437 et
1555 1399 1688 1438 hostes

153 1468 313 1507 Volscos
328 1470 505 1507 uincenti
520 1463 578 1521 (2,
594 1465 662 1518 23,
681 1463 862 1521 lbsqq.),
884 1479 1000 1517 quam
1020 1465 1176 1504 laudem
1193 1465 1403 1515 Dionysius
1418 1461 1475 1517 (6,
1492 1461 1686 1517 23—33)

151 1535 271 1573 etiam
292 1539 500 1584 exaggerat
520 1532 799 1583 triumphoque
821 1544 910 1570 eum
933 1530 1107 1569 cumulat
1128 1527 1179 1584 (c.
1195 1528 1263 1581 30,
1280 1526 1340 1584 2),
1362 1535 1427 1568 aut
1448 1529 1488 1567 T.
1506 1529 1688 1574 Quinctio

152 1612 186 1638 a.
213 1597 312 1638 411.
334 1596 418 1637 ‘283
447 1598 585 1637 eodem
613 1597 799 1647 remedio,
826 1609 915 1635 cum
943 1596 1089 1635 milites
1116 1597 1212 1647 App.
1235 1595 1439 1634 Claudium
1462 1591 1688 1647 (Crassum)

154 1664 243 1703 odio
271 1663 493 1702 exacerbati
525 1676 545 1702 a
571 1662 721 1700 Volscis
755 1663 863 1700 uinci
899 1661 1136 1711 uoluissent,
1175 1662 1373 1712 egregiam
1406 1661 1613 1698 uictoriam
1642 1659 1688 1697 ab

153 1731 299 1781 Aequis
326 1730 542 1781 reportanti
566 1725 670 1781 (Liu.
686 1725 724 1778 2,
740 1723 947 1777 58—60),
975 1728 1070 1765 item
1095 1739 1184 1766 cum
1207 1726 1392 1777 Dionysio
1419 1721 1687 1779 &Al—50)

152 1796 378 1834 concinens.

244 1861 324 1899 Iam
358 1872 454 1899 uero
487 1860 664 1910 quaestio
699 1857 893 1908 oboritur,
932 1870 1026 1896 num
1060 1870 1134 1909 qua
1168 1870 1307 1896 causa
1340 1858 1444 1895 eius
1478 1857 1689 1907 gentium

153 1926 529 1965 obtrectationis
556 1925 677 1963 fuisse
704 1923 896 1962 uideatur.
943 1924 1050 1974 atqui
1070 1924 1158 1962 tieri
1177 1924 1353 1974 potuisse
1375 1921 1628 1960 concedimus
1648 1927 1690 1960 ut

154 1992 372 2042 antiquitus
393 1990 503 2028 Fabii
524 1989 766 2028 Corneliis
788 1989 1015 2028 inuiderent
1041 1994 1090 2039 et,
1112 2001 1187 2040 qua
1208 1994 1321 2027 erant
1341 1988 1528 2039 potentia,
1555 1986 1690 2025 laudes

152 2069 246 2096 suas
280 2061 413 2094 auctas
446 2057 487 2093 in
514 2055 745 2106 pontificum
773 2054 923 2093 tabulas
951 2054 1163 2106 referrent3
1190 2066 1318 2104 neque
1346 2054 1450 2092 enim
1479 2059 1560 2091 tum
1588 2054 1692 2091 inter

155 2123 343 2174 patricios
376 2121 566 2159 sactiones
600 2120 811 2159 defuerunt
844 2116 1090 2173 (Schwegler
1115 2118 1148 2157 lI
1174 2131 1210 2170 p.
1232 2116 1350 2171 503).
1403 2117 1472 2156 sed
1504 2119 1691 2168 grauissi-

156 2199 264 2227 mum
291 2188 396 2225 inter
422 2198 489 2224 eos
517 2186 663 2224 exarsit
691 2191 890 2224 certamen
911 2184 1003 2223 belli
1024 2183 1254 2222 Hannibalis
1282 2188 1407 2222 aetate
1433 2184 1537 2221 inter
1557 2182 1599 2228 Q.
1622 2183 1690 2221 Fa-

156 2252 266 2291 bium
292 2252 505 2290 Maximum
527 2251 803 2290 Cunctatorem
831 2256 870 2289 et
896 2250 935 2288 P.
957 2249 1184 2288 Cornelium
1206 2249 1431 2300 Scipionem
1452 2248 1692 2287 Africanum.

155 2318 330 2368 Sagunto
359 2318 463 2355 enim
491 2321 602 2367 capto
628 2315 776 2354 bellum
803 2317 989 2354 continuo
1016 2314 1271 2353 indicendum
1298 2326 1400 2353 unus
1429 2326 1475 2352 ex
1500 2313 1694 2352 Corneliis

256 2422 287 2464 1)
314 2419 390 2455 Liv.
420 2422 473 2461 10,
502 2422 557 2460 22,
585 2422 694 2461 7-9,
734 2423 790 2461 24,
820 2421 879 2460 18;
919 2421 974 2458 25,
1003 2421 1105 2452 4-9.
1135 2437 1177 2442 -
1207 2420 1261 2460 10,
1296 2420 1350 2459 25,
1380 2420 1536 2459 13—163
1576 2419 1630 2458 26,
1660 2420 1690 2450 6.

154 2474 202 2509 cf.
232 2474 277 2508 de
302 2473 371 2508 uir.
398 2472 449 2507 ill.
479 2476 534 2514 34,
562 2478 594 2507 ἵ).

254 2529 287 2570 2)
315 2527 422 2561 Vnde
443 2526 570 2559 Liuius
592 2529 647 2568 22,
664 2530 720 2568 31,
735 2529 848 2559 8-11
872 2524 1146 2559 dubitationem
1166 2535 1271 2558 suam
1293 2524 1338 2557 de
1360 2524 1400 2564 Q.
1416 2523 1523 2557 Fabii
1538 2522 1691 2556 Maximi

156 2580 347 2615 dictatura
375 2591 406 2614 a.
428 2583 507 2614 217.
530 2583 596 2613 537
623 2578 828 2623 repetierit,
854 2590 975 2622 quem,
1003 2589 1086 2611 eum
1112 2589 1186 2611 non
1214 2588 1235 2611 a
1256 2576 1405 2611 consule
1426 2576 1490 2610 sed
1511 2587 1532 2609 a
1553 2575 1691 2620 populo

156 2633 281 2668 dictus
308 2635 423 2676 esset,
451 2633 532 2677 ‘pro
559 2632 746 2667 dz‘ctatore'
778 2632 976 2666 dicendum
1004 2631 1117 2665 fuisse
1145 2631 1330 2675 disputat,
1358 2629 1559 2670 nescimus,
1594 2631 1691 2662 certe

159 2687 206 2722 ab
234 2686 448 2721 aduersario
475 2686 602 2730 aliquo
629 2685 751 2730 gentis
778 2686 931 2726 Fabiae,
970 2697 1057 2718 nam
1085 2685 1157 2718 ‘res
1190 2684 1275 2718 inde
1309 2686 1432 2729 gestas
1459 2683 1691 2728 gloriamque

157 2740 345 2786 insignem
371 2740 474 2774 ducis
502 2741 539 2774 et
565 2740 737 2784 augentis
762 2739 913 2774 titulum
940 2738 1114 2782 imaginis
1134 2740 1315 2782 posteros,
1340 2739 1382 2771 ut
1403 2736 1466 2780 qui
1486 2747 1552 2780 pro
1574 2735 1691 2769 dicta-

159 2797 240 2829 tore
265 2793 414 2836 fuisset,
453 2794 614 2827 dictator
640 2793 867 2834 crederetur,
907 2791 1018 2826 facile
1045 2791 1278 2825 obtinuisse'.
1323 2791 1407 2824 Vid.
1436 2789 1551 2823 Coelii
1578 2789 1619 2822 fr.
1648 2792 1686 2822 21

159 2858 191 2881 c.
219 2847 302 2881 adn.

233 2913 312 2938 Hist.
332 2913 416 2938 Rom.
437 2913 488 2937 rel⁴
503 2913 527 2941 Ι,
549 2912 593 2937 ed.
614 2913 731 2937 Peter.
761 2912 816 2936 Ed.
838 2912 886 2936 alt.
1431 2901 1480 2935 IV
