2002 3342
280 223 460 253 ccccxx
611 208 673 241 De
701 206 1007 241 SCRIPTORVM
1034 206 1157 241 vrr1s
1183 206 1244 241 ET
1271 206 1479 242 SCRIPTIS

279 321 412 372 plures
447 332 579 359 rerum
613 321 827 370 scriptores
853 318 982 357 Aelios
1007 317 1236 356 Tuberones
1263 319 1455 369 nouisset,
1489 320 1546 357 sic
1573 319 1805 370 simpliciter

280 387 533 437 praenomine
561 386 706 423 omisso
734 385 959 434 scripsisset
990 380 1225 435 Τουβέρων
1244 384 1412 433 Αἴλιος,
1440 382 1584 430 δεινὸς
1604 381 1713 436 ἀνὴρ
1734 383 1805 424 καὶ

280 450 376 503 περὶ
397 449 477 502 τὴν
498 447 762 501 συναγωγὴν
784 454 858 500 τῆς
880 447 1073 502 ἱστορίας
1095 445 1344 500 {nupsi-0532)
1372 449 1476 500 optio
1499 454 1627 487 autem
1649 450 1682 487 si
1703 450 1806 488 inter

282 517 444 555 Lucium
478 521 629 566 patrem
662 520 700 553 et
726 516 913 559 Quintum
948 514 1070 552 filium
1105 513 1235 565 datur,
1269 513 1385 552 huius
1412 510 1584 567 (Quinti)
1619 513 1806 565 doctrina,

280 588 321 620 ut
349 581 496 619 Gellius
522 579 555 631 1,
571 579 639 631 252,
657 578 678 618 7
708 579 747 618 id
773 580 940 618 uerbum
968 580 1170 630 explicuit,
1203 578 1450 630 superfluens
1477 585 1516 617 et
1542 580 1659 618 nimis
1686 579 1806 618 abun-

281 647 375 685 dans
398 647 480 685 fuit.
514 643 636 696 quid?
669 645 772 696 quod
794 642 1073 683 ‘Tuberonem’
1090 646 1207 682 etiam
1227 644 1371 683 librum
1390 644 1559 695 aliquem
1575 646 1806 683 astronomi-

280 724 367 750 cum
402 712 618 750 confecisse
652 710 800 749 Plinius
832 712 945 749 testis
979 715 1040 748 est
1073 716 1127 750 (n.
1151 710 1184 749 h.
1210 706 1382 759 18‚235
1416 710 1463 748 cs.
1485 709 1664 748 German.
1687 709 1806 748 schol.

281 791 314 828 p.
334 775 415 816 1312
432 773 533 829 1312),
567 777 679 815 cuius
712 781 986 826 argumentum
1020 780 1058 813 et
1084 776 1169 825 ipso
1195 775 1269 813 hoc
1296 775 1512 825 fragmento
1540 781 1578 813 et
1604 776 1806 813 uicinitate

279 842 499 882 Tuberonis
520 843 560 880 in
582 841 710 880 indice
733 842 817 879 eius
838 841 929 879 libri
954 839 1009 879 ‘L.
1032 840 1195 891 Tarutii,
1224 841 1290 891 qui
1312 839 1458 879 Graece
1480 840 1526 879 de
1546 842 1662 879 astris
1683 841 1806 891 scrip-

280 910 346 959 sit,
385 914 423 947 et.
456 908 634 946 Caesaris
669 906 870 945 dictatoris
904 908 971 957 qui
1004 904 1113 944 item'
1147 905 1361 956 indicatur,
1400 917 1639 956 praenomen
1673 905 1808 951 Quinti

281 973 409 1012 indice
432 973 521 1011 libri
543 972 716 1022 alterius,
738 971 806 1010 ubi
821 972 951 1010 Titum
968 971 1175 1010 Caesarem
1196 972 1288 1022 imp.
1310 972 1501 1022 sequitur,
1522 968 1604 1022 ‘qui
1626 971 1672 1009 de
1693 983 1806 1009 acon-

281 1042 331 1078 tia
359 1044 508 1077 cometa
529 1037 729 1089 praeclaro
751 1039 923 1076 carmine
945 1035 1238 1088 perscripserit’
1262 1034 1319 1089 (2,
1336 1032 1423 1089 89),
1444 1042 1482 1075 et
1503 1036 1592 1074 libri
1607 1035 1806 1075 XXXVIII.

281 1105 448 1155 denique
475 1104 695 1142 officiorum
729 1102 976 1153 publicorum
1010 1104 1173 1141 rationis
1200 1108 1238 1140 et
1264 1101 1414 1140 ordinis
1442 1101 1609 1141 eundem
1637 1103 1807 1155 peritum

280 1170 457 1221 aliisque,
485 1170 601 1208 etiam
623 1169 787 1207 Varroni
815 1168 999 1207 idoneum
1024 1174 1223 1206 auctorem
1252 1180 1341 1206 eum
1367 1169 1497 1206 uisum
1519 1179 1605 1206 esse
1627 1180 1672 1206 ex
1694 1167 1808 1206 Gellii

281 1236 301 1274 l.
325 1249 353 1274 s.
382 1237 650 1286 cognouimus.
692 1233 867 1272 doctrina
902 1235 1021 1284 igitur
1054 1235 1139 1272 eius
1172 1233 1219 1271 ab
1252 1233 1415 1271 historia
1449 1245 1526 1271 non
1558 1233 1654 1271 afuit
1679 1245 1806 1284 neque

281 1301 480 1351 habemus,
509 1313 578 1338 cur
607 1299 651 1338 de
679 1300 873 1350 scriptura
901 1298 1080 1337 codicum
1105 1299 1205 1337 Liuii
1233 1297 1467 1337 dubitemus.
1508 1304 1641 1337 contra
1663 1298 1807 1336 Lucius

280 1372 391 1417 pater
410 1367 534 1416 magis
555 1364 824 1416 philosophiae
847 1370 929 1402 erat
950 1363 1127 1402 addictus
1149 1376 1271 1414 eoque
1293 1362 1421 1402 studio
1441 1363 1635 1402 inclaruit.
1669 1363 1808 1414 quodsi

281 1432 417 1470 Cicero
445 1432 593 1470 amicus
623 1430 668 1468 de
696 1431 780 1469 eius
807 1429 971 1468 historia
998 1429 1120 1468 uerba
1149 1430 1250 1479 lecit,
1277 1430 1316 1467 in
1343 1428 1544 1480 publicum
1572 1429 1655 1467 eius
1677 1430 1807 1479 cogni-

280 1499 332 1536 tio
360 1499 411 1536 ita
440 1509 516 1535 non
544 1497 738 1548 peruenit,
767 1500 811 1533 ut
837 1496 870 1533 si
899 1494 944 1533 de
972 1494 1039 1533 tali
1066 1507 1184 1546 opere
1212 1506 1341 1533 sermo
1369 1499 1483 1544 esset,
1510 1493 1678 1539 Quintus
1705 1493 1808 1532 filius

279 1564 453 1601 omnium
477 1563 626 1600 animos
649 1566 860 1612 occuparet
880 1572 1007 1611 neque
1028 1572 1267 1611 praenomen
1289 1559 1378 1598 addi
1399 1559 1554 1598 soleret.
1591 1560 1697 1610 atqui
1718 1571 1806 1597 cum

279 1628 486 1679 Dionysius
503 1623 553 1680 (a.
570 1624 637 1665 30.
654 1622 756 1677 724)
779 1625 939 1664 Romam
961 1627 1180 1677 migrasset,
1201 1624 1449 1676 perlustratis
1471 1625 1596 1675 poetis
1617 1629 1656 1663 et
1675 1636 1807 1663 rerum

280 1693 540 1745 scriptoribus
569 1691 719 1737 ‘Quinti
746 1691 843 1730 Aelii
873 1689 1109 1730 Tuberonis'
1139 1687 1216 1744 (sic
1250 1703 1338 1729 eum
1371 1689 1614 1729 sollemniter
1645 1689 1806 1740 alloqui-

280 1756 362 1812 tur)
391 1758 591 1797 admonitu
620 1757 665 1795 de
686 1756 913 1807 Thucydide
941 1756 1083 1795 librum
1112 1769 1225 1795 suum
1253 1757 1473 1807 composuit
1499 1761 1537 1793 et
1560 1754 1607 1793 ad
1628 1754 1806 1805 eundem,

281 1826 342 1863 eui
370 1823 466 1863 nihil
486 1824 653 1861 ueritate
680 1823 892 1874 pretiosius
915 1827 1028 1873 esset,
1055 1823 1163 1860 misit
1184 1816 1235 1874 (c.
1254 1820 1275 1859 1
1298 1834 1334 1872 p.
1351 1818 1506 1859 325VS.
1534 1833 1564 1859 c,
1582 1818 1636 1860 55
1657 1833 1693 1871 p.
1709 1818 1806 1859 418.

281 1892 326 1928 ct'.
350 1889 395 1928 de
417 1889 537 1927 Thuc.
560 1889 746 1940 propriet.
769 1901 800 1926 c.
822 1885 839 1925 1
864 1900 899 1938 p.
915 1884 1033 1941 421),
1064 1893 1180 1938 atque
1206 1887 1269 1934 hic
1298 1892 1403 1926 certe
1432 1886 1503 1925 suit
1529 1885 1592 1924 ille
1620 1887 1683 1924 uir
1709 1883 1806 1938 περὶ

279 1955 358 2006 τὴν
385 1952 651 2005 συναγωγὴν
679 1952 872 2004 ἱστορίας
899 1950 1114 2004 ἐπιμελής,
1142 1953 1254 1991 cuius
1282 1951 1328 1990 de
1350 1950 1631 2003 Lupercalibus
1655 1951 1808 2001 samam,

279 2026 322 2059 nt
347 2020 420 2059 hoc
448 2020 594 2058 honore
622 2031 711 2058 eum
739 2024 1013 2070 prosequatur,
1040 2017 1220 2068 uulgatae
1247 2017 1356 2056 Fabii
1375 2017 1543 2056 Pictoris
1569 2022 1808 2055 ceterorum-

280 2098 354 2138 que
370 2086 648 2125 historicorum
664 2085 825 2136 opponit
840 2080 964 2137 (arch.
983 2082 1018 2135 1,
1034 2081 1100 2122 80.
1117 2084 1161 2122 fr.
1178 2080 1234 2135 3).
1264 2083 1525 2134 disputatione
1540 2083 1660 2133 igitur
1675 2087 1808 2121 nostra

279 2151 318 2190 id
346 2152 514 2190 euicisse
542 2150 655 2189 nohis
678 2149 862 2189 uidemur
882 2149 924 2194 Q.
946 2149 1098 2188 Aelium
1120 2148 1368 2188 Tuberonem
1390 2161 1454 2187 eas
1481 2148 1664 2186 historias
1686 2148 1807 2199 scrip-

280 2219 378 2256 sisse
400 2229 563 2267 eamque
585 2217 710 2267 ipsam
731 2215 778 2255 ob
800 2227 957 2254 causam
978 2227 1217 2266 praenomen
1239 2216 1428 2253 omissum
1449 2226 1548 2264 esse,
1575 2211 1676 2264 quod
1699 2212 1808 2252 dubi-

280 2282 387 2321 tandi
415 2294 531 2321 eausa
559 2294 636 2320 non
665 2276 797 2335 erat.2)

368 2347 422 2385 De
448 2347 684 2385 historiae
712 2346 933 2385 Tuberonis
960 2358 1133 2396 genere
1160 2345 1281 2384 multa
1309 2344 1441 2383 Soitau
1465 2341 1524 2397 (in
1547 2343 1643 2394 disp.
1666 2344 1809 2382 Macer

280 2426 316 2452 u.
349 2413 521 2462 Tubero,
553 2411 632 2451 uid.
654 2424 688 2463 p.
708 2420 823 2450 CCCL
851 2417 888 2450 et
912 2412 1051 2451 Livius
1077 2424 1112 2463 p.
1132 2407 1375 2450 105—116.
1397 2407 1494 2449 211.
1521 2406 1687 2462 passim)
1720 2421 1809 2460 pro-

280 2480 421 2529 posuit,
442 2479 610 2516 maxime
632 2477 677 2516 de
700 2479 863 2528 ratione,
885 2489 984 2528 quae
1007 2479 1110 2516 inter
1131 2489 1220 2515 eum
1243 2481 1280 2514 et
1307 2475 1480 2514 Macrum
1501 2475 1808 2527 intercessisset3

279 2543 390 2582 illum
418 2544 521 2581 enim
548 2549 591 2582 ut
613 2542 843 2581 Ciceronem
871 2542 1071 2582 moderate
1100 2548 1137 2581 et
1164 2542 1408 2593 optimatium
1436 2552 1595 2579 causam
1622 2541 1749 2590 egisse
1771 2545 1809 2578 et

377 2665 409 2708 1)
439 2667 568 2707 1‚7,3,
595 2663 659 2698 ubi
686 2663 828 2707 Aelios,
863 2663 1018 2705 Gellios,
1053 2662 1270 2707 Calpurnios
1302 2660 1503 2705 Dionysius
1537 2662 1706 2695 auctores
1738 2660 1809 2695 sibi

280 2717 393 2751 fuisse
413 2717 619 2761 profitetur,
646 2716 812 2762 singulos
839 2716 987 2751 illorum
1008 2716 1197 2751 nominum
1220 2715 1417 2759 scriptores
1439 2713 1710 2759 intellegendos
1731 2724 1810 2748 esse

280 2771 355 2804 iam
382 2769 588 2805 identidem
615 2771 835 2805 monuimus.

375 2826 409 2868 2)
436 2823 552 2857 Filius
567 2823 645 2858 eius
662 2824 733 2858 fuit
749 2823 788 2865 Q.
805 2824 932 2858 Aelius
947 2824 1093 2858 Tubero
1120 2834 1192 2857 cos.
1205 2834 1237 2856 a.
1255 2826 1308 2856 11.
1332 2825 1409 2856 743.
1437 2821 1513 2855 uid.
1529 2820 1683 2855 Rohden
1700 2821 1746 2855 R.
1761 2821 1808 2854 E.

280 2877 295 2910 I
316 2889 345 2911 c.
362 2881 440 2910 538.
