2002 3342
345 213 453 243 exn*
680 198 743 233 DE
773 197 1079 233 SCRIPTORVM
1105 196 1230 231 VITIS
1257 197 1317 231 ET
1346 195 1553 232 SCRIPTIS

345 324 421 349 uua
456 323 544 349 cum
572 309 689 348 Fabio
723 308 897 347 laudauit
930 314 1045 359 atque
1076 307 1110 359 1,
1139 306 1177 359 6,
1204 307 1232 346 4
1265 309 1404 347 borum
1440 310 1576 347 aetatis
1602 308 1883 349 Hannibalicae

347 378 586 427 scriptorum
609 374 847 413 simillimam
870 373 1041 412 indolem
1061 373 1241 424 pluribus
1264 375 1315 412 ita
1337 375 1517 424 exposuit
1538 370 1604 427 (cf.
1622 387 1651 412 5.
1667 371 1884 429 1111111111),

345 448 384 479 ut
413 441 641 492 Dionysium
674 441 751 478 nisi
784 439 983 478 hominem
1016 452 1161 477 uanum
1196 445 1234 477 et
1267 438 1496 477 mendacem
1530 439 1651 478 fuisse
1686 446 1751 478 aut
1778 452 1883 478 com-

347 507 530 545 menticia
558 512 595 544 et
623 506 712 543 ficta
740 505 947 555 scripsisse
976 509 1135 554 statuas,
1163 506 1268 555 ipsos
1291 504 1451 543 annales
1477 504 1624 543 Graece
1646 507 1886 556 compositos

347 579 435 610 ante
464 570 597 610 oculos
622 569 808 608 habuisse
836 582 998 608 necesse
1027 571 1087 608 sit.
1136 569 1258 607 nihilo
1287 571 1410 608 setius
1437 570 1654 608 Mommsen
1683 568 1885 623 (Chronol.

348 650 382 688 p.
413 634 508 676 1:35.
539 633 634 675 191.
663 632 760 673 318.
789 635 836 673 cf.
864 634 961 673 Hist.
989 635 1098 673 Rom.
1127 630 1160 672 19
1187 647 1221 686 p.
1252 631 1356 688 925)
1392 641 1429 673 et
1461 635 1598 674 Pluess
1629 631 1744 688 (Mus.
1771 635 1884 676 Helu.

346 716 382 754 p.
410 699 466 741 46
502 708 540 740 et
572 701 764 739 Fleckeis.
792 700 917 738 annal.
948 700 1029 738 CIII
1057 713 1092 750 p.
1115 697 1201 738 290
1218 696 1294 752 sq.)
1328 712 1376 738 ne
1410 700 1506 739 haec
1539 700 1697 752 quidem
1735 702 1888 740 ueteris

346 768 453 806 illius
481 766 607 805 Cincii
634 767 759 817 ipsius
786 767 1012 804 testimonia
1041 777 1126 803 esse
1155 766 1494 804 existumauerunt
1527 765 1595 804 sed
1628 767 1887 817 grammatici,

348 834 415 883 qui
447 833 586 884 proaui
619 831 779 870 annales
813 832 895 870 suis
929 830 1206 869 additamentis
1239 830 1343 869 haud
1383 832 1535 882 exiguis
1568 837 1702 870 auctos
1737 844 1886 883 suaque

349 898 526 937 doctrina
564 897 794 935 inlustratos
835 901 871 934 et
912 897 951 934 in
991 896 1173 934 Latinum
1213 908 1435 934 sermonem
1469 908 1609 935 uersos
1643 896 1769 935 denuo
1803 896 1886 936 edi-

350 960 526 1017 dissetl)
580 963 802 1002 elicuerunt
834 962 935 1000 hanc
970 962 1207 1000 sententiam
1241 973 1287 1000 ex
1323 961 1448 1000 Cincii
1485 974 1586 1000 anno
1622 961 1733 1000 urbis
1766 962 1886 1001 natali

349 1027 414 1081 (fr.
441 1025 508 1082 4),
545 1041 661 1080 quem
694 1029 746 1066 ita
781 1026 977 1078 explicare
1011 1026 1266 1077 studuerunt,
1304 1032 1348 1065 ut
1384 1026 1430 1065 ad
1463 1027 1627 1078 Augusti
1662 1034 1887 1079 temporum

349 1095 540 1133 rationem
581 1094 777 1132 referrent
815 1092 1010 1142 huiusque
1051 1093 1172 1142 gratia
1211 1104 1299 1130 eum
1334 1093 1596 1143 excogitatum
1631 1105 1716 1131 esse
1750 1105 1888 1131 cense-

350 1155 491 1213 1·ent..2)
543 1171 613 1210 ego
652 1164 783 1197 tamen
817 1158 914 1196 1111111
953 1157 1192 1208 persuadere
1222 1169 1300 1195 non
1327 1170 1487 1208 possum
1522 1157 1749 1209 Dionysium
1782 1157 1887 1196 Hali-

352 1236 649 1275 carnasensem,
683 1225 749 1274 qui
776 1235 806 1261 a.
832 1220 868 1261 7.
892 1220 972 1260 747
1004 1222 1313 1273 archaeologiam
1347 1224 1387 1261 in
1419 1222 1621 1274 publicum
1656 1223 1794 1275 edidit,
1834 1225 1888 1262 ita

350 1303 428 1329 non
462 1302 621 1328 manum
656 1290 740 1327 eius
775 1289 841 1339 qui
877 1288 1006 1339 paullo
1045 1294 1132 1326 ante
1167 1300 1265 1338 opus
1293 1300 1419 1338 51111111,
1453 1290 1679 1339 agnouisse,
1711 1294 1754 1328 ut.
1788 1301 1888 1340 quae

351 1356 486 1394 Latine
515 1356 661 1406 scripta
689 1354 857 1405 legeret,
890 1365 961 1404 pro
988 1353 1174 1391 Alimenti
1201 1354 1459 1404 testimoniis,
1487 1366 1603 1404 quem
1632 1353 1778 1393 Graeco
1807 1367 1888 1393 ser-

351 1433 467 1460 mone
494 1432 610 1459 usum
637 1431 724 1458 esse
751 1420 836 1470 ipse
865 1418 1054 1469 adfirmat,
1082 1418 1255 1457 haberet.
1302 1420 1358 1457 516
1385 1424 1451 1457 aut
1476 1419 1685 1470 Dionysius
1712 1432 1887 1458 summae

351 1486 524 1525 leuitatis
552 1491 618 1524 aut
638 1484 798 1523 Cincius
827 1485 1070 1535 antiquarius
1098 1483 1249 1523 fraudis
1278 1491 1411 1523 essent
1431 1481 1696 1539 accusandiss)
1747 1484 1890 1523 deinde

351 1551 568 1590 Mommsen
597 1556 634 1589 et
660 1550 798 1589 Pluess
826 1551 1006 1601 quamuis
1041 1551 1138 1588 scite
1172 1555 1287 1600 atque
1322 1555 1433 1588 acute
1469 1550 1514 1588 de
1549 1563 1682 1600 causa,
1722 1563 1793 1589 cur
1824 1551 1889 1589 1116

353 1628 477 1655 31111115
517 1615 627 1655 urbis
666 1615 805 1653 natalis
839 1628 858 1653 a
892 1615 1026 1653 Cincio
1067 1617 1287 1666 antiquario
1326 1616 1440 1654 fictus
1481 1622 1600 1665 65561,
1642 1616 1894 1667 disputarint,

353 1689 484 1721 tamen
512 1681 558 1720 ab
587 1694 630 1720 ea
658 1682 842 1732 opinione
870 1681 1037 1732 profecti
1064 1686 1171 1727 sunt,
1202 1687 1245 1719 ut
1272 1680 1397 1719 Cincii
1424 1682 1657 1720 recentioris
1685 1694 1773 1720 eum
1802 1694 1892 1722 esse

352 1752 546 1799 ponerent
577 1746 902 1797 Dionysiumque,
942 1747 1054 1784 cuius
1087 1745 1221 1784 uerbis
1255 1747 1340 1784 sine
1377 1745 1494 1785 dubio
1521 1745 1563 1791 Q.
1586 1746 1695 1785 Fabii
1721 1747 1893 1788 Pictoris

356 1812 529 1864 aequalis
559 1811 715 1863 (11611111,
742 1817 807 1850 3111
835 1811 974 1850 salsum
1003 1824 1088 1850 esse
1116 1817 1181 1850 aut,
1209 1811 1341 1850 fallere
1368 1811 1553 1862 uoluisse,
1581 1824 1707 1863 neque
1735 1818 1890 1852 struxe-

354 1884 447 1917 runt
479 1877 748 1927 fundamenta,
788 1876 931 1928 quibus
965 1878 1159 1915 sententia
1193 1876 1256 1915 illa
1290 1876 1486 1915 fulcienda
1520 1883 1613 1915 erat.
1665 1890 1754 1916 nam
1788 1879 1893 1930 apud

354 1944 583 1994 Dionysium
609 1942 736 1981 Cincii
764 1943 997 1981 recentioris
1024 1955 1095 1981 nos
1116 1942 1390 1992 uerbalegere
1413 1948 1553 1980 neuter
1573 1948 1685 1981 antea
1707 1944 1892 1983 ostendit.

453 2066 485 2108 1)
514 2063 615 2105 Quae
647 2063 726 2097 eius
758 2062 811 2097 rei
844 2062 1013 2107 exempla
1048 2063 1168 2097 adfert
1199 2062 1328 2096 Pluess
1362 2063 1427 2107 (De
1461 2062 1558 2097 Cinc.
1586 2074 1622 2107 p.
1643 2067 1688 2098 43
1704 2075 1755 2108 sq.
1794 2064 1892 2099 Mus-

355 2118 463 2152 Helu.
491 2130 526 2162 p.
547 2119 605 2161 47)
640 2116 803 2159 Claudii,
837 2116 960 2158 Fabii,
993 2116 1174 2150 Postumii
1207 2116 1314 2150 aliter
1345 2118 1560 2161 comparata
1593 2119 1657 2151 aut
1689 2117 1891 2152 admodum

357 2172 470 2205 dubia
496 2173 592 2205 sunt.

453 2227 486 2269 2)
514 2225 567 2258 De
588 2224 658 2258 hac
678 2235 716 2258 re
738 2223 923 2258 consentit
937 2222 1065 2257 Pluess
1086 2233 1168 2257 cum
1184 2223 1424 2265 Mommseno,
1446 2224 1532 2258 dein
1552 2234 1640 2258 uero
1660 2224 1725 2258 ubi
1746 2225 1793 2258 ad
1813 2235 1892 2259 rem

357 2278 567 2312 accuratius
601 2277 850 2311 definiendam
881 2277 1020 2322 pergit,
1057 2276 1103 2310 ab
1136 2288 1177 2311 60
1212 2276 1391 2311 discessit.
1438 2277 1502 2311 sed
1534 2277 1573 2310 in
1600 2277 1667 2311 has
1694 2289 1751 2311 res
1779 2277 1896 2312 altius.

357 2331 545 2375 inquirere
576 2342 674 2365 nunc
708 2331 871 2364 alienum
905 2332 971 2364 est.
1017 2329 1127 2364 aliter
1160 2331 1223 2364 sed
1250 2341 1323 2364 non
1349 2330 1470 2375 magis
1496 2330 1726 2366 credibiliter
1752 2341 1891 2365 annum

358 2384 576 2419 Cincianum
602 2384 754 2418 Trieber
778 2383 916 2427 (Herm.
937 2383 1073 2418 XXVII
1099 2395 1134 2428 p.
1157 2388 1221 2417 321
1240 2386 1334 2428 sqq.)
1361 2383 1550 2427 explicuit.

455 2439 488 2481 3)
515 2437 643 2471 Pluess
670 2437 723 2471 De
751 2436 850 2471 Cinc.
877 2449 913 2481 p.
936 2440 978 2471 35
1007 2448 1120 2482 agens
1149 2438 1192 2470 de
1218 2448 1313 2471 anno
1333 2437 1436 2470 urbis
1456 2436 1573 2470 natali
1593 2439 1705 2481 negat
1726 2437 1790 2471 ille
1811 2438 1895 2481 qui-

359 2491 443 2525 dem
476 2490 555 2525 eius
587 2490 689 2525 modi
722 2493 915 2535 computos
941 2490 980 2524 in
1012 2490 1048 2524 L.
1077 2490 1244 2525 Cincium
1277 2489 1504 2524 Alimentum
1540 2490 1691 2534 eiusque
1729 2493 1892 2525 aetatem

359 2544 502 2587 cadere,
531 2544 595 2578 sed
622 2543 792 2577 concedit
812 2544 1033 2588 Dionysium
1060 2544 1104 2578 de
1131 2546 1255 2578 uetere
1276 2543 1400 2578 Cincio
1425 2543 1539 2587 loqui,
1566 2543 1604 2577 id
1626 2544 1725 2587 quod
1751 2544 1892 2588 ordine,

360 2609 431 2641 quo
453 2596 613 2639 Cincius,
641 2597 790 2640 Fabius,
817 2597 882 2631 alii
903 2597 946 2631 de
968 2598 1036 2631 hac
1056 2608 1094 2631 re
1116 2598 1282 2630 auctores
1308 2599 1625 2641 percenserentur,
1655 2598 1746 2631 satis
1768 2597 1891 2631 decla—

358 2654 481 2685 ratum
526 2650 584 2684 sit.
648 2652 777 2684 contra
815 2650 940 2685 Cincio
979 2650 1035 2684 1111
1079 2649 1273 2684 recentiori
1315 2650 1488 2694 inputare
1530 2650 1700 2684 fraudem
1743 2651 1897 2685 uidetur·

359 2705 576 2748 Mommsen,
604 2704 667 2748 qui
687 2704 725 2737 in
751 2704 786 2737 h.
808 2704 913 2738 Rom.
934 2704 957 2738 1.
979 2715 1004 2737 s.
1032 2704 1123 2738 haec
1145 2703 1354 2737 adnotauit:
1382 2704 1462 2738 Das
1482 2704 1560 2738 dem
1581 2705 1625 2738 L.
1642 2704 1791 2738 Cincius
1810 2704 1890 2738 Ali-

359 2762 517 2800 mentus,
552 2759 665 2792 ez‘nem
697 2758 949 2802 Zcityenossen
975 2758 1035 2791 (les
1060 2758 1203 2791 Fabius
1235 2757 1435 2802 beiyeleyte,
1475 2757 1648 2799 ebeozfcdls
1679 2758 1894 2802 yriecln'sche

364 2811 662 2847 Geschichtsmrk
693 2811 830 2846 scheint
861 2811 1157 2856 unteryeschoben
1190 2811 1267 2844 und
1299 2811 1357 2844 cin
1384 2810 1592 2845 Mac-lucere
1625 2821 1692 2845 aus
1723 2815 1892 2856 auyuste-

359 2866 472 2900 1661161·
498 2865 586 2899 Zeit.
