2002 3342
1582 203 1672 245 vu*

141 309 333 350 ultimam
366 308 520 349 lineam
554 307 817 348 conficiendi.
855 306 914 348 At
945 321 1060 349 mors
1093 308 1245 349 ultima
1275 308 1388 349 linea
1420 324 1560 350 rerum
1590 314 1670 365 est,

142 380 214 433 qui
241 393 334 420 eum
363 379 457 420 aliis
483 382 574 420 tum
604 379 786 420 maxime
813 378 895 419 sibi
921 379 1012 432 ipse
1038 380 1246 433 imperare
1274 379 1492 433 didicerat,
1521 381 1671 422 maiori

141 451 277 504 cessit,
303 451 476 504 reliquit
501 450 648 491 amicis
676 453 802 504 atque
828 449 940 490 filiae
968 450 1139 490 ultimas
1166 450 1359 505 plagulas
1387 451 1671 492 emendandas

140 524 181 562 et
207 520 366 561 indices
392 521 668 562 renouandos.
709 520 789 570 Qui
819 535 990 574 operam
1015 521 1198 562 libenter
1220 524 1461 575 susceptam
1482 525 1530 563 ut
1553 525 1671 575 pote-

140 594 235 632 rant
271 592 545 646 praestabant
583 592 722 633 dubiis
760 593 804 632 in
842 592 969 633 rebus
1014 591 1312 633 auctoritatem
1359 593 1475 634 unici
1519 593 1669 634 arbitri

139 662 287 703 acerbe
315 662 611 705 desiderantes.

1501 722 1543 764 C.
1572 722 1609 764 S.

232 1321 403 1356 Adnexui
428 1320 579 1356 breuem
600 1332 725 1356 earum
753 1321 957 1356 editionum
983 1324 1230 1366 conspectum,
1259 1323 1393 1367 quibus
1420 1324 1458 1357 in
1479 1335 1670 1360 recensen-

137 1381 194 1415 dis
220 1380 439 1426 fragmentis
471 1392 559 1415 usus
587 1392 684 1424 sum,
718 1381 748 1415 si
780 1381 887 1425 plura
914 1382 1079 1416 eiusdem
1111 1382 1273 1417 auctoris
1299 1383 1532 1427 maximeque
1559 1384 1589 1418 si
1621 1384 1669 1418 ad

135 1440 250 1474 uerba
280 1440 420 1474 tradita
445 1442 592 1484 recepta
625 1442 728 1483 sunt,
761 1441 825 1475 sed
852 1441 964 1475 etiam
991 1441 1036 1476 de
1064 1441 1194 1476 ceteris
1222 1442 1363 1486 optima
1389 1453 1558 1487 quaeque
1585 1443 1668 1477 sub-

136 1499 233 1534 sidia
260 1499 415 1534 adhibui
442 1501 489 1542 et,
518 1499 547 1533 si
573 1511 665 1544 opus
691 1501 780 1543 erat,
808 1501 969 1534 enotaui.
1010 1504 1094 1534 sunt
1118 1501 1236 1545 igitur
1261 1501 1365 1536 illae:

231 1558 429 1603 Appiani
456 1558 570 1593 editio
591 1558 932 1604 Schweighaeuseri
958 1562 1089 1605 (1785),
1115 1560 1141 1594 Ι.
1164 1560 1323 1595 Bekkeri
1350 1564 1481 1606 (1852),
1508 1561 1545 1596 L.
1566 1562 1667 1596 Men-

136 1618 338 1652 delssohnii
363 1621 481 1663 (1879.
510 1620 626 1662 1881).

229 1677 420 1712 Arnobii
447 1678 502 1712 ed.
523 1676 821 1712 Reifferscheidii
846 1680 979 1723 (1874),
1006 1679 1106 1723 apud
1133 1690 1242 1723 quem
1267 1678 1377 1713 unius
1401 1680 1546 1724 antiqui
1567 1680 1667 1715 eodi-

135 1737 186 1771 cis
213 1736 459 1782 (Parisiensis)
486 1736 634 1770 collatio
662 1739 775 1771 extat.

230 1796 414 1839 Asconii
446 1797 530 1840 post
556 1797 598 1830 A.
626 1796 843 1842 Kiesslingii
874 1798 911 1831 et
943 1797 985 1832 R.
1008 1796 1185 1833 Schoellii
1219 1798 1274 1832 ed.
1303 1801 1422 1843 (1875)
1458 1799 1570 1833 etiam
1597 1799 1665 1834 Th.

135 1855 296 1900 Stanglii
323 1855 379 1889 ed.
401 1857 538 1900 (1912),
570 1855 608 1888 in
635 1865 708 1899 qua
734 1855 807 1889 tria
834 1855 1047 1901 apographa
1074 1856 1212 1891 codicis
1240 1857 1511 1901 Sangallensis‚
1539 1869 1664 1893 emen-

135 1914 279 1948 datiora
298 1914 431 1960 Poggii
451 1914 504 1960 (P,
530 1915 775 1960 Matritense),
802 1915 1077 1950 Bartholomaei
1098 1917 1143 1951 de
1164 1916 1464 1961 Montepulsiano
1485 1917 1547 1962 (M,
1569 1917 1665 1951 Lau-

133 1973 368 2016 rentianum),
396 1974 517 2018 ipsum
544 1974 737 2009 Sozomeni
763 1974 810 2019 (S,
838 1974 1056 2020 Pistoiense)
1084 1975 1285 2021 diligenter
1310 1977 1464 2010 enotata
1490 1978 1586 2010 sunt.

229 2032 463 2067 Censorini
491 2033 547 2068 ed.
576 2033 616 2068 O.
636 2033 764 2068 Jahnii
791 2036 910 2079 (1845)
946 2037 983 2069 et
1010 2035 1064 2070 Fr.
1089 2035 1277 2070 Hultsehii
1304 2035 1441 2080 (1865)',
1476 2047 1497 2070 a
1529 2036 1665 2080 quibus

135 2093 299 2127 adiectas
320 2093 542 2137 optimorum
564 2092 742 2127 librorum
763 2093 1033 2139 discrepantias
1053 2094 1274 2139 (Darmstad.
1298 2097 1335 2129 et
1355 2095 1490 2140 Vatie.)
1518 2097 1668 2130 mutua-

133 2154 190 2186 tus
218 2163 310 2187 sum.

229 2211 427 2246 Charisii
447 2211 503 2246 ed,
526 2211 569 2246 H.
585 2211 697 2246 Keilii
718 2224 801 2247 cum
820 2214 901 2248 tota
921 2213 1000 2248 cod.
1015 2213 1255 2258 Neapolitani
1276 2214 1526 2258 discrepantia
1546 2216 1666 2258 (1857)

132 2270 171 2304 in
206 2270 284 2304 eius
321 2269 582 2305 Grammaticis
617 2271 759 2306 Latinis
793 2272 810 2306 I
843 2284 877 2317 p.
908 2277 1056 2307 1—296
1096 2277 1192 2319 (cum
1231 2274 1412 2318 excerptis
1446 2273 1665 2308 Cauohianis

133 2342 166 2374 p.
190 2333 256 2363 607
273 2331 378 2374 sqq)

229 2387 459 2424 Ciceronis
487 2389 544 2424 ed.
565 2389 683 2424 altera
710 2389 839 2425 Orellii
866 2393 903 2426 et
928 2391 1175 2426 bibliothecae
1202 2392 1495 2428 Teubnerianae.

227 2447 461 2483 Diomedis
488 2449 544 2483 ed.
565 2449 609 2483 H.
631 2449 746 2484 Keilii
771 2450 809 2484 in
829 2449 990 2486 Gramm.
1012 2451 1092 2486 Lat.
1115 2452 1129 2485 Ι
1148 2463 1183 2496 p.
1206 2456 1395 2486 297—529
1424 2463 1507 2486 cum
1528 2451 1665 2486 discre-

131 2507 272 2551 pantiis
299 2507 378 2542 cod.
399 2507 512 2543 Paris.
533 2509 565 2542 A
590 2511 680 2543 7494
707 2510 744 2543 et
769 2509 797 2543 B
819 2513 921 2552 7493,
948 2510 1094 2545 Monac.
1117 2511 1165 2544 M.

227 2566 437 2611 Dionysii
450 2567 850 2603 Halicarnasensis
866 2570 1148 2615 archaeologiae
1164 2571 1220 2605 ed.
1236 2570 1381 2604 Reiskii
1397 2572 1528 2615 (1775),
1544 2570 1665 2604 Kiess-

131 2624 239 2670 lingii
266 2629 540 2671 (1860-1870),
569 2627 604 2662 C.
626 2627 776 2672 Iacobyi
801 2630 1077 2675 (1885—1905),
1104 2642 1147 2664 ex
1173 2631 1308 2674 quibus
1335 2631 1498 2674 potiores
1527 2631 1663 2665 discre-

130 2685 279 2728 pantias
305 2687 348 2718 ut
373 2685 558 2730 scriptoris
585 2685 718 2721 Graeci
743 2687 920 2722 librorum
946 2689 1042 2723 I—-X
1069 2689 1254 2734 (codicum
1281 2689 1446 2724 Chisiani
1473 2694 1528 2732 58,
1556 2690 1664 2724 Vrbi-

131 2743 230 2777 natis
259 2747 337 2787 105,
364 2742 596 2788 Coisliniani,
623 2746 824 2791 Regimum
850 2747 1102 2782 Parisinorum
1133 2753 1234 2783 1654
1258 2753 1366 2793 1655,
1393 2749 1561 2783 Vaticani
1584 2754 1662 2791 133,

131 2801 323 2837 Vrbinatis
345 2806 438 2847 106),
465 2805 615 2848 sumpsi,
641 2805 681 2839 in
706 2805 811 2840 libris
831 2806 925 2841 XI—
930 2807 995 2841 XX
1021 2809 1167 2852 praetei
1192 2808 1258 2842 hos
1279 2808 1461 2852 excerptis
1483 2808 1660 2843 Constan-

131 2860 201 2895 tini
226 2873 324 2896 nuno
350 2863 471 2898 denuo
498 2864 608 2898 editis
634 2876 733 2899 usus.
