2002 3342
656 178 693 212 P.
715 177 937 212 RVTILIVS
964 177 1121 212 RVFVS
1514 191 1651 221 CCLXI

123 290 208 327 ueri
237 288 365 327 simile
399 285 507 341 est.¹)
536 289 651 326 etiam
687 287 816 326 ‘fraus
849 288 916 326 Cn.
938 287 1120 339 Pompei'
1150 288 1354 327 Strabonis
1385 285 1485 342 (per.
1510 285 1583 342 79)
1619 295 1655 327 et

121 355 297 404 crimina,
325 365 423 404 quae
451 367 471 392 a
496 353 610 391 Floro
643 349 702 407 (3,
726 350 791 404 18,
817 349 888 406 14)
917 359 955 391 et
981 352 1120 391 Orosio
1147 351 1207 407 (5,
1232 351 1296 405 18,
1321 351 1372 393 18
1396 350 1499 407 sqq.)
1527 355 1563 392 ei
1590 366 1654 392 ex-

119 417 369 470 probrantur,
396 420 567 469 itemque
595 431 693 469 quae
720 417 840 456 Mario
869 414 936 471 (cs.
965 417 1050 456 adn.
1080 418 1137 457 ad.
1166 420 1210 458 fr.
1231 415 1296 472 4),
1330 418 1465 457 eodem
1495 418 1654 467 ducunt,

121 483 188 522 sed
217 483 263 522 de
291 484 452 534 ratione,
480 496 555 534 qua
583 483 647 521 illo
675 496 770 522 usus
797 484 859 534 sit,
886 482 1076 522 iudicium
1105 480 1317 536 cohibeo.2)

216 612 248 654 1)
275 610 356 643 Vid.
378 609 511 643 Nissen
547 610 753 644 Untersuch.
775 621 808 653 p.
831 613 871 642 41
902 620 954 652 sq.
983 608 1111 643 Busolt
1138 609 1159 642 l.
1183 621 1208 643 s.
1230 622 1264 653 p.
1287 613 1365 643 345.

215 666 249 707 ⁶2)
276 663 330 697 De
357 663 576 707 fragmentis
603 662 705 696 uitae
732 662 898 704 Latinae,
931 673 1026 705 quae
1053 663 1099 696 ab
1127 662 1267 697 eisdem
1299 664 1553 707 grammaticis
1579 666 1653 698 tra-

121 716 200 751 dita
220 718 306 751 sunt
326 727 347 750 a
368 716 502 760 quibus
524 715 664 757 Scauri,
685 715 761 749 iam
782 727 808 750 s.
823 727 975 759 p.ccm11
997 715 1067 760 egi.
1090 717 1236 751 aceedit
1256 728 1369 750 unum
1390 716 1532 758 Isidori,
1555 717 1653 761 quod

120 772 334 815 corruptum
361 770 407 804 ab
427 768 589 803 Areualo
609 769 823 803 restitutum
844 770 906 809 est,
936 769 1008 802 nisi
1029 770 1128 812 quod
1149 780 1344 814 perperam
1364 781 1407 804 ex
1428 771 1651 815 quibusdam

120 823 308 857 codicibus
341 834 407 867 pro
440 824 521 857 uita
552 834 621 857 sua
652 821 793 866 recepit
825 823 905 856 uita
941 821 1141 866 Scipionis,
1174 823 1273 867 quod
1306 834 1441 857 nomen
1473 835 1515 858 ex
1546 834 1652 867 argu-

119 878 243 911 mento
270 876 312 911 fr.
333 876 539 920 inrepserat
560 875 647 919 (uid.
671 876 754 909 adn.
777 875 823 909 ad
851 875 893 910 fr.
918 878 985 919 13),
1007 897 1049 900 -
1072 876 1100 910 E
1129 876 1265 910 Granio
1286 876 1497 921 fragmenta
1518 887 1653 921 augere

119 930 231 964 nolui.
264 940 351 963 nam
378 929 477 973 quod
504 928 687 963 Flemisch
716 930 929 963 contextum
956 940 1062 963 suum
1094 930 1148 964 ita
1173 929 1367 964 incohauit
1393 929 1559 964 Rutilius
1587 941 1653 965 me—

120 987 246 1025 morat,
278 982 316 1016 in
348 981 592 1026 palimpsesto
628 984 775 1016 exstant
806 982 955 1017 litberae
994 982 1194 1017 RTILIVM
1294 982 1383 1016 SAT
1421 994 1541 1026 neque
1581 994 1651 1026 quo

120 1035 249 1069 Rutilii
274 1034 530 1069 testimonium
556 1035 744 1079 pertineat
769 1035 960 1070 habemus.
994 1035 1061 1081 (De
1088 1035 1229 1069 Rutilio
1256 1035 1329 1069 iam
1358 1035 1525 1070 Camozzi
1552 1035 1652 1080 cogi-

118 1090 289 1132 tanei-at.)
