2002 3342
743 199 791 233 M.
814 198 1016 234 PORCIVS
1044 198 1166 233 CATO
1604 211 1716 241 CLIII

185 320 222 352 et
241 316 380 362 prima
407 315 496 351 luce
523 315 613 350 acie
640 314 841 349 instructa
863 311 936 348 sub
958 312 1085 358 ipsum
1110 311 1257 348 uallum
1280 316 1361 347 tres
1382 310 1566 347 cohortes
1586 312 1718 349 mittit.

185 381 380 417 mirantes
412 379 582 417 barbari
614 378 664 415 ab
698 383 810 424 {erqo
845 378 1084 424 apparuisse
1117 375 1341 412 Romanum
1375 375 1610 412 discurrere
1642 377 1721 423 ipsi

187 444 243 481 ad
273 454 388 481 arma
421 444 484 489 (=
506 443 598 480 Cato
626 447 720 480 orat.
748 441 794 479 fr.
820 438 891 489 15,
918 452 953 490 p.
975 437 1047 477 35:
1089 440 1303 487 Postquam
1342 441 1558 487 auspicaui
1598 445 1721 487 atque

187 511 412 546 aserenam
441 509 599 545 addam
618 519 727 555 poue
756 518 898 544 uersus
924 512 1063 544 castra
1089 507 1292 552 hostium),
1326 504 1409 542 Liu.
1436 502 1500 553 14,
1524 501 1565 542 ’ῖς
1606 504 1724 550 Quod

189 575 257 611 ubi
283 575 423 611 consul
449 574 568 619 uidit,
597 574 700 610 duas
726 569 910 610 cohortes
937 572 1114 609 delectus
1141 572 1190 608 ab
1219 572 1364 608 (161110
1392 572 1520 608 latere
1546 571 1719 608 hostium

187 639 443 676 circumduci
478 639 587 676 iubet
622 643 659 676 et
695 638 745 675 ab
783 642 896 684 tei-(so
931 648 974 674 se
1012 637 1223 674 ostendere
1257 632 1319 687 (=
1342 636 1421 672 1131.
1449 640 1543 673 0131.
1572 634 1616 672 l'r.
1647 633 1721 673 115:

188 704 356 742 Nostros
374 715 484 752 pone
510 714 654 741 uersus
678 703 828 740 hos-teis
854 714 938 740 esse
965 702 1014 739 ab
1043 702 1191 739 dea-tra
1210 702 1367 750 parte).
1389 722 1444 726 —
1472 699 1554 737 Liu.
1584 697 1648 750 19,
1678 698 1722 738 l:

188 768 410 818 Difficilius
436 769 579 806 bellum
605 770 644 806 in
674 767 923 806 Turdetania
940 769 1132 817 praetori
1159 766 1200 803 P.
1223 765 1378 803 Manlio
1406 766 1594 803 Celtiberi
1620 777 1723 804 mer-

189 835 288 872 cede
313 836 440 872 efrce'ti
466 835 516 871 ab
542 834 738 879 hostibus,
770 835 877 870 sicut
903 838 998 870 ame
1023 833 1173 870 dictum
1207 836 1282 878 est,
1317 830 1540 879 faciebam.
1586 833 1727 879 itaque

189 910 234 937 eo
261 901 402 937 consul
427 901 650 937 accersitus
676 900 823 936 litteris
845 899 1058 946 praetoris
1087 899 1264 944 leyiones
1291 897 1409 934 ducit
1436 896 1498 941 (=
1521 896 1600 933 Cat.
1628 900 1724 933 orat.

191 964 236 1001 l'r.
255 961 324 1002 18:
352 965 497 1012 Imque
509 974 639 1013 porro
662 966 701 1001 iu
723 963 886 1001 Turtam
898 964 1146 1011 proficiscor
1165 966 1372 999 seruatum
1389 963 1487 999 illos.
1524 957 1594 998 19:
1622 961 1728 999 Inde

181 1040 315 1078 peryo
333 1041 464 1078 porro
491 1032 553 1067 ire
580 1031 619 1067 in
654 1029 847 1075 Turtam).

279 1094 473 1139 Quoniam
500 1106 595 1132 uero
622 1105 721 1144 quae
749 1092 863 1131 modo
886 1091 1169 1142 adscripsimus
1192 1092 1408 1141 fragmenta
1430 1096 1613 1141 excerpta
1634 1096 1726 1129 sunt

191 1171 236 1197 ex
272 1158 424 1198 dierum
460 1159 651 1197 dictarum
686 1158 732 1197 de
772 1157 976 1196 consulatu
1016 1156 1144 1206 libris,
1186 1156 1296 1194 l'acile
1332 1155 1423 1194 inde
1457 1155 1614 1194 Liuium
1646 1167 1725 1193 non

192 1224 410 1275 originibus
438 1224 507 1263 sed
534 1224 642 1262 hisce
670 1222 914 1262 orationibus
941 1235 1057 1261 usum
1085 1234 1172 1260 esse
1200 1222 1426 1272 suspiceris.
1473 1233 1568 1259 caue
1595 1226 1727 1259 tamen

190 1288 265 1327 1106
291 1289 551 1328 confidentius
577 1301 664 1328 cum
688 1288 870 1327 Nissenio
892 1284 946 1340 (p.
969 1284 1044 1330 38)
1073 1286 1267 1325 adfirmes.
1307 1287 1374 1324 uix
1395 1287 1500 1324 enim
1522 1285 1618 1324 mihi
1638 1298 1727 1337 per-

193 1353 359 1393 suadere
386 1367 565 1405 possum,
592 1354 766 1405 Liuium,
796 1366 885 1392 cum
912 1365 1048 1391 01111165
1077 1364 1139 1390 165
1168 1364 1187 1390 3
1215 1351 1360 1390 Catone
1388 1357 1517 1402 gestas
1544 1351 1730 1390 collectas

193 1426 231 1458 et
259 1419 467 1471 dispositas
494 1421 533 1458 in
561 1419 779 1470 originibus
805 1418 972 1468 uideret,
999 1419 1129 1469 ipsum
1156 1429 1255 1468 quae
1283 1429 1380 1468 opus
1408 1422 1531 1467 erant,
1568 1429 1615 1455 ex
1642 1429 1728 1455 ora-

194 1484 366 1524 tionibus
399 1484 591 1523 laboriose
625 1486 858 1536 conquirere
891 1483 1096 1533 maluisse,
1132 1484 1365 1534 praesertim
1395 1495 1483 1521 cum
1510 1495 1728 1533 perpaucos

194 1550 333 1600 libros,
367 1552 434 1602 qui
460 1562 537 1589 non
565 1557 697 1589 essent
724 1549 902 1599 annales,
938 1550 976 1587 in
1012 1547 1221 1587 scribendo
1255 1554 1343 1587 ante
1377 1548 1511 1587 oeulos
1543 1548 1729 1586 babuisse

194 1615 387 1666 uideatur,
414 1617 587 1666 origines
614 1621 743 1654 autem
765 1616 923 1653 nouerit
948 1620 1063 1664 atque
1084 1615 1137 1652 ita
1159 1626 1296 1652 eorum
1316 1615 1558 1652 mentionem
1581 1614 1732 1665 fecerit,

194 1687 237 1719 ut
268 1693 448 1731 magnam
483 1683 539 1719 eis
579 1681 850 1719 auctoritatem
884 1679 1056 1718 habitam
1097 1691 1389 1729 cognoscamus.
1443 1678 1594 1717 accedit
1626 1677 1730 1729 quod

193 1758 410 1785 consensus
444 1746 754 1797 fragmentorum
781 1745 940 1784 Catonis
973 1751 1011 1783 et
1038 1744 1140 1783 Liuii
1173 1756 1251 1782 non
1279 1750 1338 1783 est
1364 1744 1470 1795 talis,
1505 1749 1547 1783 111
1573 1744 1731 1782 Liuium

194 1813 301 1863 ipsis·
319 1811 563 1850 orationibus
589 1823 706 1850 usum
733 1823 820 1849 esse
848 1816 1020 1849 statuere
1054 1822 1251 1860 cogamur.
1298 1822 1361 1848 res
1388 1810 1620 1860 concinunt,
1652 1821 1731 1847 non

194 1876 328 1915 uerba.
374 1878 482 1928 atqui
509 1876 695 1915 Catonem
729 1876 974 1915 consulatum
1009 1888 1123 1914 suum
1156 1877 1196 1913 in
1224 1875 1444 1926 originibus
1472 1874 1626 1913 silentio
1653 1886 1732 1912 non

197 1943 451 1993 praeteriisse
484 1941 699 1993 eademque
733 1953 914 1980 narrasse
948 1953 1047 1992 quae
1080 1942 1121 1979 in
1160 1940 1237 1979 illis
1277 1940 1520 1979 orationibus
1553 1945 1732 1991 apertum

197 2013 274 2046 est:
310 2007 447 2058 quidni
479 2008 600 2058 igitur
631 2006 732 2045 hano
765 2019 896 2045 rerum
931 2007 1216 2057 expositionem
1250 2005 1407 2044 Liuium
1440 2010 1618 2044 secutum
1646 2016 1734 2043 esse

201 2070 469 2111 arbitremur?

287 2138 492 2189 Pergimus
531 2137 578 2176 ad
622 2137 900 2189 Dionysium
944 2137 1403 2176 Halicarnasensem.
1462 2137 1526 2174 cui
1564 2137 1733 2174 maxime

198 2203 385 2242 adrisisse
420 2203 577 2241 Catonis
611 2204 783 2253 origines
819 2216 904 2242 eam
939 2204 1190 2254 potissimum
1226 2201 1273 2239 ob
1314 2214 1470 2240 causam
1511 2202 1735 2252 suspicatus

198 2275 260 2308 est
278 2268 476 2319 Kiessling
503 2264 583 2321 (Be
603 2270 720 2307 Dion.
737 2269 838 2318 font.
860 2281 895 2319 p.
920 2264 1006 2321 18),
1034 2267 1136 2318 quod
1164 2267 1226 2305 bic
1255 2268 1407 2318 primus
1432 2266 1629 2305 Romanos
1654 2278 1734 2304 non

197 2333 386 2373 barbaros
419 2333 487 2372 sed
515 2333 674 2372 Graecis
706 2346 778 2384 per
802 2333 1034 2384 Aborigines
1063 2328 1197 2386 (11.6)
1232 2338 1417 2382 cognatos
1452 2344 1539 2370 esse
1573 2337 1733 2370 conten-

201 2399 294 2438 dere
322 2411 440 2437 ausus
468 2404 583 2449 esset,
611 2399 738 2437 simile
765 2404 895 2437 autem
922 2398 1130 2437 consilium
1151 2397 1377 2448 Dionysium
1402 2399 1442 2436 in
1464 2397 1735 2447 archaeologia

202 2463 470 2515 componenda
498 2469 678 2503 secutum
705 2476 792 2502 esse
820 2469 1027 2503 constaret.
1073 2464 1187 2502 etiam
1216 2463 1277 2501 his
1305 2464 1547 2513 argumentis
1568 2462 1734 2501 multum

202 2542 319 2568 usum
355 2541 441 2568 esse
474 2529 703 2580 Dionysium
737 2529 894 2568 Catonis
929 2530 1026 2580 ipsis
1062 2528 1280 2577 originibus
1315 2524 1358 2581 (i.
1386 2541 1418 2566 e.
1446 2527 1559 2566 libris
1585 2524 1734 2580 1—111)

205 2595 470 2644 confirmatur,
497 2594 601 2645 quod
632 2593 666 2644 1,
683 2592 780 2646 7,3;
811 2593 875 2644 11,
901 2593 919 2632 1
951 2595 1078 2632 sontes
1100 2606 1190 2632 suos
1214 2606 1425 2632 recensens
1451 2594 1672 2644 principem
1700 2594 1736 2631 ei

206 2659 309 2698 dedit
339 2659 465 2698 locum
491 2665 529 2698 et
549 2659 620 2710 bis,
646 2659 713 2697 ubi
735 2661 820 2698 eius
841 2660 1081 2698 mentionem
1102 2659 1249 2708 iniecit,
1277 2660 1474 2709 egregiam
1496 2659 1580 2696 eius
1602 2670 1735 2696 curam

204 2731 243 2763 et
276 2724 515 2775 diligentiam
543 2724 724 2763 laudibus
750 2725 864 2763 effert
891 2720 990 2777 (uid.
1017 2736 1133 2775 supra
1161 2737 1196 2774 p.
1220 2720 1398 2777 CXLIII),
1433 2723 1600 2774 denique
1634 2721 1737 2773 quod

206 2791 291 2828 eius
324 2789 441 2828 iidem
473 2802 591 2841 supra
623 2789 786 2828 Fabium
824 2790 1020 2828 Pictorem
1060 2796 1097 2827 et
1124 2789 1370 2827 Vennonium
1408 2789 1518 2838 ponit
1553 2784 1618 2840 (fr.
1647 2784 1737 2840 233).

207 2861 336 2892 tamen
373 2857 430 2893 eis
469 2856 563 2893 locis
603 2856 793 2906 exceptis,
832 2854 975 2906 quibus
1015 2854 1161 2893 diserte
1195 2853 1241 2892 ad
1275 2854 1432 2892 Catonis
1466 2853 1737 2891 auctoritatem
