2002 3342
695 194 767 229 CN.
791 194 1011 229 AVFIDIVS
1486 206 1621 236 CCXLI

90 306 285 345 Romanae
300 303 387 359 (18,
399 302 445 358 4)
467 307 623 344 ficticiis
644 305 931 344 laudationibus
953 306 1168 355 exornauit,
1189 304 1298 355 alter,
1319 316 1395 355 quo
1411 305 1622 343 uniuersae

90 373 294 410 Armeniae
317 370 544 421 magnitudo
566 367 644 423 (ap.
661 370 756 409 Plin.
773 383 808 408 11.
825 370 860 409 h.
878 368 915 420 6,
931 366 1006 424 27)
1031 370 1228 422 delinitur,
1255 370 1328 408 fuit
1341 369 1485 408 Aufidii
1500 369 1623 420 Bassi,

90 441 133 475 ut.
160 448 262 474 nunc
290 437 330 474 in
357 435 501 474 nolum.
524 436 556 474 ll
583 449 618 487 p.
635 434 688 474 98
718 448 787 474 suo
815 435 898 473 loco
927 436 1122 486 repositus
1150 436 1210 474 sit.
1250 447 1377 486 neque
1410 436 1514 473 enim
1541 434 1622 485 ple-

91 501 177 539 beia
210 513 305 551 gens
332 499 500 550 Aufidia,
534 513 631 552 quae
664 503 729 539 uix
765 506 921 539 eentum
956 502 1068 538 annis
1096 505 1184 538 ante
1212 501 1250 538 in
1278 501 1399 538 uitam
1426 499 1623 551 publicam

91 571 354 617 processerat,
387 565 529 604 multas
563 578 626 604 res
652 565 790 604 habuit
816 565 959 617 quibus
985 565 1237 616 gloriaretur,
1271 572 1336 603 aut
1360 565 1504 604 multos
1531 577 1624 615 gen-

92 631 179 670 tiles
213 632 279 681 qui
311 630 488 680 legerent
521 636 558 669 et
592 630 858 682 diuulgarent,
891 631 1124 682 praesertim
1151 642 1240 668 cum
1269 629 1485 668 doctrinam
1513 642 1624 669 suam

92 697 240 734 iactans
261 695 409 734 Graeco
437 708 617 735 sermone
642 694 735 748 (hoe
756 697 860 734 enim
887 697 1047 736 Graeca
1072 697 1245 734 historia
1274 694 1378 745 dicit,
1405 695 1484 735 uid.
1505 707 1625 746 supra

92 774 128 812 p.
145 769 287 800 CXVIII
303 756 379 814 sq.)
407 773 503 800 usus
531 767 636 800 esset
662 761 901 812 Latinusque
929 767 1011 800 tum
1038 761 1242 799 historiam
1269 759 1482 799 Romanam
1509 773 1624 799 occu-

93 832 236 877 passet,
275 825 318 864 In
345 825 487 865 litteris
514 832 644 865 tamen
671 832 759 878 post
785 839 875 866 eum
903 827 1020 865 etiam
1047 826 1112 865 alii
1137 825 1280 864 Aufidii
1307 826 1505 864 uixerunt.

178 2926 256 2950 nist.
272 2925 355 2951 Rom.
376 2927 427 2950 τοι.
442 2927 466 2958 1,
485 2927 530 2952 ed.
550 2928 667 2953 Peter.
694 2928 748 2952 Ed.
763 2928 805 2952 ait
1268 2921 1350 2955 XVI
