2002 3342
277 227 513 258 CCLXXVHI
613 212 675 246 DE
703 211 1008 246 SCRIPTORVM
1034 210 1159 244 VITIS
1185 210 1246 244 ET
1273 209 1479 245 SCRIPTIS

277 326 539 376 paucissimos
568 322 822 361 desideraret.
854 328 897 360 ut
925 321 971 360 ad
998 321 1261 360 Chaeroneam
1288 320 1472 359 undecim
1498 320 1669 359 hostium
1690 320 1808 371 milia,

278 390 406 428 Sullae
437 388 642 427 duodecim
668 388 850 426 homines
877 388 996 425 occisi
1030 391 1122 424 sunt
1147 382 1213 437 (fr.
1238 383 1291 424 15
1319 398 1350 423 c.
1372 381 1491 439 adu),
1526 385 1572 424 ad
1606 385 1807 436 Sacripor-

279 462 361 493 tum
388 454 559 492 hostium
586 454 728 503 uiginti
754 453 861 491 milia
888 453 1105 501 interfecta,
1133 456 1218 489 oclo
1240 450 1344 489 milia
1366 455 1488 501 capta,
1517 450 1646 489 Sullae
1666 451 1809 501 uiginti

279 526 359 558 tres
393 520 596 570 perierunt
623 513 689 570 (fr.
716 514 801 571 19),
834 517 873 556 id
900 516 1002 568 quod
1031 516 1077 554 de
1110 515 1231 554 altera
1259 515 1417 566 quidem
1450 528 1591 566 pugna,
1625 516 1808 566 quoniam

278 585 442 623 Romani
479 596 567 622 cum
603 582 789 621 Romanis
825 586 1112 633 pugnauerunt,
1148 581 1310 630 nemini,
1346 579 1474 630 crede,
1511 580 1617 618 Sulla
1649 592 1809 630 persua-

279 649 396 699 debit,
426 649 471 687 de
499 649 630 699 priore
658 649 806 698 paucis.

368 713 444 752 Sed
479 714 639 764 grauius
676 718 745 763 est,
782 711 885 763 quod
921 713 1005 750 sine
1045 710 1121 749 ulla
1160 710 1348 761 religione
1385 722 1428 748 ac
1467 710 1542 748 fide
1581 710 1810 748 memoriam

279 792 412 818 rerum
453 778 566 817 modo
603 784 802 829 gestarum
841 777 964 815 libere
1008 781 1160 814 mutare
1195 781 1233 814 et
1266 787 1519 826 corrumpere
1553 787 1688 825 ausus,
1722 787 1810 813 cum

279 858 343 884 eas
370 844 519 883 inuidia
546 849 583 882 et
610 843 887 882 maleuolentia
917 841 1121 880 obscurari
1149 847 1214 879 aut
1240 842 1279 878 in
1308 840 1481 879 deterius
1501 842 1605 879 uerti
1634 839 1811 889 uidisset,

278 911 481 948 hominum
495 909 717 947 uoluntates
739 912 777 946 et
797 907 1036 946 offensiones
1059 905 1228 956 superbe
1257 907 1492 956 contempsit
1513 906 1720 956 omniaque
1741 917 1811 944 suo

279 975 407 1014 studio
429 986 575 1025 suaque
603 975 658 1011 ira
687 973 834 1011 infecit.
868 971 955 1010 nolo
978 983 1180 1022 quaerere,
1209 983 1303 1009 num
1323 970 1555 1009 Archelaum
1577 969 1811 1008 Mithridatis

281 1041 431 1091 ducem,
467 1052 584 1090 quem
620 1044 662 1077 ut
698 1039 849 1076 hostem
885 1037 1119 1075 Plutarchus
1156 1037 1249 1074 satis
1286 1037 1438 1087 magnis
1472 1035 1653 1074 laudibus
1687 1035 1812 1085 effert,

280 1119 349 1144 suo
378 1106 461 1143 iure
484 1104 589 1142 Sulla
611 1116 629 1141 a
651 1103 864 1154 proditoris
886 1103 1053 1140 crimine
1076 1101 1297 1139 defenderit
1317 1098 1381 1153 (fr.
1401 1097 1528 1154 17)1)‚
1556 1100 1651 1139 illud
1678 1101 1812 1151 paucis

279 1183 383 1209 nunc
404 1169 636 1208 adumbrare
665 1168 783 1218 lubet,
810 1180 926 1218 quam
951 1168 1091 1217 iniqua
1114 1172 1152 1204 et
1178 1167 1330 1204 infensa
1356 1165 1507 1204 inuidia
1534 1165 1699 1204 Marium
1725 1177 1812 1216 per-

281 1242 439 1274 secutus
467 1236 528 1285 sit,
555 1234 672 1284 idque
699 1234 764 1283 ita,
797 1238 840 1271 ut
867 1245 909 1270 ea
938 1233 1024 1271 eius
1051 1233 1155 1270 uitae
1182 1231 1382 1269 Plutarchi
1410 1232 1547 1281 capita,
1581 1230 1723 1281 quihus
1752 1242 1813 1268 res

280 1301 326 1339 ab
361 1313 405 1338 eo
440 1305 504 1338 aut
537 1311 626 1337 cum
660 1298 766 1337 Sulla
799 1303 864 1336 aut
892 1302 1025 1335 contra
1054 1309 1143 1335 eum
1177 1302 1307 1347 gestae
1342 1297 1611 1345 continentum
1645 1296 1813 1333 maxime

281 1362 485 1404 03-10
521 1360 686 1417 (bellum
722 1358 1037 1416 Iugurthinum),
1074 1374 1106 1399 c.
1134 1359 1306 1399 23-27
1345 1362 1534 1399 maiorem
1570 1366 1721 1412 partem
1758 1357 1812 1412 (b.

281 1426 555 1482 Cimbricum)7
583 1442 614 1467 c.
637 1426 811 1467 28—35
839 1427 940 1466 med.
969 1425 1023 1479 (l).
1046 1424 1183 1479 ciuile)
1212 1438 1446 1477 comparem.
1489 1438 1578 1464 nam
1614 1438 1701 1464 cum
1729 1437 1814 1464 eam

281 1502 370 1547 post
397 1495 543 1534 Sullam
572 1495 790 1545 scripserit,
817 1494 1021 1531 materiam
1049 1491 1095 1530 ad
1117 1491 1222 1529 illam
1255 1492 1377 1529 uitam
1405 1490 1609 1529 collectam
1635 1503 1725 1528 eum
1752 1490 1815 1528 hic

282 1574 359 1600 nou
387 1562 586 1612 spreuisse
613 1571 684 1610 per
711 1571 751 1597 se
779 1559 866 1597 ueri
888 1557 1015 1596 simile
1037 1562 1151 1595 estet
1177 1556 1304 1595 Sullae
1326 1557 1556 1594 auctoritate
1581 1555 1641 1593 his
1662 1554 1815 1594 laudata

282 1621 585 1677 confirmatur.2)
619 1626 792 1675 primum
828 1624 948 1674 igitur
983 1624 1023 1660 in
1055 1622 1185 1660 Africa
1217 1621 1395 1660 Metellus
1429 1620 1530 1672 apud
1564 1620 1815 1659 Plutarchum

283 1691 503 1740 debellauit,
529 1703 606 1728 uon
633 1689 796 1740 Marius3
824 1694 862 1727 et
888 1687 992 1739 quod
1020 1687 1145 1726 solum
1173 1686 1355 1736 restabat,
1382 1691 1426 1725 ut
1451 1686 1637 1736 Iugurtha
1664 1687 1748 1736 ipse
1776 1686 1815 1722 in

281 1769 421 1795 manus
448 1756 619 1793 hostium
646 1755 814 1803 ueniret,
846 1752 886 1791 id
914 1765 1012 1804 opus
1040 1751 1419 1803 periculosissimum
1447 1750 1567 1788 Mario
1598 1752 1683 1801 ipse
1711 1749 1817 1788 Sulla

281 1822 516 1873 praeripuit:
554 1816 770 1871 περιῆλθέ
806 1832 871 1864 τις
906 1815 1078 1869 νέμεσις
1114 1814 1175 1869 (ut
1207 1817 1261 1854 ait
1292 1815 1385 1853 Mar.
1416 1812 1488 1869 10)
1530 1813 1577 1854 ἐν
1612 1817 1672 1868 τῷ
1704 1811 1816 1853 τέλει

281 1892 370 1925 τῶν
396 1882 596 1937 πράξεων
616 1881 808 1934 Μ’άριον.
842 1879 1046 1936 ἀφῃρέθη
1068 1880 1151 1933 γὰρ
1180 1879 1264 1920 ὑπὸ
1287 1879 1440 1919 Σύλλα
1463 1879 1543 1932 τὴν
1563 1884 1642 1918 τοῦ
1663 1893 1814 1931 κατορ-

279 1948 487 2003 θώματος
508 1946 655 1999 dagam),
677 1946 735 1995 ὡς
754 1945 836 1987 ὑπ’
850 1945 1022 1987 ἐκείνου
1039 1943 1275 1992 Μέτελλος.
1316 1958 1410 1996 quas
1433 1957 1496 1983 res
1517 1957 1680 1996 prorsus
1705 1944 1818 1983 aliter

281 2030 301 2056 a
334 2016 516 2055 Sallustio
549 2019 726 2053 narratas
759 2025 846 2052 esse
881 2014 969 2064 quis
1003 2017 1062 2051 est
1095 2013 1162 2063 qui
1195 2009 1374 2049 nesciat?
1407 2016 1521 2061 atque
1553 2010 1656 2061 quod
1690 2010 1753 2048 hic
1780 2009 1816 2048 h.

284 2082 363 2132 lug.
386 2078 453 2131 159,
468 2078 495 2118 4
523 2080 635 2118 dicit:
668 2080 884 2128 Tmffllius,
906 2090 1020 2127 quem
1033 2077 1291 2127 praefectum
1320 2078 1458 2125 0]ψὶᾱὶ
1478 2088 1599 2114 unztm
1621 2088 1672 2114 ea:
1692 2077 1816 2114 omni-

285 2150 358 2186 bus
381 2146 620 2196 profuyz'sse
644 2156 772 2194 supra
799 2145 1061 2193 ostenclinzzts7
1089 2145 1222 2180 iussus
1248 2153 1272 2180 α
1302 2142 1460 2180 Melello
1489 2152 1653 2179 ecmsam
1681 2142 1819 2178 dicere

276 2218 492 2262 postquam
512 2222 598 2249 sese
616 2221 769 2259 parum
791 2214 1008 2258 expurgyal,
1035 2209 1323 2246 condemnatam
1343 2207 1664 2254 uerberatusque
1685 2208 1818 2254 capite

276 2290 434 2328 poenas
459 2279 590 2325 soluit,
617 2280 779 2326 propter
802 2286 888 2312 eam
915 2285 997 2311 rem
1019 2271 1252 2311 Plutarchus
1273 2268 1385 2324 (Mar.
1408 2266 1452 2323 8)
1480 2271 1521 2308 in
1548 2270 1660 2308 Marii
1687 2271 1817 2320 inpro-

284 2343 446 2380 bitatem
473 2346 511 2380 et
543 2340 826 2391 malignitatem
852 2338 1111 2377 uehementer
1136 2336 1351 2387 inuehitur,
1379 2336 1464 2386 qui7
1496 2340 1540 2373 ut
1565 2334 1710 2373 Metelli
1737 2335 1818 2372 ani-

285 2420 394 2446 mum
415 2405 644 2456 offenderet,
672 2417 787 2456 quem
815 2405 984 2442 amicum
1012 2415 1098 2441 esse
1132 2403 1249 2440 sciret
1277 2400 1456 2451 Turpilii‚
1483 2401 1589 2438 omni
1623 2399 1751 2438 studio
1779 2398 1819 2437 id

385 2546 417 2588 1)
444 2544 546 2578 Haec
578 2542 649 2576 fuit
681 2541 896 2586 Suringario
930 2551 1058 2582 causa,
1091 2540 1133 2573 ul:
1164 2551 1199 2583 p.
1223 2541 1265 2572 18
1299 2548 1393 2581 quae
1420 2537 1647 2571 Plutarchus
1675 2535 1820 2570 rettulit

288 2609 316 2632 c.
340 2601 382 2630 22
411 2599 448 2630 et
474 2600 518 2629 ‘24
551 2596 596 2630 de
630 2595 826 2639 colloquiis
857 2595 953 2628 inter
986 2593 1127 2627 Sullam
1159 2594 1196 2625 et
1232 2591 1455 2625 Archelaum
1488 2589 1820 2633 Mithridatemque

287 2651 397 2685 factis
423 2651 461 2684 in
488 2650 579 2694 ipsis
607 2648 731 2684 Sullae
755 2648 926 2692 reliquiis
952 2647 1116 2692 poneret.
1153 2645 1218 2679 sed
1244 2644 1375 2678 eodem
1395 2643 1475 2677 iure
1498 2643 1622 2687 potuit
1641 2642 1819 2677 maiorem

289 2705 388 2738 uitae
416 2703 591 2737 Sullanae
616 2704 763 2746 partem
790 2701 925 2736 addere
952 2712 974 2735 a
1000 2711 1029 2734 c.
1052 2702 1178 2733 3—30.

384 2759 418 2801 2)
445 2756 506 2790 Sic
533 2756 640 2799 enim,
668 2757 710 2789 ut
734 2755 960 2789 breuitatem
987 2754 1144 2793 excuset,
1165 2751 1202 2785 in
1228 2763 1262 2785 u.
1284 2750 1394 2784 Marii
1421 2761 1449 2783 c.
1474 2753 1516 2783 10
1543 2748 1719 2783 Sullanae
1744 2759 1819 2782 me-

290 2811 415 2845 minit:
450 2810 527 2844 ἐπεὶ
558 2808 604 2843 τὰ
630 2807 718 2843 καθ’
754 2807 890 2843 ἕκαστα
922 2809 1059 2852 μᾶλλον
1091 2807 1131 2840 ἐν
1155 2810 1232 2844 τοῖς
1257 2803 1341 2846 περὶ
1366 2803 1492 2837 Σύλλα
1517 2801 1730 2847 γέγραπται.
1770 2800 1814 2835 cf.

288 2863 481 2898 Michaelis
509 2863 565 2897 De
591 2862 718 2896 ordine
744 2863 810 2896 uit.
831 2862 931 2896 qut.
957 2873 994 2905 p.
1015 2864 1070 2893 47.
