2002 3342
622 226 669 260 M.
692 225 916 260 AEMILIVS
944 224 1160 259 SCAVRVS
1554 238 1659 267 CCLI

123 337 279 377 uincula
308 339 555 375 coniecturos
583 348 668 375 esse
696 337 944 375 minarentur
965 331 1082 389 (Plut.
1105 341 1254 386 quaest.
1276 336 1384 374 Rom.
1405 331 1494 388 50).
1533 347 1659 385 neque

123 409 252 442 tamen
275 404 402 441 facere
423 403 560 453 potuit,
588 403 681 452 quin
704 401 882 452 populus,
905 414 993 439 cum
1016 401 1200 451 Scaurus,
1228 413 1343 451 quem
1366 401 1661 452 pauperrimum

123 468 301 518 uidisset,
322 467 450 506 subito
472 466 654 505 omnibus
677 467 800 516 copiis
818 468 1071 516 omniumque
1093 478 1225 504 rerum
1244 465 1478 504 abundantia
1494 466 1661 503 circum-

123 535 261 572 tlueret
296 539 333 572 et
366 537 527 583 propter
559 536 820 569 mercaturam
853 531 1160 581 auiditatemque
1194 532 1384 581 pecuniae
1414 532 1531 569 etiam
1558 532 1663 569 inter

123 599 275 638 nobiles
303 598 402 636 male
431 597 584 635 audiret
610 594 709 649 (Cic.
733 596 778 634 de
800 609 854 634 or.
877 594 1133 648 2,70,2831>,
1161 595 1350 634 maleuola
1378 597 1603 646 suspicione
1624 602 1663 634 et

124 676 283 703 rumore
311 676 351 701 se
380 668 551 701 uexaret.
589 660 713 713 quid?
740 661 843 712 quod
871 674 959 700 cum
988 663 1027 699 in
1050 661 1089 699 C.
1112 661 1337 711 Fimbriam,
1365 662 1403 699 (ἶ.
1423 661 1661 711 Memmium,

122 729 162 767 C.
178 728 403 767 Norbanum
419 729 570 766 iuratus
587 728 854 765 testimonium
872 726 1031 776 diceret,
1051 739 1098 765 ne
1115 726 1310 765 creditum
1327 726 1487 777 quidem
1502 728 1537 764 ei
1554 723 1661 779 est.¹)

212 794 314 832 llaec
342 798 472 831 autem
501 794 586 831 eius
613 794 787 830 animum
822 797 901 830 tam
928 793 1104 842 grauiter
1131 791 1395 830 sollicitabant
1420 796 1458 829 et
1484 791 1663 842 urebant,

122 865 164 898 ut
191 871 306 910 quem
336 858 382 896 ad
409 858 568 896 modum
596 859 636 895 in
664 858 750 896 iure
779 857 1099 895 aduersariorum
1128 858 1292 894 crimina
1320 857 1402 895 suis
1424 858 1463 894 in
1486 869 1552 894 eos
1574 869 1664 894 con-

122 926 250 963 uersis
271 923 477 969 refutabat,
500 924 556 961 sie
578 934 781 961 rumorum
804 922 1133 973 maleuolentiam,
1155 935 1230 973 qua
1250 921 1424 972 ardebat,
1444 921 1664 960 litterarum

122 992 359 1040 scriptarum
387 990 619 1027 auctoritate
648 989 924 1037 restingueret,
952 1000 1030 1026 non
1056 987 1279 1026 libellorum
1301 987 1369 1025 sed
1395 990 1517 1026 trium
1544 988 1665 1025 libro-

122 1068 211 1094 rum
233 1057 282 1093 de
302 1058 390 1093 uita
410 1066 485 1092 suc!
506 1055 632 1104 patrio
655 1066 838 1092 sermone
856 1054 1164 1104 compositorum
1181 1060 1220 1091 et
1234 1054 1454 1091 orationum
1477 1054 1516 1090 in
1538 1051 1665 1103 publi-

121 1133 209 1159 cum
233 1119 427 1158 editarum
439 1115 484 1172 2),
512 1132 621 1170 quas,
647 1125 688 1157 ut
712 1118 805 1157 Cato
827 1118 1041 1157 Censorius
1063 1124 1258 1169 coeperat,
1285 1119 1429 1169 partim
1452 1119 1568 1156 etiam
1589 1117 1666 1155 illis

121 1180 350 1237 inseruit3),
382 1189 425 1222 ut
452 1184 604 1222 fructus
631 1182 917 1235 laudationum,
954 1183 1097 1234 quibus
1124 1185 1294 1222 maiores
1322 1196 1340 1221 a
1368 1184 1539 1234 posteris
1567 1183 1668 1221 cole-

121 1249 275 1299 bantur,
302 1250 420 1288 uiuus
447 1250 708 1300 praeciperet.
748 1250 879 1300 itaque
902 1248 1039 1287 Cicero
1068 1250 1143 1287 etsi
1164 1248 1356 1287 Scaurum
1383 1248 1564 1286 laudibus
1585 1249 1667 1286 suis

124 1327 199 1353 non
227 1315 453 1366 pepercisse
482 1318 616 1364 aperte
639 1311 876 1367 concedit4),
903 1315 944 1352 in
971 1327 1124 1352 summa
1152 1315 1237 1353 eius
1263 1313 1452 1365 praesidii
1474 1319 1512 1352 et
1538 1318 1666 1364 patro·

124 1382 218 1418 cinii
246 1379 503 1418 admiratione
538 1385 769 1430 perseuerat
796 1385 911 1430 atque
939 1381 1056 1418 etiam
1084 1379 1243 1418 Tacitus
1272 1375 1315 1432 (l.
1338 1392 1366 1417 s.
1390 1375 1439 1433 s.)
1468 1379 1585 1417 fidem
1612 1384 1666 1417 ta-

123 1445 217 1483 lium
252 1444 442 1483 librorum
477 1445 533 1482 eis
566 1445 799 1483 inminutam
828 1457 914 1483 esse
947 1450 1079 1495 negat,
1114 1457 1186 1483 nec
1219 1444 1382 1483 historia
1411 1457 1476 1482 eas
1504 1445 1668 1495 respuit,

123 1512 156 1548 si
184 1510 343 1561 quidem
372 1509 418 1548 de
446 1509 593 1547 Scauro
627 1509 739 1560 plura
767 1511 991 1561 accepimus
1026 1522 1142 1561 quam
1176 1509 1221 1548 de
1249 1509 1335 1548 aliis
1362 1511 1461 1548 uiris
1490 1509 1667 1548 eiusdem

124 1575 342 1626 dignitatis,
372 1580 415 1613 ut
442 1576 559 1613 etiam
587 1576 627 1613 in
655 1587 864 1614 numerum
891 1577 1070 1614 uirorum
1098 1575 1312 1613 illustrium
1341 1576 1518 1626 corporis
1545 1575 1667 1613 Aure-

121 1641 215 1679 liani
243 1646 426 1691 receptus
454 1641 515 1678 sit..
556 1641 632 1690 ipsi
654 1646 784 1679 autem
805 1640 896 1678 libri
917 1641 983 1679 uix
1006 1642 1290 1691 quinquaginta
1314 1642 1427 1679 annis
1448 1646 1537 1691 post
1557 1636 1666 1694 (nam

123 1706 314 1744 Scaurum
341 1710 575 1756 prouectum
603 1711 729 1744 aetate
757 1705 967 1744 scribendo
995 1717 1156 1756 operam
1180 1705 1335 1744 dedisse
1358 1711 1667 1744 consentaneum

123 1770 200 1823 est)
228 1771 361 1808 nancti
388 1782 466 1808 non
493 1775 586 1808 sunt
613 1771 679 1821 qui
707 1770 895 1821 legerent,
923 1770 962 1808 id
984 1770 1087 1821 quod
1110 1770 1248 1809 Cicero
1275 1784 1363 1809 cum
1392 1769 1512 1809 ‘lectu
1533 1769 1666 1809 utiles'

128 1841 272 1885 essent,
295 1835 444 1874 scilicet
473 1835 520 1874 ad
546 1836 836 1874 institutionem
858 1835 1084 1884 Romanam,
1111 1836 1370 1875 uehementer
1396 1836 1517 1875 doluit
1537 1833 1669 1889 (Bruti

124 1900 146 1939 l.
169 1897 229 1954 S..)
270 1913 384 1939 causa
420 1900 633 1951 repetenda
668 1906 727 1940 est
762 1914 781 1939 a
815 1913 960 1952 genere
995 1900 1207 1940 scribendi.
1247 1914 1338 1939 nam
1370 1906 1414 1940 ut
1447 1903 1532 1939 eius
1559 1903 1667 1940 testi-

123 1967 253 2004 monio
287 1967 327 2004 in
363 1965 607 2004 orationibus
641 1965 780 2005 Scauri
812 1968 986 2017 grauitas
1020 1965 1179 2017 quidem
1215 1978 1367 2005 summa
1404 1971 1442 2005 et
1477 1966 1668 2004 naturalis

124 2031 314 2082 quaedam
335 2033 463 2069 inerat
485 2033 709 2082 auctoritas,
732 2031 1031 2070 desiderabatur
1052 2044 1115 2069 ars
1137 2037 1176 2069 et
1197 2033 1371 2070 suauitas
1389 2027 1669 2084 (ψυχαγωγία

123 2095 194 2135 καὶ
215 2093 396 2148 τέρψις),
417 2097 469 2134 ita
492 2098 610 2134 etiam
631 2097 795 2135 historia
811 2098 1010 2147 incompta
1026 2101 1064 2135 et
1085 2097 1188 2134 sicca
1209 2095 1369 2134 uidetur
1390 2096 1522 2146 fuisse,
1545 2108 1667 2147 eaque

125 2162 241 2199 ctiam
269 2161 458 2212 gloriatus
486 2167 555 2199 est.
596 2163 801 2213 inscripsit
821 2163 926 2200 enim
949 2174 1034 2200 eam
1059 2161 1106 2199 ad
1128 2161 1168 2199 L.
1190 2161 1386 2199 Fufidium
1413 2163 1667 2212 praetorium,

125 2228 191 2277 qui
220 2227 336 2264 etiam
365 2228 404 2264 in
432 2226 562 2277 aliquo
591 2232 847 2277 patronorum
874 2239 1039 2265 numero
1067 2228 1151 2276 suit,
1179 2227 1378 2265 hominem
1404 2227 1586 2277 antiquae
1608 2238 1668 2264 se-

124 2293 303 2330 ueritatis
327 2297 361 2329 et
387 2293 624 2342 integritatis
641 2287 739 2344 (Cic.
756 2292 864 2330 Brut.
880 2289 1056 2342 29,11Ο.
1078 2289 1254 2341 35,132.
1282 2291 1379 2329 Plin.
1397 2304 1433 2329 n.
1449 2288 1668 2345 h.33,21),

124 2362 167 2395 ut
189 2356 365 2395 Coelium
386 2358 636 2408 Antipatrum
663 2359 839 2395 imitatus
868 2369 979 2395 suam
1001 2359 1210 2407 operisque
1236 2358 1296 2395 sui
1319 2356 1491 2394 indolem
1513 2356 1667 2395 ciuibus

126 2422 208 2460 suis
229 2417 574 2475 commendal·et.5)
609 2422 677 2461 sed
699 2422 919 2461 adscribam
941 2423 1024 2472 ipsa
1048 2423 1249 2460 Ciceronis
1271 2421 1411 2460 uerba:
1433 2422 1494 2460 De
1510 2422 1667 2461 Scauro

224 2515 257 2549 l')
284 2511 357 2546 Cic.
383 2523 449 2556 pro
477 2512 582 2546 Font.
608 2517 662 2555 11,
683 2515 738 2545 24.
780 2512 824 2546 de
852 2523 901 2546 or.
925 2517 956 2554 ⁶2,
984 2515 1040 2555 58,
1062 2516 1140 2546 203.
1170 2511 1252 2545 Val.
1270 2511 1368 2546 Max,
1391 2515 1423 2553 8,
1440 2516 1472 2555 5,
1492 2516 1521 2546 2.

222 2567 255 2609 2)
283 2565 506 2609 Fragmenta
527 2576 654 2599 earum
671 2567 818 2599 tantum
835 2565 945 2599 modo
965 2565 1187 2607 orationum,
1209 2575 1302 2609 quas
1319 2565 1476 2609 scriptas
1491 2567 1528 2599 et
1546 2565 1665 2600 editas

127 2628 206 2651 esse
234 2620 437 2660 constaret,
465 2618 562 2652 infra
588 2618 806 2662 recepimus.
844 2619 889 2652 de
917 2618 1050 2652 ceteris
1078 2619 1124 2652 cf.
1152 2618 1279 2662 Meyer
1303 2630 1340 2663 p.
1361 2622 1561 2653 253—261.

224 2673 258 2714 3)
284 2670 343 2706 Sic
371 2672 485 2705 etiam
512 2672 598 2705 Pais
625 2672 648 2706 l.
671 2684 697 2706 s.
719 2684 753 2716 p.
776 2675 832 2706 53.

221 2727 255 2767 4)
283 2723 336 2758 Cf.
357 2725 459 2759 Brut.
481 2729 536 2766 29,
560 2729 643 2759 112:
681 2726 732 2759 At
759 2726 848 2770 Cyri
872 2726 990 2760 uitam
1016 2729 1047 2759 et
1074 2725 1310 2768 disciplinam
1337 2725 1477 2770 leyunt,
1499 2727 1666 2769 praecla-

126 2788 204 2811 ram
231 2777 334 2811 illam
360 2779 515 2822 quidem,
541 2779 602 2813 sed
627 2789 740 2822 neque
766 2783 839 2813 tam
864 2780 1000 2813 nostris
1026 2779 1131 2813 rebus
1156 2782 1282 2822 aptam
1307 2789 1372 2812 ‘nec
1394 2782 1515 2812 tamen
1535 2779 1669 2813 Scauri

125 2830 298 2866 laudibus
323 2833 622 2875 anteponendam.

227 2887 261 2927 5)
289 2883 342 2917 De
370 2883 527 2918 aliorum
556 2884 937 2929 autobiographorum
966 2884 1273 2928 inscriptionibus
1298 2884 1373 2918 uid.
1395 2884 1502 2918 infra.
