2002 3342
96 921 130 946 10

94 1246 126 1271 15

91 1571 124 1596 20

90 1897 124 1922 25

363 209 402 250 Q.
423 207 550 242 FABII
576 207 792 243 PICTORIS
819 207 1042 242 GRAECAE
1070 207 1337 242 HISTORIAE.
1376 208 1420 242 fr.
1442 207 1481 241 5¹²
1636 209 1685 249 11

154 318 273 374 αὑτῷ
301 320 645 371 συγχωρηθῆναι
671 316 723 357 τὰ
749 314 891 369 βρέφη
920 317 1131 370 λαμβάνει
1158 332 1203 357 τε
1230 316 1340 357 αὐτὰ
1360 317 1477 369 παρὰ
1497 322 1576 357 τοῦ
1596 331 1687 357 κοι-

153 389 236 424 νοῦ
263 382 334 423 καὶ
361 381 510 437 φέρων
536 381 594 430 ὡς
620 382 701 434 τὴν
726 388 914 434 γυναῖκα
940 379 1121 435 ἔρχεται.
1167 387 1398 422 τετοκυῖαν
1424 381 1472 421 δὲ
1504 384 1687 422 καταλα-

153 448 247 500 βὼν
266 446 333 488 καὶ
353 445 620 501 ἀχθομένην,
639 446 704 487 ὅτι
725 446 883 500 νεκρὸν
897 445 1006 500 αὐτῇ
1027 446 1075 486 τὸ
1096 446 1260 501 βρέφος
1276 442 1343 498 ἦν,
1360 448 1691 500 παραμυθεῖταί

153 528 196 554 τε
224 512 294 554 καὶ.
322 513 508 554 δίδωσιν
533 510 838 564 ὑποβαλέσθαι
864 512 917 552 τὰ
942 512 1097 552 παιδιά
1127 518 1273 552 πᾶσαν
1307 510 1348 561 ἐξ
1379 510 1513 565 ἀρχῆς
1539 512 1686 565 διηγη-

153 579 338 630 σάμενος
376 577 456 630 τὴν
487 582 793 630 κατασχοῦσαν
825 576 936 617 αὐτὰ
968 577 1116 630 τύχην.
1168 575 1425 628 αὐξομένοις
1458 576 1505 617 δὲ
1538 577 1686 625 αὐτοῖς

152 645 290 697 ὄνομα
316 644 486 684 τίθεται
512 647 571 698 τῷ
600 639 679 694 μὲν
699 639 936 695 Ῥωμύλον,
962 646 1021 697 τῷ
1049 639 1097 682 δὲ
1117 639 1292 694 Ῥῶμον.

242 709 300 750 Οἵ
330 705 377 749 δὲ
411 705 718 760 ἀνδρωθέντες
750 708 948 760 γίνονται
982 707 1090 748 κατά
1122 722 1168 748 τε
1201 706 1382 756 ἀξίωσιν
1414 714 1587 762 μορφῆς
1612 706 1684 748 καὶ

152 775 432 828 φρονήματος
464 772 599 824 ὄγκον
631 772 683 813 οὐ
714 773 988 825 συοφορβοῖς
1015 772 1084 812 καὶ
1113 773 1346 825 βουκόλοις
1372 770 1558 821 ἐοικότες
1586 770 1679 812 ἀλλ’

151 839 274 887 οἴους
301 839 355 878 ἄν
380 853 444 886 τις
471 835 669 885 ἀξιώσειε
694 838 798 885 τοὺς
825 835 871 877 ἐκ
897 838 1124 889 βασιλείου
1152 852 1198 878 τε
1225 836 1394 889 φύντας
1420 836 1579 889 γένους
1613 837 1684 877 καὶ

150 903 234 944 ἀπὸ
263 904 487 956 δαιμόνων
521 907 686 955 σπορᾶς
718 901 929 955 γενέσθαι
962 901 1277 956 νομιζομένους
1303 901 1389 955 <ὡς
1416 901 1463 942 ἐν
1488 910 1580 950 τοῖς
1604 916 1685 942 πα-

149 970 286 1022 τρίοις
312 968 467 1020 ὕμνοις
492 967 578 1008 ὑπὸ
595 966 816 1021 Ῥωμαίων
836 965 900 1008 ἔτι
926 968 997 1008 καὶ
1019 973 1102 1008 νῦν
1123 966 1314 1022 ᾅδεται).
1353 968 1449 1019 βίος
1470 965 1506 1008 δ’
1534 967 1684 1015 αὐτοῖς

148 1031 203 1087 ’ἦν
228 1033 488 1086 βουκολικὸς
520 1031 591 1073 καὶ
625 1032 771 1073 δίαιτα
804 1033 1050 1085 αὐτουργὸς
1082 1031 1131 1074 ἑν
1163 1034 1285 1086 ὄρεσι
1312 1033 1363 1073 τὰ
1390 1034 1531 1074 πολλὰ
1557 1032 1684 1086 πηξα-

148 1099 295 1179 μένοις
328 1098 400 1139 διὰ
434 1097 578 1147 ξύλων
610 1097 682 1139 καὶ
714 1098 920 1149 καλάμων
953 1098 1115 1151 σκηνὰς
1150 1098 1439 1177 αὐτορόφους.
1489 1094 1582 1150 <ὧν
1621 1099 1684 1138 ε’τι

146 1162 218 1204 καὶ
252 1165 313 1212 εἰς
346 1161 418 1216 ἐμὲ
450 1159 505 1215 ἦν
536 1178 601 1211 τις
628 1161 674 1204 ἐκ
699 1169 779 1204 τοῦ
806 1166 906 1204 Παλ
911 1164 1090 1204 λαντιου
1119 1163 1188 1204 ε’πι
1215 1169 1291 1217 τῆς
1316 1164 1426 1217 πρὸς
1452 1164 1530 1204 τὸν
1558 1163 1684 1204 ιππό-

147 1230 314 1282 δρομον
341 1228 630 1308 στρεφούσης
669 1229 854 1282 λαγόνος
887 1227 1109 1282 Ῥωμύλου
1150 1227 1384 1282 λεγομένη,
1426 1228 1481 1281 ἣν
1519 1228 1682 1281 φυλατ-

146 1306 302 1335 τουσιν
335 1293 457 1347 ιερὰν
496 1294 560 1341 οἱς
598 1293 770 1334 τούτων
803 1293 1020 1346 ἐπιμελές,
1060 1293 1193 1335 οὐδὲν
1226 1292 1295 1334 ε’πὶ
1331 1295 1379 1334 τὸ
1420 1295 1683 1346 σεμνότερον

146 1358 387 1413 ἐξάγοντες,
415 1360 454 1399 εί
479 1357 531 1398 δέ
553 1373 594 1399 τι
621 1360 855 1411 πονήσειεν
880 1358 966 1400 ὑπὸ
994 1366 1206 1412 χειμῶνος
1227 1358 1252 1412 η“
1273 1360 1439 1412 χρόνου
1459 1359 1507 1399 τὸ
1530 1361 1683 1399 λεῖπον

146 1424 427 1476 ἐξακούμενοι
454 1422 525 1464 καὶ
553 1427 610 1479 τῷ
632 1425 833 1477 πρόσθεν
859 1422 1162 1477 ἐξομοιοῦντες
1189 1425 1251 1473 εἷς
1278 1423 1510 1476 δύναμιν.)

227 1487 345 1530 Ἐπεὶ
367 1488 415 1530 δὲ
435 1487 545 1542 ἀμφὶ
568 1490 619 1528 τὰ
639 1488 930 1530 ὀκτωκαίδεκα
951 1486 1023 1542 ἔτη
1046 1490 1275 1542 γεγονότες
1290 1485 1416 1541 ἦσαν,
1431 1487 1682 1542 ἀμφίλογόν

145 1571 185 1596 τι
211 1553 309 1608 περὶ
337 1560 412 1607 τῆς
438 1560 574 1608 νομῆς
600 1554 748 1603 αὐτοῖς
776 1555 941 1606 γίνεται
970 1555 1078 1608 πρὸς
1106 1556 1211 1603 τοὺς
1245 1553 1496 1607 Νεμέτορος
1527 1556 1681 1607 βουκό-

147 1624 264 1669 λους,
293 1635 333 1661 οι
361 1619 459 1673 περὶ
486 1621 534 1661 τὸ
563 1619 812 1660 Αὐεντῖνον
838 1620 940 1674 ὅρος
967 1618 1149 1674 ἀντικρὺ
1177 1625 1255 1660 τοῦ
1284 1619 1570 1660 Παλλαντίου
1596 1621 1679 1660 κεί-

144 1700 281 1738 μενον
319 1679 440 1737 εἶχον
481 1684 557 1732 τὰς
595 1684 866 1736 βουστασεις.
917 1682 1104 1738 ἠτιῶντο
1144 1685 1192 1725 δε
1230 1683 1448 1738 αλληλους
1487 1683 1681 1737 ἑκάτεροι

144 1750 314 1803 θαμινὰ
340 1748 363 1802 η
392 1750 472 1802 τὴν
495 1750 552 1802 μὴ
574 1751 889 1803 προσήκουσαν
910 1749 1077 1803 ὀργαόα
1098 1765 1358 1802 κατανεμειν
1379 1764 1403 1802 η
1425 1765 1505 1802 την
1525 1765 1682 1803 κοινην

146 1818 311 1868 μόνους
343 1816 595 1867 (διακρατεῖν
628 1813 652 1868 η’
687 1814 709 1855 ὅ
742 1831 783 1856 τι
817 1815 979 1868 δήποτε
1010 1815 1147 1868 τύχοι.
1193 1813 1239 1857 ἐκ
1270 1815 1318 1856 δὲ
1343 1821 1418 1868 τῆς
1445 1814 1682 1870 ἁψιμαχίας

144 1880 303 1933 ταύτης
324 1879 528 1933 ἐγένοντο
554 1881 720 1933 πληγαί
736 1895 841 1921 ποτε
862 1881 934 1922 διὰ
956 1887 1129 1935 χειρῶν,
1157 1877 1248 1922 εἶτα
1270 1878 1325 1922 δι’
1353 1880 1512 1921 ὅπλων.
1550 1881 1681 1935 τραύ-

143 2021 354 2066 βασιλικοὺς
379 2020 442 2054 καὶ
469 2019 684 2065 ἀγελάρχας,
711 2020 759 2060 ὡς
784 2019 901 2064 μηδὲν
927 2021 1050 2055 αὐτῶν
1070 2021 1180 2065 ἀρετῇ
1202 2019 1464 2064 διαφέροντας,
1491 2021 1678 2064 ὑπερφρο-

143 2074 293 2107 νοῦντες
325 2066 401 2102 οὔτ’
434 2068 587 2111 ἀπειλῆς
618 2066 836 2111 ἐφρόντιζον
869 2067 953 2102 οὔτε
986 2068 1107 2112 ὀργῆς.
1153 2069 1310 2113 ἐχρῶντο
1345 2068 1384 2102 δὲ
1418 2067 1580 2108 διαίταις
1615 2069 1678 2102 καὶ

143 2117 360 2173 διατριβαῖς
379 2116 615 2173 ἐλευθερίοις,
643 2116 686 2149 οὐ
711 2115 779 2158 τὴν
806 2115 938 2160 σχολὴν
963 2115 1178 2158 ἐλευθέριον
1197 2116 1396 2160 ἡγούμενοι
1417 2115 1481 2149 καὶ
1500 2115 1567 2159 τὴν
1587 2116 1678 2149 ἀπο-

143 2177 246 2202 νιαν,
279 2161 369 2196 ἀλλὰ
401 2162 587 2207 γυμνάσια
619 2163 682 2196 καὶ
714 2162 838 2206 θήρας
868 2163 930 2197 καὶ
957 2161 1118 2207 δρόμους
1144 2163 1208 2197 καὶ
1233 2161 1274 2197 τὸ
1301 2162 1433 2207 ληστάς
1460 2163 1678 2206 ἀμύνασθαι

143 2212 217 2255 [mc
243 2210 359 2245 Vatze.
387 2209 592 2251 ἀλέξασθαι
618 2210 742 2255 uulg]
768 2210 831 2244 καὶ
863 2212 1011 2250 κλῶπας
1043 2210 1136 2245 ἑλεῖν
1170 2211 1232 2244 καὶ
1265 2209 1349 2255 βιας
1379 2209 1569 2251 ἐξελέσθαι
1592 2211 1679 2250 τοὺς

143 2257 422 2301 ἀδικουμένους.
462 2253 555 2300 ἦσαν
583 2257 623 2292 δὲ
650 2258 713 2292 ὁια
739 2263 856 2291 ταῦτα
881 2256 1106 2315 περιβόητοι.
1148 2260 1192 2300 (c.
1212 2260 1247 2301 7)
1275 2259 1485 2302 Γενομένης
1511 2257 1552 2292 δέ
1576 2271 1678 2297 τινος

141 2303 234 2348 πρὸς
258 2318 344 2345 τους
366 2305 588 2349 Νομήτορος
614 2303 817 2362 βουκόλους
842 2311 919 2345 τοῖς
938 2303 1123 2350 Αμουλίου
1145 2307 1332 2349 διαφορᾶς
1351 2319 1415 2339 και
1436 2304 1678 2350 βοσκημάτων

141 2352 295 2392 ἐλάσεως
321 2353 388 2386 οὐκ
422 2351 669 2398 ἀνασχόμενοι
701 2351 947 2397 συγκόπτουσι
978 2353 1044 2397 μὲν
1077 2353 1213 2392 αὐτοὺς
1244 2353 1308 2387 καὶ
1333 2351 1550 2396 τρέπονται,
1584 2353 1677 2387 ἀπο-

140 2399 335 2444 τέμνονται
368 2398 409 2434 δὲ
439 2405 503 2444 τῆς
535 2398 634 2440 λείας
667 2400 814 2445 συχνήν.
861 2400 1163 2444 ἀγανακτοῦνυος
1189 2399 1230 2434 δὲ
1256 2406 1321 2434 τοῦ
1348 2400 1569 2444 Νομήτορος
1596 2400 1677 2434 ὠλι-

140 2449 301 2491 γώρουν·
341 2452 502 2491 συνῆγον
528 2448 568 2482 δὲ
594 2448 658 2481 καὶ
683 2447 950 2492 προσεδέχοντο
977 2448 1134 2487 πολλοὺς
1159 2447 1225 2491 μὲν
1252 2445 1428 2490 ἀπόρους,
1454 2448 1612 2487 πολλοὺς
1637 2448 1677 2481 δὲ

141 2495 314 2538 δούλους,
347 2494 514 2538 θράσους
547 2495 797 2530 ἀποστατικοῦ
830 2495 894 2529 καὶ
927 2495 1167 2539 φρονήματος
1199 2494 1315 2540 ἀρχὰς
1346 2494 1566 2534 ἐνδιδόντες.
1610 2500 1676 2529 τοῦ

235 2626 255 2661 1
285 2622 388 2677 αὐτῷ
411 2625 615 2662 ΙΡῙειιΐεκα·
647 2623 750 2679 αὐτῷ
777 2625 866 2662 libra·
989 2625 1014 2660 4
1042 2622 1338 2674 ὑποβάλλεσθαι
1366 2624 1466 2664 Cleis.
1561 2625 1584 2661 6
1615 2622 1676 2675 ῥέ-

141 2697 216 2733 μον
245 2682 345 2721 ΟΙιίε.
438 2685 491 2721 14
517 2681 559 2722 ἐκ
586 2684 656 2721 del.
677 2684 875 2731 Kiesslinss
938 2682 1000 2721 ἐπὶ
1026 2695 1096 2720 om.
1123 2684 1223 2721 Clzis.
1245 2683 1378 2721 Vrbz'n.
1401 2684 1489 2720 add.
1510 2683 1677 2731 Sylbmy

144 2743 195 2780 15
224 2740 532 2793 ἕπιστρεφούσης
558 2743 647 2780 libri
708 2740 732 2792 ἡ
759 2737 956 2792 Ῥωμύλου
984 2745 1057 2793 λεγ.
1078 2743 1289 2780 Buecheler
1413 2745 1465 2780 18
1493 2740 1674 2789 ἐξασκού-

141 2815 250 2851 μενοι
280 2801 410 2839 Γνόῖη.
537 2803 588 2839 19
622 2800 725 2851 ἀμφι
746 2831 754 2839 .
776 2832 782 2839 .
807 2835 812 2840 .
835 2804 951 2853 λογον
984 2802 1112 2839 Γνόιή.
1243 2803 1293 2840 21
1329 2799 1514 2852 ἄντικρυς
1542 2802 1674 2840 Γνῦἱιι.

143 2862 195 2898 25
224 2859 367 2911 πληγαὶ
387 2863 478 2908 1208?
502 2866 638 2911 χειρῶν
667 2863 800 2898 inserit
829 2862 960 2898 Vrbin.
