2002 3342
622 209 659 242 L.
682 207 880 243 COELIVS
907 206 1187 241 ANTIPATER
1499 219 1669 250 CCXXXJ

138 326 214 370 est,
247 321 375 370 ipsum
403 319 578 357 Silenum
613 319 659 357 ab
693 320 749 357 eis
782 331 860 356 uon
893 330 979 356 esse
1008 320 1261 369 exscriptum.
1303 317 1472 368 plurima
1499 319 1603 356 enim
1631 319 1671 356 in

137 397 272 423 eorum
306 384 417 422 libris
449 385 724 433 inueniuntur,
758 396 875 434 quae,
909 395 997 421 cum
1031 384 1161 421 minus
1190 383 1378 421 decerent
1402 382 1673 434 Hannibalem,

137 463 158 489 a
179 450 309 488 Sileno
330 451 415 488 eius
436 451 561 488 amico
582 450 740 488 omnino
761 460 839 487 non
865 450 1068 499 potuerint
1087 449 1299 486 memoriae
1319 447 1446 499 prodi,
1472 447 1671 500 multaque

137 514 314 567 prodigia
347 513 522 564 aliaeque
556 526 637 564 res,
673 526 769 564 quas
803 514 879 551 nisi
912 512 1110 552 Romanus
1143 515 1210 551 uix
1243 515 1451 564 quisquam
1483 515 1672 552 memoria

137 580 274 631 dignas
301 591 386 618 esse
413 580 623 630 putauerit,
651 591 749 629 quae
778 584 908 617 tamen
936 578 1122 629 pleraque
1149 579 1203 616 ita
1230 578 1276 617 ab
1302 584 1471 630 utroque
1499 580 1673 630 exposita

136 649 245 695 sunt,
277 651 321 683 ut
347 657 424 682 non
454 646 562 695 ipsos
589 644 659 683 sed
686 656 823 682 eorum
851 649 1052 682 auctorem
1080 639 1164 695 (uel
1191 640 1391 698 auctores)
1421 649 1459 683 et
1486 643 1609 683 Sileni
1636 649 1675 683 et

135 709 299 748 Romani
326 709 492 748 alicuius
520 710 725 760 scriptoris
754 709 894 747 samam
916 710 1170 747 contexuisse
1196 710 1462 748 manufestum
1484 711 1545 748 sit.
1585 710 1673 760 quis

134 781 264 814 autem
292 775 356 813 ille
382 779 519 814 auctor
545 775 665 813 fuerit
689 774 753 813 uel
780 775 848 826 qui
875 779 1068 825 auctores,
1096 786 1145 813 ne
1167 776 1393 813 coniectura
1422 774 1581 826 quidem
1609 773 1673 813 ad·

134 842 246 891 sequi
267 841 496 891 poterimus,
524 839 619 878 illud
641 841 725 878 iure
747 852 834 878 meo
856 839 1064 878 adfirmare
1091 852 1207 890 posse
1228 840 1326 878 mihi
1346 840 1497 891 uideor,
1524 839 1674 878 fabulas

135 911 173 944 et
208 905 524 944 narratiunculas
557 904 603 943 ab
638 906 695 943 eis
729 906 845 944 etiam
880 906 1005 955 magis
1038 917 1154 956 quam
1188 917 1208 944 a
1235 904 1366 944 Coelio
1401 906 1546 944 factum
1580 909 1674 954 erat,

134 976 279 1021 auctas,
307 970 423 1009 tidem
451 976 581 1008 autem
602 970 831 1009 historicam
859 972 1052 1008 minutam
1079 982 1178 1009 esse.

225 1035 300 1074 Sed
331 1041 375 1074 ut
408 1035 454 1074 ad
482 1048 565 1074 rem
593 1035 818 1086 redeamus,
853 1035 988 1074 Liuius
1015 1040 1174 1086 praeter
1198 1035 1404 1087 Polybium
1431 1040 1471 1074 et
1497 1035 1673 1074 Coelium

134 1102 174 1139 in
206 1100 318 1140 libris
351 1100 607 1139 XXI—XXX
639 1102 756 1139 etiam
789 1100 885 1139 alios
919 1101 1046 1139 sontes
1079 1102 1217 1140 citauit
1247 1100 1429 1139 Cincium
1456 1098 1524 1151 21,
1546 1099 1615 1151 38,
1636 1098 1675 1151 3,

133 1166 295 1205 Fabium
322 1164 391 1217 22,
408 1164 504 1216 7,4‚
538 1166 722 1204 Pisonem
755 1162 998 1217 25,39,15,
1032 1165 1237 1205 Claudium
1267 1165 1382 1205 Acilii
1415 1167 1674 1217 interpretem

132 1229 285 1282 25,39,
303 1229 368 1282 12,
394 1231 592 1270 Valerium
619 1233 815 1270 Antiatem
841 1228 993 1282 25,39,
1013 1228 1078 1270 14.
1108 1229 1178 1282 26,
1192 1228 1262 1282 49,
1277 1229 1314 1270 3.
1342 1229 1495 1283 28,46,
1515 1229 1578 1270 14.
1607 1229 1675 1282 29,

132 1294 201 1347 35,
216 1295 253 1335 2.
287 1295 355 1348 30,
371 1294 468 1349 3,6;
498 1294 564 1347 19,
583 1295 654 1349 113
689 1294 757 1347 29,
774 1295 812 1348 7,
845 1296 1016 1335 Ennium
1044 1294 1113 1348 30,
1128 1294 1184 1336 26
1212 1302 1262 1347 et,
1289 1301 1332 1335 ut
1359 1309 1426 1336 eos
1453 1296 1558 1336 locos
1586 1299 1674 1335 mit-

132 1368 228 1412 tam,
261 1361 329 1400 ubi
357 1357 420 1415 (ut
445 1360 513 1413 21,
528 1358 605 1416 47>
635 1361 812 1401 diuersas
843 1361 1020 1400 eiusdem
1047 1363 1105 1400 rei
1132 1363 1399 1413 expositiones
1432 1363 1573 1401 inscite
1604 1364 1674 1401 mi-

133 1429 236 1465 scuit
256 1433 295 1465 et
309 1426 498 1478 confudit,
513 1425 580 1478 23,
597 1425 635 1478 6,
651 1424 689 1465 6.
718 1425 784 1478 26,
800 1424 868 1477 49,
888 1425 1005 1478 1sqq.
1027 1424 1095 1478 30,
1113 1425 1179 1477 16,
1197 1425 1251 1466 12
1272 1440 1371 1478 quae
1393 1433 1473 1466 tres
1495 1433 1675 1467 auctores

133 1492 181 1531 de
209 1492 345 1531 eadem
367 1505 408 1531 re
430 1494 641 1530 memoriae
663 1492 942 1543 prodidissent,
971 1497 1104 1543 aperte
1128 1491 1317 1531 distinxit.
1358 1505 1463 1544 ergo,
1491 1494 1675 1544 quoniam

134 1557 179 1596 de
214 1559 270 1596 eis
305 1557 407 1595 Liuii
439 1557 636 1608 partibus,
674 1570 772 1608 quae
804 1570 882 1596 non
916 1559 996 1596 sint
1026 1570 1073 1596 ex
1099 1557 1258 1608 Polybio
1291 1570 1450 1609 uersae,
1484 1559 1562 1596 nisi
1589 1558 1674 1597 aliis

131 1624 370 1661 testimoniis
397 1622 445 1661 ad
466 1622 641 1661 Coelium
669 1635 914 1673 reuocamur,
942 1624 1120 1674 quaestio
1148 1622 1330 1674 ambigua
1352 1629 1423 1674 est,
1450 1636 1543 1662 num
1567 1629 1675 1662 recte

132 1687 179 1726 ad
206 1689 291 1726 eius
318 1689 591 1726 auctoritatem
619 1689 853 1739 referantur,
881 1701 929 1726 ne
959 1689 1206 1727 coniecturas
1234 1689 1474 1727 coniecturis
1496 1689 1672 1727 cumula·

131 1765 275 1804 remus,
302 1765 368 1791 eas
395 1753 468 1791 hoc
495 1753 580 1791 loco
608 1765 842 1792 enumerare
870 1753 1081 1803 noluimus,
1108 1755 1344 1804 praesertim
1371 1767 1460 1793 cum
1488 1753 1533 1793 de
1561 1753 1672 1792 libris

129 1817 216 1856 XXI
244 1823 282 1856 et
307 1817 411 1856 XXII
444 1818 517 1856 hoc
550 1820 627 1856 iam
661 1818 877 1857 absoluerit
908 1824 1021 1870 pater
1053 1831 1183 1870 meus,
1218 1818 1265 1858 de
1295 1818 1318 1857 l.
1346 1818 1670 1858 XXIII—XXVII

129 1885 350 1934 susceperit
376 1883 418 1922 G.
440 1879 668 1938 Michae11>z
696 1884 790 1922 satis
810 1884 908 1922 mihi
929 1896 1016 1922 esse
1037 1885 1168 1922 uisum
1195 1889 1256 1923 est
1278 1889 1447 1923 stemma
1473 1884 1672 1936 quoddam

131 1947 368 1999 depinxisse,
388 1954 432 1986 ut
452 1960 550 1999 quae
572 1950 623 1987 sit
642 1953 775 1987 nostra
798 1948 844 1987 de
867 1948 979 1987 Liuio
1001 1950 1207 2000 sententia,
1230 1948 1401 1988 dilucide
1421 1949 1671 2001 explanetur:

215 2037 350 2072 Fabius
386 2035 532 2072 Cincius
582 2038 749 2072 Philinus
1151 2032 1295 2068 Silenus
1321 2033 1483 2077 (Sosylus
1504 2032 1695 2079 Chaereas)

228 2763 259 2806 1)
288 2763 344 2797 De
374 2764 532 2806 ratione,
565 2775 638 2808 qua
670 2764 714 2798 L.
748 2765 788 2797 in
820 2765 928 2799 tertia
959 2765 1092 2800 decade
1123 2777 1226 2810 opere
1252 2767 1459 2811 Polybiane
1491 2778 1580 2801 usus
1610 2768 1669 2801 sit.

129 2813 359 2902 ᾓέεὲέἷοῃη.
377 2820 478 2850 1867.
518 2817 722 2851 Kahrstedt
748 2817 838 2861 quid
858 2817 938 2862 ipse
959 2818 1121 2861 sentiret,
1148 2818 1172 2854 l.
1189 2830 1217 2854 s,
1237 2831 1273 2863 p.
1292 2823 1477 2853 143—362
1498 2830 1671 2863 persecu·
