2002 3342
618 154 645 188 Ι.
674 153 736 187 DE
767 151 1041 187 ANNALIBVS
1067 151 1269 185 MAXIMIS
1616 164 1713 193 xvn

179 268 224 306 fr.
251 264 292 321 1)
327 267 379 305 ita
407 278 471 304 eas
499 264 836 315 significauerunt,
862 267 905 301 ut
933 261 1110 300 dicerent
1143 263 1282 300 tabula
1310 274 1414 310 (μιαί)
1442 263 1552 310 apud
1576 265 1710 310 ponti-

173 336 290 381 ficem
317 334 536 370 maximum
564 335 622 368 est
648 325 737 382 (ἐπὶ
764 331 843 366 τοῦ
870 326 989 379 παρὰ
1014 331 1106 373 τοῖς
1132 324 1381 378 ἀρχιερεῦσι
1411 323 1614 375 κειμένου
1642 327 1711 364 ,τί-

178 393 349 449 νακος),
389 408 555 447 quorum
588 401 819 444 utrumque,
852 394 886 431 si
918 393 1111 441 nouisset,
1149 391 1259 429 illum
1293 390 1516 429 breuiorem
1556 391 1710 429 titulum

179 467 405 513 spreturum
439 461 559 499 tuisse
587 472 664 498 non
692 464 751 497 est
784 456 984 496 credibile.
1025 462 1113 507 post
1146 456 1316 494 Mucium
1351 462 1479 494 autem
1514 456 1576 494 hic
1611 456 1712 506 apud

177 539 315 565 omnes
336 525 533 564 increbuit
554 526 716 575 eiusque
733 525 842 573 origo
863 528 998 573 postea
1019 521 1109 560 inde
1127 520 1405 571 deducebatur,
1421 521 1522 572 quod
1539 522 1710 571 pontifex

179 593 373 631 maximus
407 603 473 629 eos
507 585 803 642 condidissem)
850 600 954 626 nunc
988 592 1118 625 autem
1152 586 1270 636 uulgo
1304 598 1372 624 eos
1408 586 1583 635 annales,
1624 599 1711 624 cum

179 657 402 706 ederentur,
429 660 590 706 propter
617 666 809 692 annorum
837 652 1108 703 librorumque
1134 651 1429 690 multitudinem
1459 652 1648 689 maximos
1676 658 1713 689 et

180 722 301 761 fuisse
330 726 367 760 et
399 722 619 759 nominatos
647 732 732 758 esse
761 719 1018 767 existimatur,
1052 722 1167 768 atque
1195 718 1328 755 nescio
1356 728 1403 755 an
1431 718 1547 755 etiam
1576 718 1712 755 Cicero

178 786 343 826 eandem
377 786 612 825 sententiam
646 790 806 823 secutus
839 785 900 821 sit.
940 795 1029 821 nam
1063 781 1166 833 quod
1198 781 1220 820 l.
1243 794 1272 820 s.
1294 794 1323 819 s.
1351 785 1421 830 qut
1453 785 1573 820 ettam
1606 794 1714 821 nunc

179 853 307 903 inquit
339 854 510 890 annales
541 853 711 889 maoee‘mz'
743 852 1015 899 nominantur,
1049 860 1093 886 ea
1124 846 1246 886 uerba
1278 848 1344 885 uix
1384 852 1568 897 poterunt
1601 846 1714 885 aliter

179 917 368 968 explicari
400 917 477 954 nisi
504 916 590 954 illos
618 914 796 965 annales,
830 915 904 953 etsi
931 913 1034 963 aliis,
1068 918 1111 951 ut
1137 912 1204 952 Cn.
1227 911 1341 950 Gellii
1366 911 1479 950 libris
1507 913 1713 951 minimum

180 983 391 1033 nonaginta
426 987 595 1032 septem,
629 979 837 1018 admodum
871 978 1034 1030 prolixis
1067 979 1241 1028 superati
1269 983 1401 1016 essent
1433 978 1714 1027 magnitudine,

180 1053 311 1086 tamen
345 1048 463 1085 etiam
495 1051 589 1085 tunc
622 1046 812 1084 maximos
846 1043 1059 1095 appellatos
1087 1039 1223 1097 esse.2)
1262 1048 1466 1093 praeterea
1493 1042 1620 1081 eidem
1649 1055 1713 1081 an-

180 1112 288 1151 nales
304 1112 451 1163 aliquot
471 1111 567 1150 locis
587 1116 750 1162 propter
770 1111 986 1160 scriptores
998 1111 1240 1159 pontificum
1260 1111 1529 1147 maximorum
1549 1111 1715 1147 {trinales

182 1173 281 1231 (Cic.
305 1177 350 1215 de
372 1177 469 1227 legg.
494 1175 530 1226 1,
552 1174 590 1226 2,
612 1175 650 1215 6.
691 1174 821 1220 Quint.
847 1172 912 1225 10,
933 1172 971 1223 2,
989 1171 1032 1227 7)
1067 1179 1106 1212 et
1136 1179 1298 1224 propter
1333 1174 1607 1212 auctoritatem
1640 1186 1714 1224 qua

178 1242 392 1282 utebantur
411 1241 608 1293 publicam
621 1243 782 1291 publici
803 1240 987 1278 dicuntur
1008 1236 1106 1292 (Cic.
1123 1238 1169 1277 de
1191 1251 1233 1277 re
1254 1252 1289 1290 p.
1308 1236 1346 1288 2,
1365 1236 1430 1289 15,
1446 1235 1513 1277 28.
1540 1238 1714 1277 Diomed.

179 1306 206 1347 3
233 1321 269 1359 p.
283 1305 371 1346 484
386 1303 449 1361 K.)
461 1303 513 1361 3),
547 1319 674 1358 neque
708 1312 838 1345 tamen
872 1307 928 1344 sic
956 1317 1022 1344 eos
1049 1305 1263 1355 inscriptos
1290 1316 1376 1343 esse
1403 1305 1611 1355 quisquam
1638 1303 1714 1342 col-

179 1373 331 1424 legerit.

271 1437 464 1483 Quoniam
490 1439 612 1488 igitur
639 1437 788 1476 tabulas
816 1436 973 1488 publice
1000 1437 1040 1474 in
1068 1436 1175 1486 regia
1201 1436 1441 1486 propositas,
1474 1440 1564 1486 post
1592 1436 1632 1473 in
1659 1440 1714 1473 ta-

181 1503 287 1542 blino
314 1505 506 1554 repositas
535 1509 573 1542 et
599 1502 759 1541 annales
788 1516 807 1541 a
834 1502 961 1540 Mucio
990 1501 1114 1540 editos
1143 1500 1411 1551 distinximus,
1445 1500 1714 1551 quaerendum

181 1570 273 1619 erit,
301 1581 376 1619 qua
408 1573 533 1607 aetate
560 1568 648 1607 illae
675 1570 843 1619 proponi
870 1572 1030 1618 coeptae
1059 1568 1148 1605 sint.
1188 1566 1301 1604 cuius
1329 1567 1388 1604 rei
1414 1577 1504 1604 cum
1531 1565 1714 1604 omnihus

277 1697 308 1739 1)
334 1695 473 1729 Paulus
500 1707 528 1730 s.
548 1706 584 1729 u,
610 1706 645 1737 p.
663 1698 746 1729 126:
783 1694 948 1728 IlIaximz'
973 1693 1126 1727 annales
1151 1692 1448 1737 appellabantur,
1473 1703 1548 1727 non
1577 1694 1715 1737 maym'-

179 1749 307 1784 tudine
331 1749 392 1783 sed
418 1749 513 1793 quod
539 1759 596 1782 eos
616 1748 786 1793 pontifex
810 1747 994 1781 mamimus
1019 1746 1235 1788 confecisset.
1282 1745 1447 1780 Macrob.
1467 1747 1535 1779 sat.
1558 1748 1590 1788 3,
1605 1749 1636 1788 2,
1656 1749 1714 1780 17:

180 1802 260 1837 Hos
293 1803 445 1837 annales
476 1802 663 1847 appellant
691 1801 853 1845 equidem
886 1801 1062 1834 mammos
1093 1801 1202 1844 quasi
1232 1811 1255 1834 a
1283 1799 1518 1843 pontificibus
1547 1800 1716 1833 maximis

179 1856 305 1898 factos.
345 1855 445 1889 Seru.
467 1867 501 1899 p.
518 1867 564 1889 1v.

276 1910 310 1952 2)
336 1908 535 1943 Hulleman
566 1920 602 1952 p.
619 1911 661 1941 53
695 1907 747 1941 sic
774 1907 1043 1951 interpretatus
1076 1908 1148 1940 est:
1183 1905 1294 1941 Crede
1326 1906 1416 1940 mihi
1444 1905 1568 1940 ‘etiam
1598 1906 1712 1940 nunc'

181 1962 288 2005 charit,
315 1962 421 2006 quod,
447 1963 617 2007 quamuis
643 1966 729 1996 esset
753 1962 926 1996 historiae
950 1960 1160 1995 scribendae
1179 1971 1269 1994 cura
1295 1959 1434 2003 pridem
1457 1959 1507 1993 ad
1527 1960 1716 2003 pontifices

181 2017 338 2051 minores
356 2016 490 2058 delata,
516 2020 557 2050 ¹ut
582 2019 657 2049 tum
680 2015 898 2058 pontificum
923 2014 1061 2048 scribae
1088 2013 1298 2056 audiebant,
1323 2012 1439 2047 nihilo
1466 2013 1587 2048 minus
1610 2017 1716 2047 uetus

179 2080 309 2104 nomen
340 2070 510 2104 manebat
537 2069 705 2103 ‘annales
730 2068 917 2102 maximi&
958 2067 1022 2101 sed
1048 2066 1238 2111 profectus
1267 2068 1322 2100 est
1354 2066 1393 2100 in
1422 2076 1466 2099 ea
1492 2077 1530 2100 re
1557 2065 1603 2099 ab
1637 2065 1714 2110 opi-

181 2122 302 2165 nione,
328 2133 451 2165 quam,
479 2133 562 2156 eum
588 2132 657 2156 nec
682 2133 748 2166 per
774 2132 812 2155 se
838 2120 1044 2165 probabilis
1071 2121 1168 2154 esset
1193 2131 1261 2154 nec
1293 2119 1370 2153 ullo
1403 2119 1586 2153 niteretur
1610 2119 1715 2153 testi-

181 2175 322 2217 monio,
350 2175 483 2209 falsam
509 2185 589 2209 esse
615 2175 691 2209 iam
718 2185 831 2218 supra
857 2186 969 2218 p.x1v
994 2173 1217 2208 monuimus.
1253 2173 1381 2216 itaque
1407 2184 1452 2206 ne
1480 2171 1537 2206 illi
1564 2172 1713 2216 quidem

181 2228 484 2273 interpretationi
511 2228 752 2263 adsentimur.

277 2283 310 2325 3)
336 2282 461 2317 Verba
480 2281 684 2323 Diomedis,
711 2281 776 2324 qui
802 2283 939 2315 temere
960 2280 1015 2314 ita
1040 2279 1217 2323 loquitur,
1239 2279 1344 2324 quasi
1370 2278 1484 2313 etiam
1505 2289 1571 2313 sua
1592 2280 1715 2313 aetate

181 2346 260 2370 mos
281 2335 435 2369 annales
455 2346 550 2369 max.
573 2334 791 2369 conficiendi
814 2335 976 2375 maneat,
1002 2333 1094 2367 haec
1117 2334 1220 2367 sunt:
1247 2333 1350 2378 Epos
1372 2333 1550 2367 Latinum
1571 2333 1716 2377 primus

181 2388 288 2433 digne
314 2390 459 2433 scripsit
485 2389 516 2423 is
542 2389 707 2433 (Ennius
728 2387 821 2422 coni.
842 2386 1135 2430 Reifferscheid),
1163 2387 1301 2430 quires
1321 2386 1573 2421 Romanorum
1599 2386 1713 2420 decem

180 2446 214 2477 et
239 2447 316 2477 octo
335 2443 531 2486 conplexus
556 2446 605 2476 est
631 2442 746 2484 libris,
773 2442 837 2485 qni
855 2445 887 2475 et
906 2441 1059 2475 annales
1084 2440 1347 2482 inscribuntur,
1373 2439 1469 2484 quod
1487 2439 1714 2484 sinqutorum

181 2497 254 2538 fere
287 2507 468 2530 annorum
502 2499 604 2530 actus
635 2495 863 2537 contineant,
900 2495 993 2528 sicat
1020 2494 1165 2538 publici
1199 2493 1370 2534 annales,
1408 2503 1495 2536 quos
1527 2493 1716 2536 pontifices

180 2549 386 2592 scribaeque
410 2548 616 2591 conficiunt.
644 2567 689 2573 -
717 2546 824 2588 Quod
849 2557 937 2581 uero
964 2546 1045 2580 hice
1074 2545 1227 2580 annales
1252 2545 1396 2590 publici
1415 2544 1713 2590 appellabantur.

182 2601 334 2636 minime
355 2601 522 2646 sequitur
542 2601 690 2635 eosdem
710 2601 862 2635 annales
878 2601 1010 2644 popula·
1023 2600 1187 2635 Romani
1204 2598 1390 2633 nominari
1410 2599 1587 2642 potuisse.
1619 2597 1714 2632 mul-

182 2658 262 2689 tum
297 2654 396 2688 enim
427 2654 525 2688 inter
556 2654 708 2688 annales
741 2653 910 2698 publicos
943 2654 980 2688 et
1013 2663 1044 2686 a.
1071 2652 1202 2697 populi
1227 2652 1387 2686 Romani
1419 2652 1584 2686 interest.
1624 2661 1713 2685 caue

182 2708 299 2753 igitur
324 2707 537 2742 Ciceronem
563 2708 621 2753 (de
648 2708 745 2742 dom.
767 2719 792 2742 s.
814 2710 870 2749 32,
887 2708 956 2751 86),
986 2705 1051 2740 ubi
1078 2705 1125 2740 ad
1153 2707 1305 2740 annales
1331 2726 1374 2730 —
1396 2705 1528 2750 populi
1554 2705 1715 2740 Romani

182 2766 215 2796 et
241 2766 475 2796 monumenta
505 2763 698 2796 uetustatis
729 2762 924 2805 prouocat,
953 2758 1105 2793 annales
1131 2759 1312 2793 maximos
1333 2758 1370 2792 in
1397 2759 1519 2792 animo
1540 2757 1712 2792 habuisse

183 2814 381 2849 existimes.
422 2814 467 2848 cf.
494 2813 694 2848 Hulleman
722 2826 755 2858 p.
772 2817 826 2848 53.

254 2880 334 2905 Hist.
354 2880 438 2905 Rom.
459 2881 510 2905 rel.
526 2880 550 2911 Ι,
570 2880 613 2905 ed.
634 2881 752 2905 Peter.
778 2864 833 2905 Ed*
848 2880 899 2905 alt.
1398 2869 1430 2903 ῙῙ
