2002 3342
303 230 361 260 (ῃ,
639 215 701 249 DE
729 215 1034 250 SCRIPTORVM
1061 215 1273 250 VITISET
1301 215 1507 250 SCRIPTIS

303 333 497 366 amatores
526 327 697 365 defuisse
726 332 889 377 questus
916 331 976 365 est
999 326 1135 365 Cicero
1162 327 1201 364 in
1229 326 1349 364 Bruto
1379 323 1445 376 17,
1466 324 1533 376 66,
1559 326 1626 365 ubi
1648 326 1834 366 Catonem

303 392 423 430 simili
451 392 604 430 Philisti
632 396 747 442 atque
777 392 900 442 ipsius
927 391 1167 442 Thucydidis
1195 396 1420 442 contemptu
1449 391 1682 430 consolatur.

393 456 557 495 Aliunde
591 458 648 494 eis
680 458 761 494 uita
796 456 948 494 reddita
982 461 1052 494 est.
1097 469 1185 494 nam
1212 456 1376 505 Varro,
1414 469 1648 507 quamquam
1683 456 1834 495 duobus

300 523 398 561 loeis
435 521 624 560 librorum
663 523 919 572 superstitum
956 534 1091 559 earum
1127 522 1350 560 testimonia
1386 527 1539 560 exstant
1575 516 1641 574 (de
1670 534 1710 559 re
1738 527 1834 560 rust.

302 589 348 625 t'r.
370 585 438 625 43.
461 582 599 640 5O)1),
627 592 756 625 tamen
784 587 825 625 in
853 586 939 625 aliis
966 599 1100 625 earum
1128 587 1398 625 auctoritatem
1425 588 1477 625 ita
1504 592 1663 625 secutus
1690 591 1766 637 est,
1792 592 1837 625 ut

300 665 372 703 pro
409 653 508 690 sama
541 651 678 690 Naeuii
712 657 750 690 et
782 651 915 703 Ennii,
955 653 1023 703 qui
1057 651 1265 690 Romulum
1302 651 1454 690 Aeneae
1493 657 1675 702 nepotem
1714 651 1835 690 fuisse

300 717 526 768 uoluerant,
560 718 744 755 Catonem
779 717 1036 756 substitueret
1069 722 1183 767 atque
1211 717 1327 755 etiam
1356 716 1401 755 de
1428 716 1585 755 urbium
1612 716 1835 755 Italicarum

301 782 521 833 originibus
555 795 644 821 eum
678 782 912 821 consuleret.
965 783 1072 833 atqui
1105 794 1204 832 quae
1231 781 1424 832 Vergilius
1459 781 1505 820 de
1537 781 1598 819 his
1638 781 1756 820 rebus
1794 783 1836 820 in

301 847 472 886 Aeneide
501 849 678 886 narrauit
704 847 767 886 uel
794 848 940 898 tetigit,
967 847 1062 885 baec
1090 846 1137 885 ad
1163 847 1378 885 Varronem
1405 846 1535 885 redire
1565 846 1675 885 docta
1703 846 1837 898 dispu-

299 914 446 951 tatione
473 912 515 951 R.
538 909 708 965 Ritter2)
736 913 855 951 euicit,
881 911 1065 963 idemque
1092 918 1229 964 poetae
1263 925 1352 950 cum
1387 911 1528 950 fabulis
1555 912 1712 951 Catonis
1746 924 1838 950 con·

296 990 462 1017 sensum
501 977 547 1016 ab
588 977 765 1016 eiusdem
806 977 1008 1028 diligentia
1046 983 1083 1015 et
1128 977 1385 1016 admiratione
1432 990 1518 1016 esse
1564 977 1838 1028 repetendum.

299 1044 433 1094 itaque
461 1044 578 1081 etiam
605 1042 764 1093 Vergilii
792 1043 1030 1093 interpretes
1056 1043 1158 1081 ultra
1186 1055 1275 1081 eum
1303 1042 1350 1081 ad
1378 1043 1534 1082 Catonis
1562 1044 1835 1081 auctoritatem

299 1107 555 1147 descendisse
588 1109 675 1146 ueri
709 1107 835 1146 simile
869 1113 929 1146 est.
964 1120 1090 1158 neque
1124 1114 1253 1147 tamen
1287 1114 1457 1159 certum,
1489 1114 1533 1147 ut
1569 1121 1684 1159 saepe
1722 1107 1834 1146 dubi-

303 1178 449 1224 temus,
488 1179 621 1211 utrum
655 1185 739 1211 eam
772 1173 897 1223 ipsam
932 1172 1153 1212 euoluerint
1186 1186 1234 1212 an
1261 1186 1403 1212 nomen
1436 1186 1483 1212 ex
1510 1174 1681 1212 Varrone
1708 1179 1837 1212 trans-

297 1239 476 1277 scribere
504 1239 597 1276 satis
627 1237 820 1276 duxerint.
866 1239 906 1276 in
934 1238 979 1276 fr.
1009 1236 1063 1277 76
1091 1239 1249 1290 quidem
1275 1240 1482 1290 utriusque
1516 1239 1617 1290 apud
1654 1239 1837 1277 Seruium

299 1305 417 1342 etiam
444 1316 547 1342 nunc
577 1304 832 1341 coniunctum
861 1308 981 1353 extat,
1015 1304 1100 1342 aliis
1134 1309 1336 1355 receptum
1370 1316 1456 1342 esse
1484 1304 1640 1343 Catonis
1666 1303 1837 1354 uidetur,

300 1369 420 1407 Varro
453 1370 623 1407 omissus
658 1363 720 1421 (ut
748 1367 794 1406 de
822 1368 867 1406 sr.
891 1365 942 1407 51
980 1368 1020 1407 E.
1053 1369 1205 1408 Samter
1244 1370 1402 1416 Oztaesl.
1433 1371 1603 1409 Varron.
1631 1382 1666 1420 p.
1689 1366 1745 1407 60
1773 1368 1838 1407 de-

297 1430 567 1486 monstrauit),
595 1433 634 1471 id
662 1433 765 1484 quod
793 1433 957 1472 forsitan
985 1435 1101 1473 etiam
1128 1434 1175 1473 ad
1202 1435 1298 1473 alios
1324 1435 1442 1485 locos,
1469 1434 1612 1486 quibus
1639 1434 1731 1473 Cato
1758 1446 1836 1472 una

299 1512 389 1538 eum
417 1499 490 1538 alio
518 1500 710 1550 scriptore
739 1499 939 1537 inferioris
964 1500 1101 1537 aetatis
1123 1500 1278 1549 citatur,
1304 1500 1510 1550 pertineat.
1555 1498 1708 1550 pondus
1730 1500 1836 1538 enim

299 1565 386 1603 eius
412 1565 626 1603 uerborum
654 1565 1017 1615 sententiarumque
1045 1576 1203 1615 semper
1229 1576 1349 1615 graue
1375 1564 1610 1615 habebatur,
1642 1566 1726 1615 ipsa
1760 1565 1837 1603 ori-

297 1631 435 1680 ginum
463 1630 577 1669 lectio
606 1631 709 1669 intra
728 1629 866 1668 breuia
888 1630 1078 1680 temporis
1100 1630 1225 1680 spatia
1252 1635 1311 1667 est
1338 1631 1519 1668 coercita.
1558 1635 1647 1668 utut
1667 1635 1737 1681 est,
1765 1629 1836 1668 Ca-

300 1696 382 1733 toni
416 1695 668 1734 fundamenta
706 1694 857 1734 fabulae
884 1694 1128 1745 Vergilianae
1162 1696 1256 1733 satis
1283 1694 1396 1733 nobis
1423 1696 1600 1746 cognitae
1635 1694 1835 1734 debemus

391 1760 466 1799 Sed
500 1760 546 1799 ad
580 1766 733 1799 ceteros
761 1772 893 1799 rerum
922 1760 1154 1811 scriptores,
1191 1759 1292 1811 apud
1320 1773 1417 1811 quos
1444 1761 1641 1811 originum
1668 1761 1834 1811 uestigia

298 1826 511 1876 conspicua
545 1827 640 1875 sint,
679 1838 901 1877 pergamus.
953 1826 1176 1864 citauerunt
1215 1827 1337 1876 igitur
1375 1838 1440 1864 eas
1479 1825 1644 1864 Liuius
1678 1831 1716 1864 et
1747 1825 1837 1863 Dio-

299 1892 447 1941 nysius,
475 1891 538 1929 ille
567 1897 696 1929 tamen
723 1892 764 1929 in
786 1896 923 1942 quarta
945 1890 1102 1929 demum
1133 1886 1332 1944 decadess),
1359 1903 1487 1941 neque
1515 1892 1551 1929 ei
1578 1891 1664 1941 loci,
1692 1890 1836 1941 quibus

300 1957 339 1994 in
375 1956 575 2007 prioribus
612 1956 723 1995 libris
760 1956 897 1995 Liuius
933 1955 1070 1994 eadem
1107 1955 1315 1994 tradiderit
1350 1968 1448 2007 quae
1487 1955 1578 1995 Cato
1612 1952 1678 2009 (cf.
1706 1955 1836 1994 adnot.

300 2020 347 2059 ad
373 2019 411 2060 4.
439 2019 477 2060 5.
505 2019 572 2060 20.
600 2020 668 2060 42.
697 2018 790 2075 86),
829 2023 882 2060 ita
916 2026 1007 2060 sunt
1039 2023 1271 2072 comparati,
1310 2027 1354 2060 ut
1386 2023 1610 2060 necessario
1644 2034 1733 2060 eum
1767 2033 1838 2060 sua

301 2099 346 2124 ex
381 2086 445 2125 illo
486 2087 663 2126 hausisse
706 2086 1010 2126 existimandum
1045 2088 1105 2125 sit.
1151 2088 1270 2125 immo
1303 2099 1381 2125 uno
1416 2086 1677 2125 demonstrari
1708 2091 1840 2137 potest

298 2151 493 2203 Coelium,
530 2154 596 2204 qui
624 2153 809 2191 Catonem
838 2152 1065 2203 descripsit,
1103 2152 1215 2190 Liuio
1244 2152 1392 2191 fontem
1420 2152 1559 2203 fuisse,
1595 2164 1673 2190 non
1704 2153 1836 2202 ipsum

300 2216 498 2256 Catonem.
544 2218 646 2269 apud
674 2218 861 2257 Catonem
888 2219 993 2256 enim
1022 2213 1087 2271 (fr.
1110 2214 1186 2271 86)
1214 2223 1302 2268 post
1327 2230 1498 2268 pugnam
1526 2217 1770 2256 Cannensem
1796 2216 1838 2255 id

299 2294 422 2321 unum
450 2285 639 2334 magister
672 2285 849 2334 equitum
871 2282 1207 2334 Carthaginiensis
1230 2296 1248 2321 a
1273 2283 1463 2321 dictatore
1484 2284 1594 2334 petit,
1621 2288 1663 2320 ut
1685 2294 1726 2320 se
1747 2294 1837 2320 eum

299 2349 476 2398 equitatu
503 2348 666 2387 Romam
694 2350 840 2399 mittat,
871 2348 1028 2387 Coelius
1055 2354 1185 2387 autem
1214 2344 1279 2401 (fr.
1302 2344 1377 2402 25)
1407 2350 1525 2386 etiam
1552 2348 1625 2386 hoe
1653 2360 1742 2386 eum
1769 2347 1836 2385 ad-

301 2412 458 2451 dentem
486 2415 596 2464 fecit,
629 2420 668 2453 ut
698 2416 784 2465 ipse
810 2413 1005 2452 Hannibal
1033 2419 1283 2465 sequeretur,
1316 2413 1499 2464 idemque
1533 2413 1700 2464 legimus
1733 2413 1836 2465 apud

300 2477 457 2517 Liuium
491 2474 586 2532 (22,
614 2477 687 2529 51,
715 2477 773 2531 2).
819 2485 902 2518 tum
934 2491 1031 2518 uero
1064 2480 1104 2517 in
1139 2479 1239 2517 libro
1266 2476 1340 2529 45,
1370 2492 1400 2517 e.
1423 2476 1496 2529 25,
1524 2476 1549 2517 3
1584 2491 1625 2517 se
1658 2479 1758 2518 hanc
1788 2479 1837 2517 ob

399 2614 430 2655 1)
458 2612 514 2647 Fr.
537 2615 580 2646 39
609 2612 821 2646 coniectura
849 2612 900 2646 eis
921 2611 1161 2657 adsignatum
1183 2613 1247 2653 est,
1273 2611 1349 2644 uid.
1371 2612 1417 2644 et.
1440 2610 1521 2644 adn.
1546 2610 1593 2644 ad
1615 2610 1656 2644 fr.
1682 2614 1734 2645 18.
1758 2614 1837 2645 148.

397 2667 431 2709 2)
459 2665 515 2700 De
542 2666 704 2700 Varrone
737 2667 774 2699 in
810 2665 1031 2700 enarrandis
1061 2665 1207 2700 urbium
1237 2665 1527 2708 populorumque
1559 2664 1693 2699 Italiae
1725 2665 1838 2710 oriyi-

299 2719 409 2753 nibus
430 2724 586 2754 auctore.
626 2719 779 2753 Dissert.
800 2718 950 2753 Halens.
972 2718 1066 2760 XIV,
1087 2729 1173 2762 pars
1193 2717 1254 2759 IV,
1274 2729 1310 2762 p.
1331 2720 1529 2751 287—415.
1559 2720 1667 2759 1901,
1694 2717 1732 2751 in
1761 2728 1836 2762 qua.

301 2772 563 2806 dissertatione
591 2784 668 2817 cap.
691 2776 710 2806 2
739 2772 783 2806 de
810 2771 948 2806 fabulis
975 2771 1187 2806 Catonianis
1214 2771 1349 2816 agitur.

398 2829 432 2870 3>
460 2825 588 2860 Soltau
612 2827 748 2861 Liuius
774 2838 808 2870 p.
831 2829 946 2860 8—27
974 2824 1148 2860 Catonem
1168 2825 1289 2869 ipsum
1310 2836 1331 2858 a
1351 2824 1455 2859 Liuio
1476 2824 1513 2858 in
1534 2836 1639 2858 usum
1659 2825 1835 2859 uocatum

300 2890 380 2914 esse
407 2880 570 2924 negauit.
