2002 3342
288 209 412 239 CXXX
618 195 681 230 DE
714 194 1019 230 SCRIPTORVM
1046 195 1170 229 VITIS
1196 195 1256 229 ET
1284 195 1490 231 SCRIPTIS

289 306 498 357 cusandus,
526 308 638 345 cuius
666 318 779 344 nenio
807 305 933 343 adhuc
961 318 1050 344 eum
1078 307 1266 356 coarguit.
1306 308 1436 357 itaque
1464 308 1678 358 quaeritur,
1705 320 1820 358 quas-

291 383 379 410 nam
415 370 608 423 ῐστορίας
634 370 866 409 Plutarchus
901 370 1031 409 dicere
1058 370 1240 409 uoluerit.
1281 377 1396 422 atque
1430 377 1542 410 erant
1569 372 1725 423 quidem
1753 375 1821 423 qui

290 438 374 475 eius
401 436 522 474 uerba
550 436 596 474 ad
625 434 888 485 ‘Praecepta’
920 436 1129 474 referrent:
1164 435 1231 474 sed
1259 436 1453 487 quomodo
1485 438 1603 475 haece
1633 437 1820 476 historiae

290 504 459 552 scriptae
488 500 701 551 grandibus
734 501 876 539 litteris
905 500 1192 539 conueniebant
1225 514 1313 539 cnm
1347 501 1459 539 libris
1488 501 1533 540 de
1560 502 1757 540 medicina
1784 508 1822 541 et

291 566 337 605 de
367 567 581 617 rhetorica,
608 567 674 617 qui
701 565 779 604 illis
806 567 1027 617 praeceptis
1055 565 1368 617 continebantur,
1396 579 1493 617 quos
1521 566 1567 605 ad
1595 566 1822 605 adulescen-

291 639 367 670 tem
395 631 457 670 uel
486 633 671 670 iuuenem
694 630 803 670 datos
825 644 911 669 esse
933 636 1241 669 consentaneum
1263 629 1351 670 est?
1384 637 1490 670 recte
1512 633 1633 682 igitur
1653 637 1690 670 et
1711 644 1823 683 prae-

290 702 399 747 cepta
421 697 685 747 historiasque
701 696 899 734 Plutarchi
920 697 959 734 in
980 697 1093 747 pueri
1114 708 1230 734 usum
1253 696 1428 735 conditas
1450 702 1488 736 et
1508 699 1680 748 origines
1701 697 1824 736 histo-

294 763 450 813 riasque
474 762 651 800 distinxit
672 761 872 800 Drumann
895 758 942 815 (V
957 774 992 812 p.
1009 759 1091 799 143
1105 757 1194 814 sq),
1212 763 1251 799 in
1274 763 1386 800 cuius
1407 764 1601 801 sententia
1622 762 1827 813 stabimus,

290 840 379 866 nam
412 827 523 878 plura
557 827 602 866 de
637 827 712 865 illis
746 827 941 877 historiis,
975 838 1141 877 quarum
1175 828 1365 865 memoria
1398 827 1471 865 hoe
1504 827 1584 866 solo
1618 827 1701 866 loco
1735 827 1823 866 Plu-

291 893 448 931 tarcheo
482 894 718 943 continetur,
757 892 933 942 proferre
967 891 1196 930 hariolantis
1234 898 1304 930 est.
1345 894 1462 931 etiam
1499 894 1647 931 errauit
1685 892 1825 931 Iordan

292 954 347 1011 (p.
369 954 483 1011 XXI),
509 957 612 1009 quod
639 970 659 995 a
686 963 796 1008 patre
823 958 1021 1008 epitomen
1048 958 1245 1007 originum
1267 958 1307 995 in
1334 959 1449 1009 pueri
1469 970 1585 996 usum
1607 958 1824 996 consectam

291 1036 377 1062 esse
406 1024 586 1062 coniecit.
626 1024 693 1073 qui
721 1023 824 1061 enim
852 1022 938 1060 fieri
964 1023 1108 1073 potuit,
1135 1028 1179 1061 ut
1205 1021 1298 1061 Cato
1326 1035 1371 1061 eo
1399 1028 1586 1074 tempore,
1614 1036 1703 1062 cum
1730 1035 1827 1061 non-

293 1088 384 1128 dum
413 1088 459 1127 ad
494 1093 737 1127 senectutem
770 1089 1019 1138 peruenisset
1052 1087 1217 1139 aliisque
1252 1088 1370 1127 rebus
1399 1094 1610 1140 occupatus
1641 1087 1688 1127 ad
1720 1089 1827 1139 ipsas

292 1155 465 1205 origines
494 1152 722 1192 scribendas
750 1151 959 1203 adgressus
986 1165 1064 1191 non
1093 1159 1213 1204 esset,
1247 1165 1312 1192 eas
1345 1155 1385 1192 in
1413 1155 1611 1204 epitomen
1643 1150 1831 1204 cogeret?

292 1220 550 1258 summarium
582 1220 704 1270 igitur
734 1217 828 1257 illud
865 1218 938 1256 fuit
970 1230 1103 1256 rerum
1131 1231 1150 1256 a
1178 1218 1393 1257 maioribus
1419 1218 1483 1257 uel
1509 1231 1604 1270 pace
1635 1218 1699 1258 uel
1725 1217 1829 1257 bello

294 1290 503 1336 gestarum,
531 1297 606 1335 quo
635 1284 739 1322 filius
766 1296 866 1334 puer
893 1289 931 1322 et
957 1288 1040 1322 arte
1066 1283 1222 1333 legendi
1249 1284 1514 1322 instrueretur
1541 1290 1579 1322 et
1606 1284 1831 1334 cognitione

294 1350 448 1389 illarum
476 1349 732 1399 imbueretur,
758 1355 803 1387 ut
828 1349 868 1386 in
895 1350 976 1387 uita
1003 1347 1159 1399 publica
1185 1348 1379 1399 quondam
1407 1354 1586 1388 uteretur
1614 1344 1679 1402 (cs.
1702 1349 1747 1387 fr.
1769 1344 1832 1401 3),

294 1428 371 1454 non
399 1416 567 1466 epitome
596 1415 804 1464 originum.

384 1480 611 1531 Sequuntur
625 1478 726 1530 apud
743 1478 967 1517 Cornelium
983 1478 1122 1517 uerba:
1139 1477 1329 1517 ‘Earum
1350 1484 1459 1518 sunt
1480 1478 1594 1517 libri
1614 1477 1830 1530 septem'.

294 1546 341 1585 ad
369 1558 467 1597 quae
494 1544 661 1584 uerbum
689 1557 759 1595 ego
787 1556 863 1583 non
892 1543 1057 1595 amplius
1085 1543 1288 1594 adderem,
1321 1545 1398 1582 nisi
1430 1543 1471 1582 L.
1493 1540 1702 1598 Lersehl),
1735 1556 1830 1583 num

294 1614 371 1650 iam
399 1624 419 1650 a
446 1610 590 1649 Catone
617 1610 805 1649 historiae
832 1611 872 1648 in
900 1614 1050 1661 septem
1078 1609 1198 1648 libros
1227 1608 1433 1648 distinctae
1462 1615 1611 1660 essent,
1639 1611 1831 1660 suspicio·

296 1689 384 1716 nem
413 1677 614 1715 mouisset.
654 1675 722 1714 sed
749 1680 990 1726 argumenta,
1017 1674 1160 1725 quibus
1186 1686 1282 1713 usus
1311 1680 1387 1725 est,
1413 1680 1457 1713 ut
1482 1687 1604 1713 unum
1632 1676 1829 1725 originum

295 1742 481 1781 uolumen
502 1742 798 1791 continentique
820 1741 1015 1791 scriptura
1038 1741 1255 1791 expositum
1280 1752 1299 1777 a
1322 1739 1360 1778 C.
1382 1738 1546 1778 Octauio
1568 1739 1831 1791 Lampadione

296 1811 336 1846 in
357 1814 506 1858 septem
527 1806 649 1845 libros
671 1805 844 1844 diuisum
865 1818 952 1844 esse
975 1804 1274 1855 demonstraret,
1300 1806 1431 1843 inania
1453 1810 1555 1855 sunt,
1577 1810 1692 1856 atque
1714 1806 1831 1844 etiam

296 1873 352 1924 id,
389 1885 465 1923 quo
498 1873 538 1910 in
570 1872 710 1923 primis
743 1872 894 1921 nititur,
930 1870 1014 1908 loco
1047 1870 1258 1909 Frontonis
1292 1871 1424 1923 (epist.
1452 1869 1500 1908 ad
1532 1870 1580 1908 M.
1609 1870 1716 1909 Caes.
1747 1868 1782 1921 1,
1806 1867 1829 1907 7

296 1952 332 1989 p.
348 1936 405 1977 20
419 1933 547 1991 Nah.),
575 1936 621 1975 de
649 1949 725 1987 quo
753 1937 892 1987 agitur,
920 1937 1067 1974 rectius
1095 1935 1286 1987 explicato
1311 1935 1516 1974 dilabetur.
1550 1935 1704 1974 felicem
1726 1936 1833 1974 enim

298 2016 338 2043 se
366 2002 578 2054 praedicat,
606 2001 708 2053 quod
733 2003 950 2040 orationem
972 2000 1167 2052 quandam
1190 2013 1299 2039 suam
1320 2000 1367 2039 M.
1390 2000 1532 2039 Caesar
1552 2002 1635 2052 ipse
1659 2000 1832 2051 descrip-

298 2070 411 2119 serit,
443 2080 571 2119 neque
602 2069 784 2118 cuiquam
811 2067 850 2105 id
884 2068 1095 2117 contigisse
1125 2066 1331 2105 declamat:
1372 2067 1595 2115 Contiqe'sse
1621 2067 1722 2115 quid
1754 2068 1836 2104 tale

299 2135 353 2173 M.
386 2135 530 2173 Porcio
564 2138 634 2171 (cut
675 2134 819 2179 ,Ouinio
854 2134 986 2171 Ennio
1021 2138 1092 2171 aut
1130 2133 1167 2170 C.
1201 2133 1386 2170 Graccho
1420 2138 1491 2170 aut
1529 2132 1629 2170 Titio
1656 2132 1836 2181 poetae?

299 2201 398 2248 quid
424 2199 605 2248 Scipioni
631 2204 702 2237 {tut
725 2200 968 2237 Numidico?
1000 2199 1100 2246 quid
1125 2198 1179 2236 M.
1206 2197 1332 2236 Tullio
1360 2199 1440 2236 tale
1465 2209 1539 2236 usu
1567 2199 1705 2236 uenit?
1737 2208 1833 2245 quo-

300 2277 389 2303 rum
421 2266 518 2303 libre·
540 2266 807 2313 pretiosiores
838 2265 1042 2302 habemur
1074 2269 1113 2301 ec
1143 2274 1336 2301 summam
1367 2265 1543 2311 §lordum
1572 2265 1766 2310 retinent,
1798 2264 1837 2300 sl

298 2335 392 2368 sunt
411 2327 493 2380 (a)
514 2329 793 2379 Lampadione
813 2334 883 2367 aut
905 2329 1092 2367 Staberio
1115 2334 1185 2366 aut
1205 2358 1212 2366 .
1230 2360 1237 2367 .
1253 2360 1260 2366 .
1278 2359 1285 2367 .
1306 2331 1350 2366 ui
1370 2333 1442 2366 aul
1467 2327 1613 2366 Tirone
1633 2333 1704 2366 aut
1718 2329 1836 2365 Aelio

302 2394 567 2445 [euanuerunt
600 2393 675 2432 duo
709 2405 851 2432 uersus
883 2406 972 2432 cum
1004 2392 1182 2443 dimidio]
1205 2423 1213 2431 .
1236 2423 1244 2431 .
1266 2423 1274 2430 .
1297 2399 1367 2431 aut
1399 2394 1535 2431 Attico
1569 2397 1639 2430 aut
1671 2393 1835 2441 Nepote.

301 2472 389 2498 mea
416 2462 547 2498 oratio
569 2461 723 2498 extabit
745 2459 799 2497 M.
827 2460 1015 2498 Caesaris
1040 2471 1162 2497 manu
1188 2461 1356 2508 scripta.
1389 2460 1459 2506 qui
1479 2461 1702 2497 orationem
1722 2469 1835 2506 spre-

304 2527 420 2572 uerit,
456 2527 615 2563 litteras
651 2527 925 2573 concupiscet,
962 2527 1032 2573 qui
1064 2527 1219 2573 scripta
1257 2525 1555 2572 contempserit,
1594 2524 1835 2561 scribtorem

303 2591 572 2628 reverebitur.
613 2601 711 2639 quae
738 2589 860 2627 uerba
887 2589 1068 2640 quamuis
1094 2588 1246 2627 lacunis
1274 2594 1457 2639 corrupta
1484 2594 1614 2626 tamen
1642 2599 1719 2625 non
1743 2592 1837 2625 sunt

304 2661 381 2693 tam
408 2654 587 2705 obscura,
613 2659 657 2693 ut
683 2666 761 2692 non
783 2666 990 2692 cernamus
1011 2654 1248 2692 Frontonem
1275 2665 1392 2704 agere
1414 2652 1459 2691 de
1481 2653 1719 2703 scriptorum
1740 2664 1835 2703 quo-

304 2719 468 2758 rundam
490 2719 614 2770 libris,
635 2720 702 2770 qui
721 2719 948 2758 inlustrium
969 2720 1314 2770 grammaticorum
1334 2718 1514 2756 manibus
1536 2717 1723 2768 descripti
1744 2718 1837 2755 sint.

402 2859 434 2901 1)
463 2858 634 2892 Muscam
649 2858 711 2892 der
723 2857 1054 2901 rhein.-u·estp71ael.
1070 2857 1351 2891 Schulmae‘nner
1364 2855 1413 2890 ΙΙΙ
1429 2859 1531 2899 1845,
1552 2859 1583 2897 3,
1598 2867 1632 2900 p.
1649 2858 1837 2889 233—235.
