2002 3342
696 169 735 210 Q.
764 168 932 203 FABIVS
959 168 1131 204 PICTOR
1552 184 1677 214 XCVII

145 297 181 334 p.
205 281 300 322 241.
329 280 413 322 265
430 295 512 333 sqq.
540 278 646 335 275)
679 281 891 319 Diodorum
927 281 1035 319 Fabii
1075 282 1158 319 siue
1198 281 1296 319 alius
1333 281 1509 319 eiusdem
1542 284 1678 320 aetatis

145 350 316 387 auctoris
343 348 548 387 historiam
576 346 864 385 exscribentcm
899 346 994 384 alios
1034 347 1253 397 inspexisse
1293 352 1331 384 et
1370 358 1457 384 cum
1492 348 1679 397 primario

146 413 360 452 contulisse
389 418 557 463 suntque
586 411 658 450 alia
686 418 843 462 praeter
870 410 1046 462 exempla
1072 410 1119 449 ab
1148 424 1192 449 eo
1220 410 1343 449 adlata
1374 413 1412 449 in
1439 409 1678 465 p1·omptu.¹)

146 479 222 516 iam
255 490 350 516 uero
384 479 466 528 ipse
494 477 687 516 Diodorus
715 478 907 515 sermonis
935 476 1063 514 Latini
1090 477 1252 514 scientia
1280 476 1470 526 gloriatur
1496 481 1612 527 atque
1641 479 1678 515 in

145 544 278 594 operis
318 544 378 581 sui
417 544 618 594 prooemio
660 543 753 580 haec
793 541 1037 593 praedicauit
1071 537 1129 594 (1,
1156 539 1194 592 4,
1221 538 1286 593 4):
1326 537 1476 592 ‘Huet‘g
1514 541 1596 593 γὰρ
1637 538 1678 589 ἐξ

144 605 347 659 Ἀγυρίου
380 606 428 647 τὸ
469 604 596 658 γένος
634 611 710 659 τῆς
743 606 948 653 Σικελίας
980 605 1104 652 ὄντες
1138 603 1209 644 καὶ
1242 605 1315 645 διὰ
1348 605 1428 657 τὴν
1460 603 1679 658 ἐπιμιξίαν

144 677 237 720 τοῖς
261 670 309 712 ἐν
329 677 379 726 τῇ
404 673 519 726 νήσῳ
541 671 710 724 πολλὴν
730 669 959 723 ἐμπειρίαν
980 668 1291 723 τῆςῬωμαίων
1312 668 1540 710 διαλέκτου
1562 685 1679 724 περι-

143 735 429 790 πεποιημένοι
456 736 596 785 πάσας
628 736 702 784 τὰς
735 742 810 789 τῆς
845 735 1077 788 ἡγεμονίας
1102 735 1261 787 ταύτης
1286 734 1463 787 πράξεις
1489 734 1679 789 ἀκριβῶς

143 800 468 855 ἀνελάβομεν
513 800 564 842 ἐκ
608 807 709 842 τῶν
753 798 868 853 παρ’
922 799 1151 848 ἐκείνοις
1194 799 1582 854 ὑπομνημάτων
1626 799 1679 841 ἐκ

143 869 320 907 πολλῶν
352 866 525 919 χρόνων
557 864 872 919 τετηρημένων.
924 867 1060 905 Latino
1092 868 1214 917 igitur
1245 863 1404 905 auctore
1438 879 1527 905 eum
1564 880 1677 906 usum

144 945 231 971 esse
259 934 429 971 conicias
458 938 496 971 et
522 934 816 971 commentariis
843 931 1046 971 ueteribus
1073 932 1175 983 apud
1201 931 1396 970 Romanos
1424 934 1604 983 seruatis,
1632 947 1676 972 ex

145 998 287 1049 quibus
315 999 347 1036 si
374 1010 438 1036 res
465 1010 601 1036 omnes
629 997 674 1036 ab
703 999 759 1036 eis
786 1004 916 1048 gestas
943 999 1160 1048 sumpsisse
1181 996 1310 1036 uideri
1330 997 1426 1048 uult,
1453 998 1552 1036 nihil
1573 998 1678 1038 aliud

145 1063 276 1102 dicere
309 1064 435 1114 potuit
467 1076 584 1114 quam
618 1063 768 1102 tabulas
802 1064 1033 1114 pontificum
1073 1064 1112 1100 in
1146 1062 1291 1101 tablino
1326 1064 1528 1114 repositas,
1579 1077 1678 1115 quas

142 1127 356 1167 Diodorum
396 1129 653 1180 requisiuisse
693 1134 808 1179 atque
841 1128 1021 1167 manibus
1055 1129 1214 1167 triuisse
1248 1129 1337 1179 quis
1377 1128 1528 1180 credet,
1567 1142 1677 1180 prae-

143 1195 280 1232 sertim
309 1206 396 1232 cum
425 1195 502 1232 iam
531 1193 596 1232 diu
624 1195 663 1232 in
690 1193 891 1244 publicum
919 1193 1045 1232 editae
1073 1193 1195 1231 multo
1223 1193 1467 1233 commodius
1494 1197 1678 1246 usurpari

142 1257 333 1310 possent?
374 1261 506 1310 itaque
534 1272 578 1298 eo
606 1260 873 1309 confugimus,
901 1264 943 1297 ut
970 1260 1087 1298 etiam
1114 1259 1219 1297 hunc
1245 1258 1373 1297 locum
1402 1272 1448 1298 ex
1475 1260 1579 1299 fonte
1608 1273 1677 1299 suo

142 1323 355 1363 Diodorum
390 1325 648 1376 exscripsisse
683 1323 795 1362 nobis
828 1320 1191 1376 persuadeamus2),
1225 1337 1341 1375 quem
1367 1324 1527 1375 quidem
1561 1327 1677 1364 etiam

142 1388 229 1427 aliis
262 1389 465 1428 ueteribus
498 1391 736 1428 testimoniis
775 1395 812 1428 et
852 1389 1099 1428 documentis
1140 1402 1181 1428 se
1221 1391 1388 1428 iactasse
1428 1396 1596 1435 constat,
1636 1398 1678 1430 ut.

141 1453 331 1492 Demetrii
352 1454 532 1493 Phalerei
555 1456 836 1493 commentario
858 1467 903 1493 ex
925 1454 1083 1505 Polybio
1111 1454 1158 1493 ad
1179 1454 1345 1493 uerbum
1373 1456 1561 1495 translato
1588 1453 1676 1509 (31,

146 1516 212 1569 10,
239 1518 382 1558 Nissen
416 1521 650 1559 Umersuch.
678 1532 714 1570 p.
740 1518 819 1559 111
838 1516 927 1574 sq).
981 1533 1108 1571 neque
1137 1526 1266 1559 tamen
1294 1520 1508 1572 quidquam
1535 1522 1582 1560 ad
1610 1522 1677 1561 de-

143 1584 356 1623 finiendam
390 1585 563 1635 linguam
597 1586 769 1623 auctoris
802 1585 893 1623 hinc
927 1587 1193 1636 consequitur,
1221 1587 1339 1624 immo
1372 1588 1555 1637 quoniam
1587 1587 1676 1627 Dio-

144 1649 281 1688 dorum
310 1649 504 1689 mendacii
531 1655 570 1688 et
596 1652 869 1689 ostentationis
896 1651 968 1690 hac
994 1652 1034 1689 in
1062 1663 1104 1690 re
1131 1653 1394 1702 conuicimus,
1425 1665 1562 1703 parum
1589 1655 1676 1692 ueri

143 1714 270 1753 simile
298 1715 410 1753 nobis
437 1714 637 1754 uidebitur
663 1728 751 1754 eum
781 1715 938 1754 Latinos
965 1729 1082 1767 quam
1109 1716 1279 1755 Graecos
1306 1717 1465 1756 annales
1493 1730 1562 1769 pro
1591 1719 1675 1758 fun·

144 1779 324 1818 damento
351 1780 497 1818 habere
524 1780 721 1819 maluisse.
768 1794 843 1832 qua
872 1781 918 1820 de
945 1793 1061 1820 causa
1083 1781 1186 1832 quod
1208 1781 1248 1820 E.
1265 1781 1397 1833 Meyer
1418 1777 1536 1836 (mus.
1552 1783 1674 1823 Rhen.

141 1842 197 1884 37
226 1858 261 1896 p.
283 1843 369 1884 610
384 1841 531 1900 sqq.)3)
572 1858 618 1884 ex
652 1846 787 1885 formis
819 1848 1022 1885 nominum
1062 1847 1250 1885 fastorum
1285 1849 1370 1886 eius
1404 1846 1676 1902 (Φιδηνάτης

142 1922 190 1949 ex
218 1910 385 1949 ablatiuo
407 1912 615 1962 Fidenate,
646 1909 913 1961 Στρούκτων
939 1924 985 1950 ex
1014 1908 1197 1967 Structo)
1227 1912 1477 1952 Latinitatem
1505 1917 1675 1953 auctoris

142 1977 315 2026 perspici
342 1982 637 2027 argumentatus
672 1983 748 2027 est,
787 1989 934 2016 nouum
967 1977 1188 2017 subsidium
1222 1991 1356 2017 eorum
1385 1979 1561 2030 opinioni
1588 1992 1674 2019 suc-

141 2042 287 2092 creuit,
327 2043 394 2092 qui
432 2042 552 2080 fastos
591 2055 611 2080 a
649 2042 817 2080 Diodoro
857 2055 947 2081 eum
986 2044 1210 2081 narratione
1257 2043 1543 2094 conglutinatos
1589 2057 1674 2084 esse

141 2111 394 2144 censuerunt.
445 2106 575 2145 redire
608 2107 767 2158 quidem
801 2120 866 2146 eos
900 2107 947 2146 ad
986 2107 1136 2146 tabulas
1174 2107 1330 2159 publice
1367 2110 1533 2160 scriptas
1566 2109 1674 2149 lucu-

142 2170 270 2209 lenter
295 2170 512 2210 Mommsen
540 2169 581 2224 (l.
604 2185 633 2211 s.
655 2173 687 2211 ΙΙ
713 2186 749 2224 p.
771 2169 857 2212 :225
879 2169 935 2226 n.)
963 2173 1146 2223 ostendit,
1176 2174 1216 2211 in
1244 2174 1386 2224 quihus
1413 2186 1555 2213 nomen
1582 2188 1673 2226 gen-

141 2235 222 2286 tile,
250 2237 283 2274 si
310 2237 349 2274 in
376 2236 479 2275 binis
507 2238 702 2276 continuis
728 2237 912 2277 uersibus
940 2237 1195 2277 adferendum
1219 2244 1312 2288 erat,
1339 2239 1460 2278 semel
1481 2241 1520 2278 in
1542 2242 1673 2291 priore

144 2300 377 2352 ponebatur,
416 2303 641 2353 insequenti
675 2304 760 2342 eius
793 2303 902 2342 loeus
934 2316 1083 2342 uacuus
1116 2303 1424 2355 relinquebatur.
1475 2318 1562 2344 nam
1602 2319 1672 2357 pro

140 2365 312 2405 tribunis
334 2366 570 2406 militaribus
591 2367 638 2406 M.
660 2368 789 2419 Furio,
817 2368 856 2406 L.
879 2369 1009 2420 Furio,
1036 2368 1076 2407 C.
1097 2369 1261 2407 Aemilio
1286 2367 1351 2420 14,
1373 2368 1426 2408 97
1455 2372 1674 2410 nominauit

141 2430 190 2469 M.
212 2431 390 2482 Furium,
424 2431 462 2471 C.
484 2432 710 2483 Aemilium,
750 2435 974 2472 numerauit
1006 2439 1104 2485 tres,
1143 2432 1209 2485 15,
1236 2432 1262 2472 2
1296 2447 1430 2473 errore
1463 2436 1672 2486 intellecto,

141 2615 155 2649 1
240 2565 271 2606 1)
300 2562 335 2597 C.
357 2563 465 2598 Peter
490 2564 618 2600 Kritil·
643 2565 706 2599 der
728 2564 841 2610 Quell.
869 2578 904 2610 p.
928 2569 992 2600 116
1009 2577 1088 2610 sqq.
1127 2565 1260 2601 Kaerst
1286 2566 1324 2600 in
1352 2566 1528 2601 Fleckeis.
1551 2568 1670 2612 suppl.

160 2627 213 2650 ’θ’
237 2628 275 2713 {³5
298 2620 364 2704 ἑξεῖ
379 2629 496 2704 geilam
516 2670 762 2706 Wacbsmuth
790 2672 826 2706 et
862 2671 1053 2706 eichorius
1086 2672 1125 2706 in
1164 2673 1298 2707 studiis
1331 2672 1589 2717 Lipsiensibus
1624 2673 1671 2707 tx

205 2727 223 2747 ε)
254 2727 267 2745 r

141 2734 177 2766 P.
207 2727 390 2820 a233Hist.
413 2777 527 2821 antiq.
549 2777 583 2811 V
608 2789 642 2822 p.
667 2781 732 2812 139
761 2778 928 2813 Cassium
948 2777 1145 2813 Heminam
1166 2778 1318 2814 Diodori
1346 2782 1534 2814 auctorem
1558 2779 1671 2814 fuisse

140 2829 351 2873 suspicatus
378 2832 443 2864 est.

213 2896 290 2921 Hist.
305 2896 389 2921 Romi
410 2897 461 2921 rel.
476 2897 500 2929 1,
520 2896 564 2922 ed.
583 2897 704 2923 Peter.
729 2897 785 2922 Ed.
800 2898 849 2922 alt.
1320 2891 1387 2924 VII
