2002 3342
284 198 378 229 ,CLX
619 183 681 217 DF]
709 182 1014 218 SCRIPTORVM
1041 182 1164 217 VITIS
1193 183 1254 217 ET
1280 183 1488 218 SCRIPTIS

288 298 328 337 in
356 296 448 334 solis
476 295 668 346 capitibus
696 295 785 332 libri
812 295 930 344 primi
958 293 1021 331 XV
1048 299 1086 332 et
1113 293 1223 344 XVII,
1251 307 1348 345 quae
1377 301 1468 333 sunt
1493 295 1589 334 illud
1619 295 1663 334 de
1691 302 1820 335 extre-

288 361 490 400 mitatibus
512 362 715 398 nominum
737 365 774 397 et
797 359 966 397 diuersis
988 358 1295 410 quaestionibus,
1322 359 1395 398 1100
1418 360 1463 399 de
1485 361 1659 410 analogia
1681 374 1821 399 secun-

286 427 381 465 dum
410 425 548 464 Iulium
576 424 794 462 Romanum
822 426 1031 475 scriptum,
1067 424 1235 475 denique
1263 425 1414 475 singula
1444 432 1629 476 quattuor
1655 425 1819 464 aliarum

284 492 509 529 orationum
543 490 758 539 fragmenta
792 502 863 540 per
895 490 989 528 llaec
1025 491 1097 527 tria
1126 490 1251 540 capita
1281 489 1475 541 dispersa,
1508 502 1702 541 nusquam
1729 490 1822 529 alibi

287 556 390 607 apud
412 556 645 605 Charisium,
673 556 705 593 si
733 556 881 605 excipis
908 567 1030 593 unum
1059 554 1187 593 locum
1215 567 1331 605 quem
1359 555 1474 594 habet
1501 568 1547 594 ex
1569 556 1721 594 Statilio
1742 555 1821 594 Ma-

286 623 403 660 ximo.
450 622 557 671 atqui
590 621 728 658 horum
763 621 934 670 capitum
969 619 1044 658 duo
1078 625 1156 658 tota
1190 620 1271 658 sere
1300 617 1358 673 (1,
1383 618 1447 659 17.
1475 617 1610 674 213)
1645 633 1690 659 ex
1724 621 1821 659 lulio

285 685 461 724 Romano
487 685 660 736 pendere
686 686 764 723 iam
786 684 871 723 Keil
899 684 1189 735 animaduertit,
1217 697 1262 723 ex
1284 686 1401 723 tertio
1423 683 1480 737 (1,
1500 682 1571 738 15)
1593 698 1658 724 eas
1678 693 1823 737 partes,

287 753 327 790 in
356 751 500 802 quibus
525 756 683 802 praeter
703 750 915 800 Vergilium
944 755 1176 800 ceterosque
1202 750 1386 800 uulgares
1408 752 1621 801 scriptores
1642 750 1707 789 alii
1728 764 1823 802 quo·

286 829 363 868 que
385 822 799 866 commemorarentur,
821 815 997 854 eiusdem
1012 815 1176 854 Romani
1197 827 1284 853 esse
1300 815 1603 854 Schottmueller
1624 811 1705 868 (De
1720 817 1822 855 Plin.

282 884 377 921 libr.
402 894 532 930 yram.
567 894 600 932 p.
624 879 680 919 20
696 888 799 934 sqq.)
834 880 982 919 docuit:
1022 880 1113 919 inde
1151 893 1230 918 non
1270 880 1490 919 Charisium
1529 881 1625 919 haec
1665 881 1823 920 Catonis

287 948 432 998 scripta
454 947 700 997 excerpsisse
721 951 828 984 certo
851 945 1047 996 colligitur
1068 945 1137 984 sed
1162 945 1302 984 Iulium
1322 944 1553 996 Romanum,
1578 947 1644 996 qui
1664 946 1737 984 fuit
1758 952 1825 984 aut

286 1012 363 1050 sul)
391 1011 588 1049 Hadriano
615 1017 682 1050 aut
708 1011 820 1062 paulo
849 1017 936 1062 post
963 1024 1053 1050 eum
1082 1008 1186 1064 (Keil
1212 1012 1333 1062 praef.
1362 1011 1408 1049 ad
1436 1011 1548 1049 Char.
1570 1024 1605 1062 p.
1622 1020 1750 1050 XLVII
1766 1024 1823 1062 sq.

290 1077 424 1116 Christ
445 1076 580 1115 Philol.
602 1076 719 1114 XVIII
742 1089 776 1126 p.
797 1072 910 1129 123).
946 1076 1086 1115 deinde
1113 1076 1212 1115 alius
1239 1077 1517 1127 grammaticus
1546 1076 1592 1115 ab
1619 1077 1704 1127 ipso
1732 1076 1829 1115 Cha-

290 1143 385 1181 risio
415 1143 467 1181 ita
495 1155 583 1180 cum
611 1141 769 1180 Catonis
796 1142 1027 1192 fragmentis
1055 1143 1319 1192 coniungitur,
1352 1147 1395 1180 ut
1421 1142 1513 1180 huic
1541 1154 1581 1180 50
1610 1154 1653 1180 03
1685 1141 1829 1180 debere

288 1208 473 1258 fateatur,
507 1206 683 1245 Statilius
710 1206 912 1245 Maximus.
953 1208 985 1244 is
1018 1213 1061 1245 ut
1089 1207 1135 1245 (10
1167 1206 1434 1257 singularibus
1468 1207 1569 1258 apud
1597 1206 1829 1246 Ciceronem

290 1274 463 1323 scripsit,
490 1273 541 1310 ita
570 1273 685 1311 etiam
713 1271 925 1322 singularia
948 1272 1137 1323 quaedam
1160 1272 1317 1311 Catonis
1338 1272 1458 1311 uerba
1478 1272 1670 1323 peculiari
1698 1272 1829 1311 libello

285 1334 545 1391 explicauit1)
574 1342 611 1375 et
638 1350 657 1375 a
685 1336 875 1387 Cbarisio,
906 1339 938 1375 si
965 1350 1087 1376 unum
1115 1337 1243 1376 Iocum
1270 1337 1361 1376 libri
1388 1337 1552 1376 secundi
1580 1339 1718 1388 capitis
1745 1336 1827 1376 XVI

289 1404 440 1453 excipis
468 1399 523 1455 (p.
546 1398 722 1455 241οΚ),
750 1404 789 1440 111
818 1402 898 1441 5010
927 1404 1066 1453 capite,
1093 1402 1196 1454 quod
1224 1408 1283 1441 est
1311 1402 1356 1441 de
1384 1402 1594 1453 aduerbiis,
1622 1402 1724 1453 quod
1751 1404 1828 1441 iam

291 1480 409 1518 5111113
438 1468 625 1517 diximus,
661 1474 1003 1519 commemoratur,
1038 1470 1089 1506 ita
1117 1474 1160 1507 ut
1185 1468 1390 1520 μονήρεις
1417 1466 1550 1515 λέξεις
1577 1467 1734 1506 Catonis
1764 1475 1833 1507 ant

290 1534 494 1572 Ciceronis
531 1540 597 1572 aut
633 1533 808 1572 Sallustii
844 1533 1020 1572 breuiter
1056 1534 1268 1585 explanans
1303 1533 1523 1572 inducatur.
1570 1532 1663 1571 Cato
1700 1538 1829 1571 autem

291 1599 399 1637 hisce
427 1598 610 1637 omuibus
639 1599 719 1637 fere
748 1598 844 1637 locis
872 1603 927 1650 (p.
950 1596 1130 1650 202,st
1159 1596 1256 1649 215,
1272 1596 1340 1638 20.
1368 1597 1525 1650 217,8;
1554 1596 1619 1636 14.
1647 1595 1833 1648 220,16.

291 1660 456 1717 240,1)
501 1664 735 1715 simpliciter
767 1665 859 1703 Cato
897 1677 1015 1703 senex
1056 1664 1272 1715 appellatus
1308 1676 1435 1715 neque
1476 1664 1586 1713 liber,
1625 1663 1728 1702 unde
1766 1662 1831 1702 de-

288 1735 515 1780 promptum
552 1731 603 1767 sit
635 1730 917 1779 fragmentum,
950 1743 1115 1781 usquam
1144 1729 1299 1768 additus
1327 1736 1397 1768 est.
1437 1741 1708 1781 quaecumque
1735 1741 1829 1779 ergo

289 1795 331 1832 in
358 1794 432 1833 hoc
459 1800 592 1845 0311111,
625 1796 665 1833 111
694 1808 768 1846 quo
796 1795 877 1833 solo
906 1795 1007 1846 apud
1035 1795 1257 1834 Charisium
1292 1796 1389 1834 Calo
1415 1807 1541 1834 senex
1574 1795 1727 1845 citatur,
1756 1794 1828 1833 sub

291 1860 365 1900 1100
398 1862 557 1899 nomine
592 1862 676 1899 eius
708 1860 898 1911 reliquiae
932 1862 1105 1899 incertae
1135 1860 1240 1899 sedis
1268 1866 1449 1912 receptae
1478 1865 1568 1898 sunt
1595 1856 1650 1911 (p.
1673 1857 1770 1910 206,
1793 1858 1832 1905 9,

291 1923 473 1977 219,19.
502 1923 600 1976 221,
617 1924 682 1979 8),
716 1925 763 1964 3(1
791 1926 934 1964 Statilii
967 1928 1248 1980 auctoritatem
1274 1927 1358 1964 sine
1395 1925 1635 1964 dubitatione
1670 1925 1835 1969 reseras.

291 2003 391 2042 quae
418 2003 514 2029 uero
537 1992 635 2029 ratio
663 1990 883 2029 intercedat
908 1992 1013 2029 inter
1041 1991 1142 2030 1111110
1165 1996 1202 2030 01
1222 1991 1452 2042 Romanum,
1479 1997 1611 2029 utrum
1632 1990 1830 2030 Romanus

291 2056 489 2095 Statilium
522 2057 768 2107 excerpserit
800 2069 847 2095 an
882 2056 1102 2107 Charisius,
1138 2070 1227 2095 cum
1262 2056 1307 2095 de
1342 2055 1535 2095 aetatibus
1566 2068 1702 2094 eorum
1734 2056 1831 2095 nihil

288 2123 391 2160 certi
417 2122 631 2160 memoriae
659 2121 845 2160 traditum
874 2123 941 2172 sit,
970 2122 1147 2172 dignosci
1175 2124 1321 2173 nequit.
1365 2121 1530 2160 frustula
1564 2127 1693 2159 tamen
1721 2121 1832 2160 Cato-

294 2189 427 2237 niana,
461 2199 560 2238 quae
590 2186 779 2226 debemus
809 2187 951 2226 Statilii
979 2187 1224 2238 diligentiae,
1254 2187 1441 2238 pleraque
1470 2192 1562 2225 sunt
1588 2186 1832 2237 singulorum

292 2252 520 2303 uerborum,
549 2264 636 2291 cnm
662 2265 761 2303 quae
789 2254 828 2291 in
850 2252 986 2291 eodem
1015 2254 1142 2304 capite
1170 2265 1216 2291 ex
1244 2253 1355 2291 libris
1383 2252 1429 2291 de
1451 2252 1655 2291 consulatu
1677 2257 1831 2290 seruata

288 2323 402 2366 sunt,
436 2317 608 2368 plurium
644 2319 739 2368 sint,
774 2330 902 2369 neque
937 2317 1001 2356 illa
1036 2323 1143 2357 certo
1177 2318 1293 2356 alicui
1325 2317 1424 2356 libro
1460 2316 1582 2356 tribui
1607 2322 1835 2368 potuerunt*

293 2394 434 2432 unum,
471 2382 575 2433 quod
608 2387 729 2422 totam
765 2383 959 2433 quandam
995 2385 1230 2422 sententiam
1260 2384 1451 2433 continet,
1485 2396 1504 2421 a
1531 2382 1644 2420 nobis
1670 2388 1833 2433 propter

289 2453 569 2498 argumentum
612 2448 652 2485 in
692 2449 866 2486 incertae
903 2448 1008 2487 sedis
1045 2449 1275 2499 fragmentis
1313 2448 1469 2487 selectis
1506 2447 1737 2486 collocatum
1773 2453 1833 2486 est

288 2509 500 2566 (11136).
540 2514 591 2551 ita
625 2525 721 2551 uero
756 2515 934 2552 seiuncto
969 2513 1111 2552 Catone
1140 2513 1344 2552 Statiliano
1376 2514 1450 2551 tria
1484 2517 1697 2563 supersunt
1730 2512 1832 2562 frag-

393 2634 423 2676 1)
451 2632 630 2676 Suringar
656 2633 755 2668 Hz'st.
777 2635 855 2668 crit.
875 2635 980 2669 schol.
1002 2634 1019 2668 I
1038 2646 1072 2678 p.
1089 2637 1132 2667 63
1149 2645 1227 2676 sqq.
1255 2632 1520 2668 commentario
1552 2634 1731 2676 perpetuo
1765 2633 1832 2666 Ca-

295 2685 393 2720 tonis
421 2685 582 2731 origines
610 2697 631 2719 a
658 2685 809 2721 Statilio
836 2687 1052 2721 iniusti-atas
1080 2697 1159 2721 esse
1184 2686 1427 2730 perhibuerat
1452 2696 1652 2729 omnesque
1679 2685 1830 2720 Catonis

293 2738 489 2782 reliquias,
518 2750 609 2782 quas
637 2750 680 2774 ex
707 2739 772 2774 illo
800 2739 1006 2774 inseruerat
1033 2739 1237 2782 Charisius,
1258 2740 1296 2773 in
1323 2739 1528 2784 originibus
1554 2740 1739 2783 posuerat,
1766 2738 1830 2772 sed

294 2791 388 2826 haee
408 2792 533 2836 opinio
554 2792 654 2826 omni
675 2792 918 2827 fundamento
941 2794 1053 2827 caret.
1094 2792 1139 2827 cf.
1161 2792 1284 2838 Bergk
1315 2793 1587 2837 Opusc.p71ilol.
1608 2792 1624 2826 I
1644 2804 1678 2836 p.
1695 2795 1761 2825 597
1777 2803 1830 2835 sq.

294 2845 431 2880 Linker
456 2846 513 2881 De
534 2857 692 2890 prooem.
715 2846 805 2881 Sall.
826 2847 906 2881 hist.
928 2859 962 2890 p.
978 2851 1035 2881 25.
