2002 3342
593 187 638 220 M.
661 184 888 219 AEMILIVS
915 182 1132 219 SCAVRVS
1446 194 1636 225 CCXLVII

96 313 176 339 ram
206 299 408 349 dederunt,
437 297 483 336 de
511 297 662 335 Scauro
691 301 728 335 et
751 295 851 334 Ruso
879 294 976 332 nihil
1002 296 1079 332 nisi
1106 294 1178 333 hoc
1206 294 1418 332 memoriae
1445 292 1634 331 traditum

95 371 165 415 est,
193 370 323 416 spreta
351 375 418 402 eos
445 362 659 401 modestiae
687 362 832 412 specie,
859 371 934 411 qua
963 361 1029 410 qui
1063 371 1165 397 nunc
1196 360 1298 397 uitas
1326 371 1416 397 suas
1449 357 1634 408 legendas

95 435 335 482 proponunt,
374 430 433 467 uti
469 427 656 466 decorum
692 437 779 464 esse
815 426 1042 463 existimant
1077 424 1141 463 uel
1176 426 1307 475 potius
1346 422 1634 473 existimabant,

95 508 184 534 cum
217 496 257 533 in
291 495 373 533 suis
407 493 526 532 rebus
558 490 833 543 praedicandis
870 489 996 528 aliena
1032 495 1137 528 esset
1173 489 1395 539 ueteribus,
1436 501 1513 527 non
1546 500 1634 527 esse

95 562 243 599 ueritos
271 559 317 597 de
345 571 385 597 se
413 557 516 609 quod
544 556 768 595 sentiebant
799 560 934 606 aperte
967 555 1145 606 proferre
1157 551 1208 606 1),
1244 566 1342 605 quae
1376 553 1546 592 laudatio
1574 554 1635 592 sui

94 632 176 664 tum
198 625 356 662 omnino
378 622 580 661 fastidium
603 626 667 659 aut
688 620 909 660 molestiam
930 632 1008 658 non
1030 618 1235 670 excitabat,
1257 631 1493 670 quamquam
1516 618 1635 657 Scau-

95 703 162 729 rus
191 692 230 728 in
258 687 452 727 narrando
481 689 598 726 etiam
620 699 729 724 suam
750 698 961 737 personam
989 684 1146 723 induxit
1165 682 1232 736 (fr.
1254 682 1292 722 3.
1314 680 1373 737 6).
1412 684 1506 722 baec
1529 685 1634 723 enim

94 760 187 794 sunt
206 754 331 793 Taciti
358 753 479 792 uerba
506 757 725 791 memoratu
747 751 862 802 digna
889 751 929 788 in
953 751 1034 789 uita
1054 749 1257 800 Agricolae
1286 761 1318 787 c.
1342 747 1383 787 1:
1419 750 1501 788 Sed
1525 750 1637 798 apud

90 824 252 870 priores
277 826 321 858 ut
348 831 471 867 aqere
492 820 618 866 (liqna
639 822 862 856 memoratu
875 827 1055 865 pronum
1076 818 1286 864 maqisque
1307 817 1348 853 in
1371 820 1512 864 aperto
1534 820 1636 863 erat,

95 889 153 924 ita
174 887 460 924 celeberrimus
480 886 648 932 quisque
675 885 839 930 inqenio
863 883 920 920 acl
935 882 1195 930 prodendam
1216 883 1384 919 uirtutis
1404 882 1637 918 memoriam

93 954 182 989 Sine
206 953 347 999 qratia
375 955 445 987 ctat
472 950 690 987 ambitione
717 949 846 986 bonae
873 952 1028 985 tantum
1056 948 1331 985 conscientiae
1348 947 1486 995 pretio
1515 946 1635 983 auce-

94 1017 225 1054 batur.
257 1027 307 1053 ac
318 1016 509 1064 plerique
529 1025 643 1052 suam
666 1016 744 1062 ipsi
767 1015 890 1051 uitam
912 1023 1094 1050 narrare
1110 1012 1307 1058 fiduciam
1319 1013 1462 1060 potius
1482 1022 1636 1048 morum

94 1093 213 1130 quam
241 1081 530 1128 adroqantiam
557 1079 752 1116 arbitrati
777 1082 890 1124 sunt,
923 1089 999 1115 nee
1025 1078 1070 1115 tal
1094 1077 1248 1115 Rutilio
1276 1081 1315 1114 et
1342 1076 1501 1114 Scauro
1530 1078 1637 1113 citra

89 1147 211 1193 fidem
239 1150 310 1183 aut
333 1145 621 1182 obtrectationi
636 1142 739 1192 fuit:
766 1144 867 1181 adeo
888 1145 1062 1181 uirtutes
1081 1143 1206 1181 isdem
1227 1142 1472 1190 temporibus
1491 1142 1637 1189 optime

94 1213 374 1256 aestimantur,
401 1209 547 1257 quibus
569 1208 768 1257 facillime
792 1210 1033 1256 manantur.

184 1274 231 1313 M.
252 1275 374 1325 igitur
398 1273 588 1312 Aemilius
616 1268 830 1325 Scaurus2)
866 1284 966 1310 anno
996 1269 1091 1310 162.
1114 1267 1243 1325 5923)
1271 1283 1416 1322 genere
1451 1270 1516 1309 ille
1551 1271 1636 1321 qui-

95 1340 182 1379 dem
210 1341 376 1391 patricio
404 1338 473 1378 sed
499 1338 740 1390 pauperibus
768 1337 998 1389 parentibus
1024 1342 1061 1376 et
1081 1336 1261 1375 obscuris
1283 1336 1499 1375 maioribus
1520 1341 1636 1374 natus

95 1411 189 1444 erat.
235 1417 323 1443 nam
357 1409 488 1455 pater,
520 1403 642 1442 Marci
674 1404 929 1454 praenomine
963 1399 1054 1456 (act.
1076 1403 1264 1453 triumph.
1286 1401 1408 1453 Capit.
1431 1401 1470 1440 C.
1492 1401 1519 1439 Ι.
1540 1400 1580 1439 L.
1602 1396 1637 1438 12

95 1484 131 1522 p.
152 1468 208 1509 49
235 1466 450 1521 Momms.),
492 1468 767 1507 carbonarium
803 1469 1006 1519 negotium
1039 1472 1272 1506 exercuerat
1304 1464 1454 1520 (Aurel.
1472 1466 1566 1504 Vict.
1590 1465 1637 1504 de

95 1537 168 1575 uir.
185 1535 236 1573 ill.
255 1531 341 1588 7⁶2).
369 1536 486 1573 etiam
502 1536 585 1585 ipse
607 1533 847 1584 aliquamdiu
868 1546 959 1572 num
983 1534 1107 1584 patris
1127 1533 1296 1583 uestigia
1318 1538 1478 1571 secutus
1499 1543 1637 1582 argen-

94 1602 234 1639 tariam
262 1601 409 1638 faceret
437 1599 630 1638 dubitauit
657 1596 767 1650 (Aur.
782 1599 878 1637 Vict.
901 1598 923 1636 1.
946 1595 994 1652 s.)
1003 1629 1013 1649 7
1044 1604 1128 1637 tum
1154 1611 1250 1637 uero
1280 1610 1369 1636 cum
1396 1609 1549 1635 summo
1577 1609 1637 1635 ar-

96 1665 206 1705 deret
236 1666 434 1716 potentiae
468 1670 505 1703 et
536 1665 731 1702 honorum
764 1663 893 1702 studio
921 1676 1005 1702 rem
1034 1676 1070 1715 p.
1100 1675 1307 1714 capessere
1346 1664 1481 1701 statuit
1508 1668 1637 1713 atque,

95 1733 170 1770 etsi
202 1730 409 1782 paruulam
440 1729 699 1768 hereditatem
734 1741 753 1767 a
786 1734 897 1780 patre
932 1734 1137 1780 acceperat
1171 1724 1237 1782 (fr.
1262 1725 1306 1781 1)
1340 1734 1379 1767 et
1410 1727 1514 1766 haud
1547 1740 1636 1766 raro

96 1809 230 1835 rerum
256 1796 385 1846 inopia
414 1794 714 1846 impediebatur,
740 1793 949 1845 industria,
976 1795 1146 1845 ingenio,
1172 1793 1395 1844 prudentia,
1423 1793 1635 1831 calliditate

96 1862 169 1900 hoc
197 1861 336 1911 effecit,
363 1866 406 1898 ut
432 1861 509 1898 iam
536 1861 576 1897 in
605 1859 810 1898 consulatu
837 1861 1023 1910 princeps
1049 1865 1210 1898 senatus
1233 1859 1360 1897 dictus
1390 1857 1635 1897 ‘memoriam

99 1939 223 1978 prope
252 1927 550 1964 intermortuam
575 1925 732 1975 generis
759 1925 820 1963 sui
848 1921 1080 1963 renouaret'
1106 1921 1204 1977 (Cic.
1224 1937 1296 1975 pro
1324 1923 1473 1962 Muren.
1497 1920 1638 1975 7,16).

98 1991 145 2030 ad
174 1992 277 2029 bunc
305 1997 435 2029 tamen
462 1990 623 2029 honoris
650 1989 815 2040 gradum
843 1991 878 2028 ei
904 2002 1027 2041 aeque
1049 2002 1092 2028 ac
1112 2001 1216 2027 nouo
1236 1989 1387 2027 homini
1408 1988 1637 2027 enitendum

97 2062 135 2095 et
161 2055 417 2095 laborandum
445 2061 529 2093 erat
555 2052 713 2108 (Ascon.
735 2054 757 2093 l.
780 2051 841 2108 s.).
886 2056 1012 2106 primo
1041 2060 1170 2093 autem
1198 2055 1237 2092 in
1264 2053 1452 2105 Hispania
1480 2053 1636 2104 publice

194 2207 225 2250 1)
254 2205 306 2239 Cf.
329 2204 455 2239 Cicero
482 2204 530 2238 ad
562 2205 648 2239 fam.
673 2209 704 2246 5,
728 2209 769 2239 12
798 2205 861 2249 (ad
887 2204 1111 2248 Lucceium),
1140 2207 1177 2238 8:
1224 2203 1388 2238 Scribam
1416 2205 1491 2248 ipse
1518 2203 1559 2238 de
1584 2214 1639 2238 me

96 2260 292 2294 multorum
318 2259 475 2302 eoeemplo
501 2262 533 2292 et
558 2258 739 2293 clarorum
764 2259 941 2293 uirorum.
981 2257 1203 2292 Plutarchus
1224 2257 1263 2290 in
1283 2256 1412 2291 libello
1434 2268 1499 2291 suo
1528 2257 1638 2299 (Περὶ

95 2317 161 2347 τοῦ
194 2311 327 2346 ἑαυτὸν
359 2310 527 2345 ἐπαινεῖν
559 2310 842 2355 ἀνεπιφθόνως’
877 2311 943 2346 τὸν
968 2311 1160 2345 πολιτικὸν
1191 2310 1314 2353 ἄνδρα
1344 2320 1382 2344 se
1408 2309 1531 2354 ipsum
1556 2309 1639 2343 lau·

97 2366 186 2400 dare
206 2364 320 2400 etiam
341 2364 475 2399 debere
496 2364 675 2409 exemplis
703 2365 842 2399 docuit.
875 2364 952 2399 uid.
967 2363 1093 2398 Wiese
1106 2376 1142 2408 p.
1161 2367 1202 2397 13
1215 2375 1268 2408 sq.
1296 2363 1475 2408 Suringar
1494 2375 1529 2407 p.
1547 2367 1564 2396 1
1582 2375 1636 2406 sq.

192 2420 226 2462 2)
252 2418 342 2452 Eius
368 2418 488 2452 uitam
509 2429 711 2462 exposuere
734 2417 806 2452 Des
826 2418 988 2460 Brosses,
1019 2418 1081 2451 Vie
1102 2418 1144 2452 de
1164 2417 1326 2452 Scaurus
1345 2428 1445 2461 pour
1463 2417 1576 2451 servir
1596 2416 1638 2450 de

95 2472 319 2516 supplement
345 2483 422 2506 auae
447 2472 631 2506 me'moires
657 2472 763 2506 e'crz'ts
785 2483 861 2517 par
891 2472 1080 2506 lui-meme.
1120 2471 1288 2505 Memoir.
1310 2470 1371 2505 des
1390 2471 1498 2505 inser.
1520 2469 1638 2504 XXIV

96 2537 132 2569 p.
154 2527 351 2559 235—260.
391 2524 584 2558 Drumann
604 2524 620 2558 I
643 2537 678 2569 p.
695 2528 847 2567 25—28,
874 2524 1019 2559 Groebe
1040 2536 1075 2568 p.
1094 2527 1244 2558 18—20.
1284 2523 1463 2568 Suringar
1481 2535 1517 2567 p.
1533 2526 1636 2557 4—8.

96 2577 210 2612 Klebs
238 2579 280 2613 R.
304 2577 389 2612 EI
415 2588 444 2611 c.
466 2580 666 2612 584—588.
705 2578 785 2622 ipse
820 2588 965 2611 summa
997 2587 1168 2620 quaeque
1201 2588 1245 2611 ex
1277 2587 1321 2610 ea
1347 2576 1518 2621 tetigisse
1546 2575 1636 2609 satis

97 2642 176 2665 esse
203 2630 304 2673 duxi,
331 2631 395 2664 sed
421 2641 542 2674 neque
567 2631 660 2665 haec
687 2642 731 2665 ex
751 2642 796 2665 ea
817 2632 966 2676 sumpta
987 2641 1066 2665 esse
1087 2632 1124 2664 et
1144 2629 1220 2664 alia
1238 2629 1358 2664 multa
1378 2641 1400 2664 a
1420 2641 1479 2664 me
1500 2629 1638 2664 omissa

98 2695 176 2718 esse
202 2684 376 2719 concedo.

194 2739 228 2781 3)
255 2737 324 2771 Hic
345 2748 463 2771 annus
484 2739 642 2781 apparet
662 2748 705 2772 ex
726 2737 889 2771 Asconio
911 2737 959 2770 ad
981 2736 1105 2770 Scaur.
1128 2748 1163 2780 p.
1180 2739 1224 2770 20
1245 2736 1392 2770 K.-Sch.
1415 2740 1459 2770 24
1481 2735 1543 2777 St„
1571 2735 1637 2779 qui

99 2790 277 2825 Scaurum
309 2801 406 2824 anno
433 2793 488 2824 90.
511 2794 596 2834 664,
630 2802 713 2825 cum
745 2802 767 2825 a
788 2790 828 2832 Q.
844 2790 957 2824 Vario
990 2789 1140 2824 tribuno
1173 2789 1294 2834 plebis
1330 2801 1412 2823 reus
1446 2789 1636 2827 citaretur,

99 2843 417 2888 septuagesimum
444 2843 602 2877 alterum
630 2855 768 2878 annum
795 2843 916 2888 egisse
943 2843 1102 2888 scripsit.
