2002 3342
714 157 753 199 Q.
781 158 952 192 FABIVS
979 156 1153 192 PICTOR
1610 174 1700 203 XCV

168 271 391 321 taminaque
436 269 562 320 plebis
606 274 840 320 patrumque
885 280 1007 319 paene
1052 269 1180 306 omnia
1222 268 1267 307 ab
1309 281 1353 307 eo
1394 269 1568 319 neglecta
1614 283 1700 308 esse

168 337 343 374 omittam
370 332 437 387 (cf.
465 333 506 372 E.
528 333 724 372 Schwartz
747 334 794 372 R.
818 335 862 371 E.
884 333 912 369 V
939 345 970 371 c.
992 330 1109 385 692),
1138 333 1257 372 multa
1286 335 1528 385 antiquitatis
1556 335 1699 373 indicia

166 412 259 450 prae
293 412 334 438 se
368 399 453 437 fert.
492 396 614 449 quid‘?
648 398 751 448 quod
784 397 867 436 loco
900 397 1067 449 quodam
1095 404 1230 436 auctor
1263 411 1339 449 quo
1372 411 1467 437 usus
1501 405 1560 438 est
1598 400 1700 438 haud

168 465 347 515 ambigue
374 476 498 515 usque
526 463 573 502 ad
599 463 744 502 bellum
772 462 1073 501 Hannibalicum
1107 463 1333 501 retrahitur.
1384 476 1473 502 nam
1507 477 1583 515 quo
1617 464 1700 503 loco

167 543 198 567 a.
215 527 311 568 315.
327 527 412 568 4:⁷39
432 529 637 567 Luceriam
660 527 851 566 coloniam
874 527 1080 566 deductam
1101 540 1188 566 esse
1211 534 1345 566 narrat
1365 525 1453 581 (19,
1471 527 1538 578 72,
1552 526 1701 584 3-9),

167 607 251 634 eam
280 607 357 633 non
385 594 510 633 solum
539 593 603 631 illo
630 593 731 632 bello
759 593 972 631 Samnitico
1000 592 1069 631 sed
1097 594 1214 631 etiam
1241 599 1375 644 postea
1410 595 1577 632 maximo
1612 596 1701 633 usui

167 661 287 699 fuisse
315 659 438 698 addit:
472 656 582 698 ἀλλὰ
608 655 680 697 καὶ
708 657 814 697 κατὰ
842 658 946 705 τοὺς
970 657 1076 710 μετὰ
1099 661 1238 697 ταῦτα
1263 655 1529 710 γενομένους
1556 657 1701 712 [πολέ-

165 721 290 779 μους]
309 722 389 772 ἕως
408 729 496 764 τῶν
514 720 618 763 καθ’
637 721 749 775 ἡμᾶς
769 722 943 775 χρόνων
958 719 1207 762 διετέλεσαν
1222 721 1470 777 ὁρμητηρίῳ
1485 723 1701 776 χρώμενοι

165 788 273 829 κατὰ
298 794 386 828 τῶν
411 787 600 840 πλησίου
625 785 784 828 ἐθνῶν.
833 790 941 839 atqui
968 788 1123 839 populis
1150 790 1189 826 in
1210 788 1389 839 Apuliam
1417 791 1533 827 etiam
1555 789 1700 828 Hanni-

165 854 264 893 balis
291 859 416 893 aetate
444 866 464 892 a
491 853 677 892 Romanis
705 859 788 892 erat
814 853 960 892 bellum
987 853 1249 904 inserendum,
1277 866 1354 892 non
1383 859 1466 892 erat
1486 852 1700 906 Diodori1),

165 932 282 971 quem
321 932 391 958 sua
430 918 720 957 inconsiderate
759 930 804 957 ex
844 923 1003 957 auctore
1043 931 1112 957 suo
1151 919 1410 970 exscripsisse
1443 919 1469 957 Ι.
1497 918 1700 958 Kaerstius

165 983 374 1038 (FleckeiS.
402 983 527 1035 suppl.
549 983 637 1022 XIII
663 997 699 1035 p.
723 980 828 1037 764)
861 983 978 1034 uidit,
1015 982 1080 1022 alii
1107 984 1458 1034 confirmauerunt,
1495 985 1533 1022 in
1562 986 1700 1035 primis

165 1050 204 1089 C.
226 1049 482 1089 Wachsmuth
509 1045 691 1101 (Ez'nlez't.
718 1062 754 1100 p.
776 1045 852 1100 94)
864 1045 914 1101 2),
948 1049 1015 1100 qui
1048 1048 1234 1099 eundem,
1268 1061 1366 1100 quae
1393 1049 1626 1088 Posidonius
1655 1049 1700 1088 de

165 1115 322 1166 Liguris
348 1115 517 1154 feminae
545 1116 764 1153 constantia
791 1120 829 1153 et
854 1115 1043 1165 patientia
1070 1126 1116 1152 ex
1139 1113 1368 1153 Charmoleo
1390 1114 1543 1165 hospite
1565 1114 1701 1153 Massi-

163 1180 281 1220 liensi
302 1193 343 1219 se
365 1179 521 1219 audisse
544 1181 759 1230 scripserat
780 1174 939 1233 (Strabo
961 1177 1065 1230 1114,
1084 1177 1134 1217 17
1153 1192 1187 1230 p.
1209 1177 1291 1218 165
1313 1198 1356 1210 =
1378 1179 1440 1218 Fr.
1456 1179 1553 1218 Hist.
1570 1179 1633 1218 Gr.
1650 1180 1701 1218 III

162 1259 200 1297 p.
217 1243 302 1285 2ῖῦ
325 1246 370 1284 fr.
387 1242 476 1298 53),
497 1257 565 1284 sua
588 1250 712 1283 aetate
727 1241 846 1297 (καθ’
870 1240 1000 1298 ἡμᾶς)
1022 1245 1167 1283 factum
1190 1257 1276 1283 esse
1297 1244 1524 1283 nominihus
1545 1246 1701 1283 omissis

164 1312 323 1362 repetiit
350 1307 407 1364 (4,
434 1308 502 1361 20,
525 1307 570 1363 2)
599 1316 636 1348 et
663 1322 761 1361 quae
796 1309 842 1348 de
876 1310 1047 1348 amicitia
1078 1311 1184 1348 inter
1215 1309 1397 1348 Haeduos
1426 1309 1700 1361 Romanosque

164 1377 294 1415 iuncta
324 1375 462 1414 Strabo
492 1388 536 1414 ex
564 1375 773 1414 Posidonio
801 1371 859 1428 (4,
886 1373 924 1425 3,
945 1372 971 1412 2
998 1388 1034 1426 p.
1058 1372 1180 1427 192),
1219 1377 1435 1414 oscitanter
1462 1387 1548 1414 eam
1573 1372 1699 1427 μέχρι

163 1446 251 1481 τῶν
271 1437 374 1480 καθ’
400 1439 511 1493 ἡμᾶς
531 1439 703 1493 χρόνων
725 1440 887 1479 durasse
908 1436 966 1493 (Ξ),
988 1436 1056 1490 25,
1079 1436 1180 1493 1).3)
1219 1452 1347 1491 neque
1370 1439 1417 1479 ad
1438 1440 1548 1479 illum
1570 1440 1697 1479 solum

163 1506 292 1545 locum
325 1506 421 1545 haec
453 1507 666 1544 auctoritas
698 1507 880 1557 pertinet.
931 1518 1020 1544 nam
1056 1517 1213 1544 omnem
1244 1505 1450 1544 historiam
1485 1505 1700 1544 Romanam

162 1584 287 1623 usque
321 1571 366 1610 ad
399 1570 546 1609 bellum
579 1571 736 1622 Pyrrhi,
769 1584 845 1622 quo
879 1570 925 1609 ad
951 1570 1235 1621 Hieronymum
1262 1570 1498 1609 Cardianum
1531 1573 1700 1623 transiit,

163 1642 269 1676 recte
294 1637 346 1675 ita
367 1637 577 1688 pertexuit,
604 1642 647 1675 ut
668 1636 803 1675 ambos
826 1636 1006 1675 consules
1028 1637 1250 1674 coniunctis
1270 1635 1424 1674 uiribus
1446 1648 1509 1675 res
1529 1637 1699 1687 gessisse

163 1706 338 1740 sumeret
365 1706 499 1752 atque,
527 1702 560 1739 si
587 1700 634 1739 ab
662 1713 706 1739 eo
733 1713 842 1740 more
871 1701 1163 1751 discessissent,
1190 1700 1263 1739 hoc
1290 1702 1525 1740 necessitate
1553 1701 1699 1740 factum

162 1779 249 1806 esse
275 1765 508 1806 tradendum
536 1778 623 1805 esse
651 1772 833 1805 censeret
860 1763 948 1819 (20,
969 1763 1036 1817 35,
1057 1763 1084 1805 2
1112 1765 1264 1816 διόπερ
1288 1764 1635 1819 ἠναγκάσθησαν
1656 1765 1697 1806 οἱ

161 1831 319 1872 ὕπατοι
346 1831 535 1883 διαιρεῖν
561 1831 637 1879 τὰς
664 1828 913 1885 δυνάμεις),
949 1831 988 1870 id
1015 1830 1119 1883 quod
1146 1831 1303 1870 Liuium
1336 1833 1495 1870 omnino
1522 1833 1698 1871 nescisse

162 1904 277 1949 atque
305 1899 420 1936 etiam
448 1899 634 1936 miratum
661 1910 759 1948 esse,
786 1909 858 1937 cur
883 1896 1117 1949 quibusdam
1145 1897 1258 1935 annis
1287 1896 1333 1935 ab
1362 1897 1589 1936 auctoribus
1617 1899 1698 1936 suis

163 1968 510 2002 commemoratum
539 1968 654 2014 esset,
682 1974 800 2014 supra
820 1958 1049 2015 uidimus.4)
1096 1961 1265 2012 denique
1288 1974 1351 2000 res
1372 1963 1491 2013 ipsae,
1518 1963 1698 2013 quamuis

162 2027 297 2066 multis
324 2027 475 2066 lacunis
504 2027 697 2067 discretae
724 2029 814 2078 sint,
842 2040 887 2066 eo
914 2033 1051 2066 tenore
1072 2026 1304 2078 procedunt,
1331 2032 1374 2066 ut
1395 2028 1541 2078 optime
1562 2040 1697 2066 omnes

162 2095 266 2132 inter
292 2105 334 2131 se
362 2098 580 2143 congruant
605 2105 733 2144 neque
767 2094 970 2144 grauiores
998 2093 1244 2143 suspiciones
1273 2092 1615 2143 dubitationesque
1651 2092 1697 2131 de

160 2160 328 2196 ueritate
360 2163 555 2196 moueant.
605 2159 737 2209 itaque
764 2158 791 2196 I.
813 2157 954 2196 Kaerst
979 2157 1146 2196 alterum
1180 2157 1414 2196 Samnitium
1448 2157 1593 2196 bellum
1627 2170 1699 2209 per

161 2235 283 2262 annos
315 2228 549 2274 persecutus
589 2224 674 2261 eius
713 2224 986 2262 auctoritatem
1026 2222 1138 2273 longe
1173 2222 1359 2261 Liuianae
1397 2222 1697 2273 praeferendam

257 2392 289 2435 1)
319 2391 401 2425 vid.
433 2390 569 2424 Nissen
597 2391 683 2426 Ital.
710 2391 891 2425 Landesk.
918 2390 951 2424 ΙΙ
982 2402 1017 2435 p.
1046 2394 1113 2425 843
1130 2401 1195 2434 sq.,
1234 2390 1299 2424 ubi
1331 2392 1458 2424 tamen
1486 2401 1517 2425 a.
1545 2393 1600 2424 49.
1629 2393 1695 2424 705

161 2444 282 2479 alieno
308 2443 389 2479 loco
417 2444 598 2479 meminit.

256 2498 289 2540 2)
315 2497 399 2531 Vid.
427 2496 541 2531 etiam
567 2495 815 2531 Muellenhoff
838 2497 1006 2532 Deutsch.
1028 2498 1155 2532 Altert.
1179 2497 1212 2531 II
1236 2509 1272 2541 p.
1294 2500 1363 2531 303
1379 2508 1457 2540 sqq.

257 2552 290 2595 3>
318 2550 439 2585 Simili
464 2550 609 2584 incuria
634 2549 838 2584 Diodorum
858 2550 1006 2595 Polybii
1032 2549 1173 2584 iudicia
1198 2549 1432 2584 transtulisse
1453 2549 1696 2584 Wachsmuth

157 2603 180 2638 1.
210 2615 236 2638 s.
271 2603 549 2638 animaduertit.
601 2614 827 2647 quamquam
863 2614 909 2637 ne
946 2603 1011 2637 alii
1045 2603 1196 2648 quidem
1230 2603 1447 2648 scriptores,
1484 2606 1525 2637 ut:
1555 2603 1695 2645 Liuius,

159 2656 302 2691 Plinius
328 2656 426 2700 mai„
454 2657 584 2691 eodem
611 2656 764 2691 crimine
796 2659 943 2691 uacant.
985 2657 1068 2691 Vid.
1096 2658 1170 2692 Die
1189 2657 1335 2701 Scriptt.
1356 2657 1438 2691 hist.
1459 2658 1554 2702 Aug.
1582 2668 1616 2700 p.
1639 2660 1694 2690 28.

255 2712 288 2753 4)
316 2709 368 2744 Cf.
390 2709 416 2744 Ι.
433 2709 568 2744 Kaerst
593 2711 666 2744 Die
686 2721 791 2744 roem.
812 2711 1059 2745 Nachrichten
1080 2710 1241 2744 Diodors
1260 2710 1338 2744 und
1358 2710 1414 2744 dic
1429 2710 1695 2745 consularis-che

160 2764 566 2809 Provz‘nzenverteiluny
582 2764 622 2798 in
636 2764 699 2798 der
713 2765 867 2799 aelteren
882 2764 961 2798 Zeit
975 2764 1009 2798 d.
1026 2774 1129 2798 roem.
1147 2763 1327 2807 Republik
1347 2763 1384 2796 in
1399 2762 1492 2796 Phil.
1509 2761 1692 2796 XXXVIII

159 2828 194 2860 p.
217 2819 283 2851 306
296 2820 414 2850 -339.
