2002 3342
281 191 338 220 CX
619 178 682 212 DE
711 177 1017 213 SCRIPTORVM
1043 178 1167 213 VITIS
1194 179 1255 213 ET
1283 179 1488 214 SCRIPTIS

280 290 408 327 omnia
436 288 536 327 bene
565 290 691 327 lluunt
718 301 845 339 neque
868 289 1080 341 quidquam
1105 289 1391 341 discrepantiae
1413 296 1604 341 superest.
1648 297 1729 330 tum
1752 291 1818 329 de-

281 355 421 405 imum,
456 367 543 392 cum
571 354 666 392 haec
694 355 769 392 iam
797 360 930 393 essent
956 357 1118 406 scripta,
1154 368 1244 394 casu
1273 355 1420 406 aliquo,
1447 368 1545 406 quae
1574 363 1679 395 esset
1706 356 1818 395 Cinci

279 419 323 458 de
349 419 458 458 clauo
482 420 686 470 sententia,
708 421 948 470 comperisse
969 420 1129 459 uidetur
1151 427 1187 458 et
1209 422 1292 459 eius
1308 421 1537 459 auctoritate
1553 418 1817 474 commotusl)

277 497 362 522 eam
396 486 622 523 inseruisse.
666 486 705 522 in
738 485 810 523 hac
852 491 981 524 tamen
1015 498 1056 524 re
1084 492 1149 524 aut
1183 491 1286 524 tanta
1313 485 1473 524 leuitate
1501 492 1539 524 et
1565 486 1817 525 festinatione

283 556 466 588 uersatus
495 555 565 600 est,
592 555 634 587 ut
662 562 777 600 quam
807 550 983 589 diuersas
1005 563 1067 589 res
1089 552 1344 602 consociaret,
1371 563 1447 589 non
1469 553 1725 602 perspiceret,
1752 557 1820 590 aut

281 627 325 653 eo
361 621 535 665 tempore
570 614 736 665 addidit,
771 628 846 666 quo
879 615 979 654 libro
1013 616 1190 655 absoluto
1218 622 1256 654 et
1289 615 1392 654 edito
1420 617 1532 667 plura
1561 618 1749 655 inmutari
1774 618 1815 654 in

278 681 363 718 eius
400 685 591 730 potestate
623 681 796 731 positum
830 694 906 719 non
941 687 1063 732 esset,
1097 687 1211 732 atque
1247 682 1340 719 satis
1373 681 1510 720 habuit
1534 681 1656 720 uerba
1690 685 1815 720 inler-

278 748 396 784 misso
434 747 581 784 deinde
613 758 724 784 more
758 748 884 794 (layna
917 750 1039 785 etiam
1063 759 1145 796 per
1177 760 1219 785 se
1253 750 1341 785 uisa
1375 759 1456 795 res,
1487 752 1663 796 propter
1695 758 1817 795 quam-

279 812 459 849 dictalor
486 817 713 855 crearetur,
740 810 987 860 adnexuisse,
1014 816 1057 850 ut
1083 811 1311 850 conciliaret
1331 810 1557 850 Cincianam
1578 812 1816 850 sententiam

279 888 366 913 cum
397 887 441 914 ea
469 888 585 926 quam
613 882 725 914 antea
747 882 992 927 exposuerat,
1020 878 1182 915 minime
1205 882 1334 915 tamen
1356 876 1420 915 ille
1443 876 1620 915 feliciter.
1653 889 1742 915 nam
1764 882 1815 927 et,

280 942 312 978 si
341 953 358 978 a
382 940 516 979 Cincio
544 946 704 992 stamuS,
732 947 773 980 ut
802 954 886 980 mos
908 941 1008 980 claui
1035 947 1198 993 propter
1219 954 1428 980 numerum
1450 954 1640 980 annorum
1669 941 1817 992 figendi

278 1011 360 1044 tum
388 1007 734 1058 intermitteretur,
761 1008 846 1045 fieri
874 1019 951 1045 non
979 1009 1167 1058 potuisse,
1195 1009 1271 1046 iam
1299 1020 1416 1058 supra
1440 1007 1725 1046 Mommsenum
1753 1019 1816 1046 se-

278 1072 358 1109 cuti
391 1072 640 1122 negauimus,
674 1078 728 1120 et,
763 1074 795 1110 si
828 1072 923 1111 haec
951 1073 1224 1123 coniungimus
1258 1085 1346 1111 cum
1375 1074 1578 1124 superiore
1607 1074 1818 1123 sententia,

277 1149 355 1174 non
381 1136 516 1187 uideo,
551 1149 621 1175 cur
648 1137 802 1188 Liuius,
836 1139 1020 1188 quoniam
1047 1137 1296 1189 pestilentiae
1331 1137 1525 1176 sedandae
1553 1150 1668 1176 causa
1695 1139 1813 1176 etiam

277 1214 321 1240 eo
350 1214 468 1253 anno,
502 1204 614 1241 0111115
642 1209 753 1241 antea
781 1205 1021 1241 mentionem
1050 1204 1213 1254 fecerat,
1246 1216 1265 1241 a
1294 1203 1482 1242 dictatore
1511 1203 1665 1241 clauum
1692 1203 1812 1242 fixum

277 1279 364 1306 esse
391 1273 634 1318 narrauerat,
662 1273 755 1307 tunc
782 1274 939 1319 praeter
965 1281 1134 1319 morem,
1160 1275 1205 1307 ut
1232 1267 1409 1320 ‘propter
1435 1267 1533 1307 rem'
1563 1268 1729 1307 dictator
1757 1268 1815 1306 di—

277 1338 447 1384 ceretur,
475 1333 620 1371 sactum
649 1346 735 1372 esse
763 1330 1012 1387 addiderit.²')

364 1397 501 1449 Neque
522 1410 617 1437 uero
640 1399 712 1437 1100
733 1412 810 1437 11110
833 1399 916 1437 1000
937 1400 1104 1449 uestigia
1120 1411 1260 1450 operae
1276 1399 1463 1438 Liuianae
1483 1404 1570 1450 post
1589 1404 1812 1449 pertextum

278 1468 455 1501 tenorem
483 1465 721 1502 narrationis
742 1465 914 1502 insertae
936 1460 1181 1518 apparent.3)
1229 1463 1454 1503 simillimus
1481 1469 1540 1502 est
1566 1461 1634 1514 29,
1655 1461 1723 1514 22,
1748 1461 1818 1514 10,

276 1541 351 1579 quo
380 1530 464 1580 ipse
491 1541 625 1567 secum
655 1529 884 1581 discrepans
912 1529 1102 1580 quaedam
1135 1529 1180 1568 de
1206 1529 1398 1568 Pleminio
1429 1542 1474 1568 ex
1503 1528 1636 1567 Clodio
1664 1529 1815 1579 Licino,

275 1593 473 1632 consulari
503 1594 691 1633 historico
727 1590 824 1647 (cos.
853 1607 884 1633 a.
915 1592 954 1645 4,
985 1591 1100 1648 757),
1133 1607 1272 1646 parum
1306 1600 1393 1646 apte
1427 1594 1576 1633 addidit
1609 1590 1751 1647 (Reliq.
1778 1594 1812 1632 lt

275 1671 311 1710 p.
334 1667 438 1697 CVII.
467 1668 508 1698 77
532 1690 542 1709 ,
569 1665 685 1698 notus
713 1659 777 1698 ille
804 1659 842 1711 4,
864 1656 933 1710 20,
953 1656 1111 1711 5—11,
1139 1673 1232 1711 quo,
1259 1666 1466 1711 postquam
1493 1659 1607 1698 modo
1634 1661 1673 1697 in
1701 1672 1732 1698 0.
1756 1656 1812 1698 19

273 1724 314 1762 Α.
344 1723 570 1763 Cornelium
617 1724 780 1764 Cossum
821 1725 1066 1764 tribunum
1112 1725 1316 1764 militum
1357 1725 1563 1763 Tolumnio
1602 1725 1816 1763 interfecto

275 1789 448 1828 secunda
481 1790 603 1841 spolia
639 1792 767 1841 opima
795 1791 899 1829 Iouis
926 1791 1094 1829 Feretrii
1130 1790 1273 1842 templo
1305 1790 1485 1829 intulisse
1513 1792 1704 1841 narrauit,
1739 1789 1813 1828 1100

274 1856 326 1892 ita
362 1856 583 1907 excusauit,
616 1862 659 1894 ut
686 1868 823 1895 omnes
854 1862 942 1894 ante
976 1868 1016 1894 se
1050 1862 1230 1895 auctores
1263 1868 1304 1894 se
1332 1861 1511 1894 secutum
1539 1867 1624 1894 esse
1652 1855 1815 1894 adnota-

274 1926 353 1971 ret,
387 1933 640 1972 erroremque
670 1921 715 1960 de
750 1921 861 1960 titulo
890 1921 1025 1973 spoliis
1058 1923 1248 1973 inscripto
1282 1921 1328 1959 ab
1355 1922 1528 1971 Augusto
1562 1920 1698 1959 doctus
1725 1933 1814 1959 cor·

274 1987 392 2036 rexit,
420 1998 495 2037 quo
523 1986 587 2024 ille
611 1986 748 2025 consul
777 1999 820 2025 ea
841 1988 1028 2039 cepisset3
1056 1987 1177 2025 nihilo
1199 1976 1321 2026 setius
1340 1992 1476 2038 postea
1503 1999 1534 2025 0.
1550 1984 1660 2037 324
1682 1985 1814 2025 denuo

275 2050 375 2102 apud
404 2064 492 2090 eum
515 2051 630 2102 idem,
660 2065 747 2090 cum
776 2052 960 2091 tribunus
981 2052 1150 2091 militum
1173 2058 1288 2103 esset,
1316 2051 1437 2103 spolia
1459 2051 1604 2103 templo
1630 2047 1813 2105 11110114)

370 2208 401 2251 1)
428 2207 528 2248 Quae
555 2219 654 2242 1111110
681 2208 797 2242 Cincii
825 2208 1033 2243 sententiae
1060 2209 1264 2242 auctoritas
1291 2208 1488 2242 tribuenda
1513 2207 1573 2250 511,
1600 2207 1812 2242 examinare

272 2270 346 2294 non
374 2262 430 2294 est
455 2260 564 2295 huius
592 2261 674 2295 loci.
712 2262 781 2296 hoc
806 2263 963 2305 constat,
990 2263 1056 2296 aut
1082 2261 1226 2296 duabus
1248 2262 1292 2296 de
1314 2261 1434 2296 causis
1456 2261 1582 2296 clauos
1608 2261 1697 2295 fixos
1718 2271 1813 2303 0550,

274 2316 309 2347 01
328 2315 529 2357 quotannis
550 2314 675 2349 idibus
698 2314 979 2360 Septembribus
999 2317 1041 2349 111
1062 2326 1180 2349 01111115
1200 2316 1403 2356 notaretur,
1431 2316 1468 2349 et
1488 2326 1571 2349 eum
1590 2313 1813 2358 pestilentia

272 2366 311 2400 in
338 2367 467 2402 urbem
492 2368 694 2403 inuasisset
718 2371 761 2403 ut
795 2369 998 2411 sedaretur,
1031 2370 1097 2403 aut
1123 2367 1241 2402 Cincii
1276 2367 1501 2402 sententiam
1533 2379 1577 2402 ex
1608 2378 1710 2402 more
1742 2367 1811 2401 illo

273 2420 438 2464 antiquo,
466 2432 538 2465 quo
560 2421 792 2467 defigebatur
812 2422 973 2465 morbus,
1001 2433 1044 2457 ex
1065 2421 1234 2466 exemplo
1254 2420 1481 2455 Volsiniensi
1506 2420 1600 2455 falso
1621 2420 1810 2465 explicato

272 2475 393 2508 ortam
420 2485 509 2509 esse.
549 2475 586 2509 in
608 2487 720 2519 quarn
744 2486 887 2510 morum
907 2476 1113 2520 priscorum
1133 2474 1479 2520 interpretationem
1498 2484 1711 2519 peruersam
1731 2485 1805 2508 non

273 2526 341 2561 soli
369 2527 573 2571 antiquarii
599 2529 759 2563 Romani
786 2528 1007 2563 inciderunt.

368 2582 401 2624 2)
433 2581 573 2626 Vngeri
609 2583 821 2616 coniectura
856 2582 1049 2627 ‘tempore’
1083 2592 1150 2626 pro
1185 2581 1321 2616 ‘more'
1359 2580 1620 2615 substituentis
1656 2580 1807 2625 (Philol.

270 2633 405 2668 XXXII
434 2635 555 2681 [1872]
581 2647 617 2679 p.
633 2637 833 2680 532—540)
861 2635 1058 2670 difficultas
1083 2645 1157 2669 non
1183 2634 1340 2669 tollitur.

366 2688 401 2731 3)
427 2687 512 2722 Vid.
540 2689 726 2723 chzrhez‘t
750 2700 785 2723 u.
808 2689 935 2723 szst
958 2701 993 2734 p.
1016 2692 1083 2722 442
1099 2700 1151 2732 sq.

367 2743 401 2786 4)
429 2741 513 2776 Vid.
542 2741 672 2776 Soitau
704 2742 828 2778 Herm.
855 2741 973 2776 XXVI
1002 2754 1038 2786 p.
1059 2745 1126 2776 409
1140 2753 1192 2785 sq.
1238 2740 1356 2774 XXIX
1382 2752 1415 2785 p.
1439 2743 1505 2774 611
1522 2751 1618 2783 sqq.,
1654 2739 1719 2773 ubi
1755 2740 1805 2774 si·

270 2794 377 2829 milia
404 2795 661 2830 additamenta
686 2795 724 2829 in
752 2794 890 2829 decade
911 2795 1023 2829 tertia.
1043 2796 1080 2830 et
1098 2794 1220 2839 prima
1239 2793 1434 2828 indicauit.
1455 2814 1499 2818 —
1519 2793 1634 2827 Paulo
1656 2792 1807 2827 diuersa

272 2850 358 2882 sunt
385 2859 480 2892 quae
506 2848 544 2882 in
573 2849 697 2883 adnot.
727 2849 775 2883 ad
801 2848 899 2883 Coel.
926 2848 969 2882 fr.
993 2852 1034 2882 21
1065 2850 1101 2882 et
1127 2847 1175 2882 ad
1199 2847 1280 2882 Val.
1301 2848 1387 2881 Ant.
1408 2846 1451 2881 fr.
1472 2850 1517 2881 45
1544 2846 1753 2881 obseruaui.
