2002 3342
596 183 902 218 SEMPRONIVS
929 185 1125 220 ASELLIO
1458 199 1629 229 CCXLIII

96 300 178 333 tum
212 294 324 333 honis
358 296 455 333 uiris
484 294 530 333 ad
558 307 641 332 rem
674 294 871 345 publicam
908 295 1190 334 defendendam
1219 298 1413 347 excitatis,
1442 297 1629 347 segnibus

95 373 114 397 a
142 361 276 411 prauis
304 359 421 398 rebus
450 358 650 398 deterritis
678 361 734 397 rei
761 372 796 410 p.
818 359 1005 410 prodesse
1018 356 1067 413 ¹),
1097 360 1265 412 denique
1294 361 1421 413 aliquo
1450 362 1533 400 loco
1555 375 1630 413 res,

96 426 171 463 nisi
193 424 334 476 quibus
354 426 438 475 ipse
459 424 716 475 interfuisset,
737 436 778 463 se
800 436 877 462 non
899 426 1139 474 scripturum
1162 438 1249 464 esse
1271 439 1359 465 eum
1381 427 1629 478 praedicasse

95 503 140 528 ex
169 491 214 528 fr.
237 488 262 528 6
296 491 563 540 consequitur.
609 491 713 540 atqui
748 491 913 528 iuuenes
946 489 1032 528 illos
1065 492 1105 528 in
1140 490 1335 541 Scipionis
1369 492 1628 531 contubernio

98 555 334 594 Numantino
368 554 414 593 de
447 554 597 605 Polyhii
631 555 793 593 historia
827 554 1042 593 collocutos
1075 568 1162 594 esse
1194 556 1509 608 Asellionenique
1543 570 1629 596 eam

96 622 326 671 cognouisse
361 632 557 671 exponere
590 621 654 658 uix
690 619 869 671 pluribus
901 619 1036 658 uerbis
1063 633 1161 671 opus
1188 628 1257 659 est.
1304 623 1434 673 itaque
1462 635 1561 673 quae
1588 624 1628 661 in

94 685 301 724 Asellionis
333 686 533 736 prooemio
568 698 655 723 cum
690 698 734 723 ea
769 686 1037 736 consentiunt,
1077 685 1172 724 haec
1206 686 1253 724 ab
1281 688 1362 737 ipsa
1391 687 1544 738 didicit,
1582 687 1628 727 de

94 748 374 802 ἀποδεικτικῇ
402 748 589 803 ἱστορίᾳ,
617 763 734 801 quam
760 762 831 788 nos
858 752 1138 801 pragmaticam
1168 750 1353 802 dicimus,
1387 758 1425 790 et
1454 752 1498 790 de
1527 753 1630 791 utili-

95 821 171 854 tate
206 816 403 865 historiae,
436 828 550 866 quam
586 828 662 854 non
694 822 739 854 ut
771 815 864 854 Cato
899 821 937 854 et
962 815 1051 854 Piso
1086 815 1132 854 ad
1159 829 1290 855 mores
1324 818 1472 856 ciuium
1500 831 1631 856 emell-

95 880 242 919 dandos
271 881 438 931 rettulit,
472 880 540 919 sed
566 887 609 920 ut
635 881 818 932 Polybius
847 881 893 919 ad
921 883 1110 920 rationem
1144 883 1201 920 rei
1234 895 1269 933 p.
1298 881 1630 922 administrandae

94 945 429 997 perspiciendam,
462 952 500 985 et
533 946 578 984 de
611 948 798 985 materiae
834 943 1261 1000 circumsc1¹iptione.²)
1306 947 1421 986 simul
1449 947 1630 986 Ciceroni

94 1011 217 1050 Coelii
245 1011 473 1050 admiratori
499 1011 722 1062 languidam
751 1018 789 1050 et
814 1013 996 1050 inscitam
1030 1013 1115 1050 eius
1144 1012 1349 1051 historiam
1382 1014 1508 1051 uisam
1544 1026 1629 1052 esse

191 1187 223 1229 1)
250 1185 354 1220 Duae
387 1185 425 1219 in
451 1186 495 1219 fr.
517 1190 536 1219 2
569 1186 693 1220 insunt
726 1185 965 1220 difficultates
999 1185 1155 1219 diuersis
1187 1185 1394 1220 rationibus
1428 1188 1630 1230 temptatae

93 1242 199 1283 (quas
219 1239 258 1273 in
279 1250 404 1284 appar.
427 1239 506 1273 crit.
527 1241 762 1274 enumeratas
788 1239 961 1283 reperies,
988 1239 1068 1283 ipse
1096 1238 1201 1273 codd.
1225 1239 1447 1283 scripturam
1470 1239 1631 1273 maxima

93 1304 135 1327 ex
162 1295 268 1337 parte
294 1293 457 1337 retinui).
502 1304 589 1327 nam
610 1292 770 1336 primum
791 1292 996 1326 accusatiui
1023 1291 1158 1326 adiect.
1181 1293 1377 1327 alacriores
1397 1294 1434 1326 et
1452 1294 1632 1338 sequiores

95 1346 361 1381 adiectiuorum
388 1346 679 1391 prolepticorum
700 1345 810 1379 modo
835 1356 919 1379 cum
944 1345 1058 1379 uerbo
1079 1356 1298 1380 commouere
1319 1346 1507 1379 coniuncti
1534 1347 1630 1389 sunt,

94 1411 249 1443 quorum
281 1412 368 1434 usus
401 1400 502 1444 apud
534 1402 665 1444 poetas
697 1399 869 1443 frequens
904 1402 978 1441 est,
1005 1398 1052 1432 ab
1080 1398 1264 1432 historicis
1297 1410 1371 1433 non
1398 1401 1543 1443 spretus
1571 1399 1630 1444 (cf.

94 1465 137 1487 ex
170 1453 346 1498 exemplis
381 1453 481 1497 apud
514 1452 752 1486 Kuehnerum
785 1453 996 1495 Ausfuehrl.
1024 1452 1109 1486 Lat.
1142 1451 1302 1486 Gramm.
1325 1452 1357 1486 ΙΙ
1383 1464 1418 1497 p.
1437 1456 1520 1486 179:
1552 1452 1628 1486 Liu.

93 1511 149 1549 21,
171 1511 227 1550 33,
249 1511 285 1541 3:
322 1511 476 1552 utraque
506 1507 615 1541 simul
642 1507 777 1541 obiecta
802 1517 857 1540 res
889 1506 1003 1540 oculis
1029 1506 1233 1549 animisque
1265 1506 1451 1541 inmobiles
1476 1518 1629 1550 parum-

87 1572 156 1604 per
187 1571 243 1595 eos
274 1560 400 1603 defixit
427 1561 464 1594 et
489 1558 943 1594 Weissenborn-Mueller
969 1570 1000 1592 a.
1021 1558 1057 1593 h.
1077 1557 1127 1602 1.),
1154 1560 1233 1592 tum
1260 1558 1401 1593 formae
1429 1560 1629 1603 comparat.

94 1613 166 1648 adi.
194 1615 231 1647 et
257 1615 377 1648 alacer
403 1615 441 1648 et
465 1614 584 1659 scynis
610 1624 692 1647 cum
713 1612 989 1657 praepositione
1015 1612 1065 1647 ad
1092 1612 1255 1646 construi
1284 1612 1419 1646 solent:
1453 1612 1559 1646 Auct.
1582 1612 1630 1646 ad

94 1666 253 1701 Herenn.
276 1671 307 1709 2,
329 1670 384 1709 30,
406 1671 467 1701 48:
495 1666 625 1700 multos
650 1667 847 1701 alacriores
872 1666 922 1700 ad
945 1666 1124 1708 maleficia
1149 1666 1304 1708 futuros.
1346 1668 1378 1707 2,
1400 1668 1455 1707 31,
1477 1668 1538 1699 50:
1567 1677 1632 1700 'nos

92 1721 290 1755 alacriores
315 1720 364 1754 ad
390 1720 538 1754 relicum
560 1720 851 1763 persoluendum.
892 1719 962 1753 Cic.
985 1718 1029 1752 de
1050 1718 1110 1752 fin.
1134 1723 1164 1760 1,
1188 1721 1242 1761 10,
1263 1722 1325 1752 34:
1351 1730 1415 1753 nec
1433 1720 1631 1764 segniorem

92 1774 141 1808 ad
167 1773 455 1817 respondendmn
481 1773 684 1808 reddidisti,
725 1783 792 1817 pro
818 1773 924 1807 Font.
948 1776 978 1815 7,
1002 1775 1061 1806 17:
1090 1773 1268 1817 segniores
1289 1772 1338 1806 ad
1363 1773 1628 1816 imperandam.

91 1827 170 1862 Liu.
191 1831 248 1870 24,
265 1831 319 1868 13,
342 1831 402 1861 11:
428 1828 574 1872 seynior
598 1827 646 1861 ad
672 1827 888 1862 credendum
912 1827 1043 1869 factus.
1078 1825 1124 1860 cf.
1144 1824 1239 1869 Nep.
1255 1824 1383 1860 Thras.
1401 1829 1432 1868 2,
1448 1830 1479 1860 2.
1512 1826 1631 1870 saunis

93 1883 217 1915 autem
243 1891 317 1915 non
343 1881 452 1915 modo
480 1882 537 1914 est
562 1880 609 1923 is,
643 1880 707 1924 qui
732 1880 840 1924 piger
865 1879 903 1913 in
930 1878 1102 1913 faciendo
1130 1878 1194 1912 sed
1222 1878 1371 1912 omnino
1398 1878 1449 1920 is,
1486 1879 1549 1921 qui
1574 1878 1630 1911 in-

93 1934 230 1968 habilis
252 1935 300 1968 ad
320 1934 535 1968 faciendum
556 1934 615 1979 (cf.
632 1933 741 1978 Verg.
763 1934 854 1967 Aen.
879 1936 934 1975 10,
951 1934 1045 1976 619),
1066 1931 1260 1976 oppositus
1280 1934 1425 1966 strenuo
1446 1932 1634 1977 (πολιτικῷ

92 1987 255 2031 Polybii,
282 1987 327 2022 cf.
354 1987 475 2021 Plaut.
498 1987 603 2021 Truc.
627 1989 711 2021 493:
747 1987 895 2021 Stremn'
921 1987 1035 2020 nimio
1062 1986 1152 2030 plus
1171 1989 1330 2028 prosunt
1355 1985 1495 2028 populo
1521 1996 1630 2028 quam

91 2046 218 2087 aryute
244 2042 340 2084 cati).
386 2041 545 2085 denique
578 2041 697 2075 omnis
733 2040 887 2075 offensio
921 2038 1154 2079 subleuatur,
1189 2037 1220 2071 si
1253 2048 1319 2081 pro
1350 2039 1542 2082 quicquam
1574 2049 1628 2071 re-

91 2094 257 2139 posueris
289 2106 497 2139 quosquam.
543 2095 580 2128 in
614 2094 731 2128 altero
764 2093 958 2128 enuntiato
991 2092 1034 2126 fr.
1056 2095 1075 2124 2
1110 2090 1248 2135 duplex
1280 2089 1374 2124 illud
1410 2091 1561 2125 ‘iterare
1593 2091 1629 2124 id

90 2149 254 2191 fabulas'
284 2148 531 2192 suspicionem
556 2147 743 2192 plerisque
763 2146 853 2180 uiris
881 2145 1003 2180 doctis
1028 2144 1165 2186 mouit3
1193 2143 1412 2178 alterutrum
1439 2143 1556 2188 igitur
1582 2143 1628 2177 ab

92 2201 144 2236 eis
165 2201 210 2236 de
232 2203 406 2236 contextu
426 2200 619 2245 expulsum
640 2203 706 2236 est.
740 2211 869 2234 uerum
890 2200 1027 2242 tamen,
1055 2197 1087 2231 si
1113 2197 1248 2232 leniter
1273 2208 1317 2231 ex
1342 2208 1380 2231 eo
1404 2197 1495 2231 libro
1522 2197 1559 2230 in
1585 2208 1629 2231 επ

91 2267 129 2289 eo
156 2256 243 2290 bello
269 2254 490 2298 mutaueris,
518 2264 635 2298 usque
661 2254 709 2288 ad
735 2253 837 2298 prius
864 2254 995 2287 iterare
1021 2251 1139 2286 oratio
1166 2251 1260 2285 bene
1286 2249 1386 2292 fluit,
1413 2250 1477 2284 sed
1503 2250 1628 2293 etiam,

90 2309 160 2342 nisi
192 2308 307 2343 uerba.
334 2308 520 2352 quaedam
554 2307 677 2343 delere
712 2307 831 2341 mauis
858 2306 918 2350 (cf.
946 2316 1030 2350 app.
1053 2305 1165 2348 crit),
1199 2303 1400 2347 reliquum,
1429 2303 1628 2338 dummodo

92 2362 138 2395 ad
174 2362 276 2406 prius
311 2362 462 2404 fabulas
494 2372 537 2395 ex
569 2371 668 2405 seqq,
704 2360 907 2395 subaudias
943 2370 1098 2394 narrare
1130 2362 1197 2400 est,
1230 2358 1267 2392 et
1298 2357 1367 2391 hoc
1401 2356 1558 2390 dilatum
1592 2359 1628 2391 et

91 2417 177 2459 post
211 2415 380 2459 uncinos,
417 2415 514 2448 intra
546 2425 639 2458 quos
672 2425 766 2458 quae
798 2412 950 2447 breuius
983 2412 1056 2445 iam
1090 2411 1136 2445 fr.
1159 2416 1175 2445 1
1205 2412 1294 2445 extr.
1328 2410 1516 2455 professus
1549 2411 1628 2444 erat

92 2470 311 2511 commonet,
333 2480 415 2503 cum
444 2468 734 2513 amplificatione
760 2478 957 2512 puerorum
985 2465 1184 2509 repetitum
1206 2464 1428 2498 sententiam
1452 2463 1628 2498 clausisse

93 2522 286 2556 concedas.

188 2578 222 2620 2)
251 2575 303 2609 Cf.
324 2575 456 2619 Polyb.
477 2579 510 2619 4,
532 2579 565 2618 2,
586 2579 605 2608 2
634 2574 713 2620 [ubi
740 2586 778 2608 sc
804 2574 851 2608 ad
880 2584 970 2617 opus
998 2583 1103 2606 suum
1131 2571 1335 2605 adductum
1362 2581 1441 2604 esse
1467 2571 1628 2614 primum

92 2629 198 2662 Arati
225 2628 382 2663 historia
409 2630 662 2674 exposuerat]:
697 2628 870 2671 δεύτερον
898 2626 938 2662 δὲ
965 2626 1028 2660 διὰ
1054 2625 1095 2659 τὸ
1123 2625 1186 2659 καὶ
1212 2625 1298 2664 τοὺς
1324 2623 1480 2670 χρόνους
1513 2623 1627 2664 οὕτως

93 2680 302 2727 συντρέχειν
327 2683 413 2721 τοὺς
437 2681 519 2727 ἑξῆς
544 2682 608 2716 καὶ
632 2682 720 2721 τοὺς
744 2680 949 2720 πίπτοντας
970 2677 1040 2714 ὑπὸ
1060 2678 1127 2722 τὴν
1148 2676 1329 2722 ἡμετέραν
1350 2677 1516 2720 ἱστορίαν
1537 2677 1627 2712 ὥστε

92 2734 178 2774 τοὺς
204 2733 270 2779 μὲν
295 2732 388 2769 καθ’
410 2735 508 2779 ἡμᾶς
534 2732 631 2769 εἶναι
655 2735 742 2775 τοὺς
768 2735 807 2769 δὲ
834 2733 930 2768 κατὰ
955 2733 1041 2772 τοὺς
1065 2730 1228 2774 πατέρας
1255 2731 1374 2776 ἡμῶν,
1404 2732 1440 2772 ἐξ
1468 2728 1511 2764 οὗ
1538 2742 1626 2774 συμ-

92 2786 215 2833 βαίνει
246 2794 323 2828 τοῐς
349 2787 415 2832 μὲν
442 2789 576 2828 αὐτοὺς
602 2787 697 2833 ἡμᾶς
722 2785 1020 2832 παραγεγονέναι
1047 2783 1092 2819 τὰ
1119 2785 1159 2819 δὲ
1187 2783 1289 2827 παρὰ
1316 2790 1388 2818 τῶν
1410 2781 1626 2827 ἑωρακότων

93 2840 308 2885 ἀκηκοέναι.

1230 2895 1310 2929 XVI
1321 2898 1338 2917 ἶ*
