2002 3342
190 432 256 463 189

191 491 257 521 565

199 1072 263 1103 187

196 1121 265 1162 567

283 215 367 255 258
923 214 1180 256 RELIQVIAE

285 327 390 364 Aeno
418 332 456 364 et
475 325 646 364 Maronia
676 325 873 376 praesidia
894 326 1075 364 Antiochi
1102 325 1241 364 deduci
1269 327 1394 376 iussit,
1421 327 1523 366 utin
1550 326 1730 366 libertate
1752 341 1823 367 eae

285 392 465 429 ciuitates
493 396 635 429 essent.

374 452 448 495 44.
483 457 571 495 Lia.
596 456 792 504 38‚23,6.
825 455 1021 494 Numerus
1036 456 1336 495 interfectorum
1351 454 1580 509 [Gallorum
1596 461 1634 496 in
1659 458 1824 508 Olympo

285 527 417 560 monte
444 534 468 559 a
495 522 561 560 Cn.
585 522 741 560 Manlio
767 519 955 573 consule]
981 520 1084 559 haud
1112 521 1224 559 facile
1252 523 1344 559 iniri
1371 524 1507 573 potuit,
1534 524 1624 573 quia
1651 523 1725 561 late
1752 536 1824 574 per

286 588 414 624 omnis
442 586 655 624 amfractus
679 587 872 624 montium
901 586 1069 637 fugaque
1091 591 1129 624 et
1150 586 1290 625 caedes
1312 587 1395 637 fuit,
1423 593 1461 626 et
1480 600 1620 638 magna
1646 601 1737 639 pars
1759 601 1822 627 ru·
1843 599 1861 626 5

288 651 404 703 pibus
431 653 550 689 inuiis
584 653 622 689 in
657 651 875 702 profundae
903 651 1121 690 altitudinis
1150 651 1347 690 conualles
1375 652 1530 703 delapsa
1558 660 1633 703 est,
1666 666 1756 704 pars
1782 655 1822 692 in

289 717 401 755 siluis
433 716 702 767 uepribusque
736 717 877 755 occisa.
918 716 1122 768 Claudius,
1156 718 1222 767 qui
1255 714 1318 755 bis
1351 723 1566 768 pugnatum
1593 719 1633 756 in
1661 718 1824 770 Olympo

290 788 421 820 monte
449 781 599 832 scribit,
626 781 673 819 ad
701 781 958 832 quadraginta
985 782 1091 820 milia
1119 782 1322 820 hominum
1351 788 1486 821 auctor
1513 788 1572 821 est
1598 795 1728 835 caesa,
1754 784 1825 822 Va-

290 848 411 886 lerius
438 848 591 897 Antias,
625 848 692 898 qui
720 848 844 897 magis
875 846 1114 885 immodicus
1142 848 1181 885 in
1209 859 1373 885 numero
1402 847 1578 897 augendo
1605 861 1690 887 esse
1717 848 1826 900 solet,

291 925 369 951 non
397 912 484 963 plus
513 911 648 950 decern
676 912 794 950 milia.
837 924 1027 950 numerus
1055 913 1301 963 captiuorum
1329 911 1432 950 haud
1458 911 1574 950 dubie
1601 912 1707 951 milia
1734 925 1826 964 qua·
1848 926 1888 951 10

293 977 471 1028 draginta
500 977 683 1028 expleuit,
711 978 803 1028 quia
831 978 958 1015 omnis
986 978 1143 1027 generis
1164 978 1379 1027 aetatisque
1406 976 1561 1016 turham
1589 990 1722 1017 secum
1750 984 1827 1017 tra-

292 1048 431 1081 xerant
459 1042 763 1093 demigrantium
791 1043 915 1092 magis
943 1055 1059 1093 quam
1090 1043 1130 1080 in
1157 1041 1304 1080 bellum
1332 1043 1508 1080 euntium
1535 1042 1661 1081 modo.

382 1104 457 1147 45.
491 1108 579 1146 Liu.
602 1107 941 1156 38,50,4—55,
959 1109 995 1146 7.
1023 1107 1210 1146 58ffl60.
1253 1107 1459 1158 Oppressit
1492 1107 1632 1146 deinde
1664 1110 1829 1147 mentio·

295 1185 385 1212 nem
412 1174 721 1224 memoriamque
750 1185 907 1211 omnem
934 1174 1198 1211 contentionis
1224 1172 1341 1211 huius
1367 1173 1493 1211 maius
1515 1178 1660 1212 etcum
1682 1175 1830 1212 maiore

295 1243 334 1277 et
367 1237 531 1276 clariore
564 1239 651 1276 uiro
685 1243 887 1276 certamen
923 1244 1064 1276 ortum.
1104 1238 1143 1276 P.
1166 1237 1339 1289 Scipioni
1366 1238 1559 1288 Africano,
1585 1243 1628 1277 ut
1654 1239 1830 1278 Valerius
1851 1252 1891 1277 15

295 1304 432 1342 Antias
459 1308 595 1342 auctor
621 1308 691 1354 est,
720 1303 794 1341 duo
817 1302 859 1348 Q.
881 1302 1027 1341 Petillii
1055 1302 1158 1341 diem
1187 1302 1382 1341 dixerunt.
1421 1302 1472 1353 id,
1499 1310 1615 1354 prout
1641 1305 1831 1355 cuiusque

296 1370 501 1419 ingenium
529 1374 629 1419 erat,
656 1367 1034 1420 interpretabantur.
1075 1368 1140 1407 alii
1173 1381 1251 1407 non
1280 1368 1458 1407 tribunos
1484 1368 1620 1419 plebis,
1651 1369 1720 1408 sed
1745 1371 1832 1408 uni·

296 1446 455 1472 uersam
489 1435 710 1484 ciuitatem,
744 1446 843 1485 quae
878 1433 917 1472 id
943 1435 1024 1484 pati
1050 1439 1203 1484 posset,
1234 1433 1484 1473 incusabant:
1519 1433 1614 1473 duas
1646 1436 1834 1473 maximas

298 1498 405 1538 orbis
438 1505 633 1537 terrarum
667 1499 788 1538 urbes
823 1500 997 1550 ingratas
1026 1511 1104 1537 uno
1130 1511 1252 1550 prope
1280 1505 1455 1550 tempore
1483 1501 1523 1538 in
1549 1501 1749 1551 principes
1776 1501 1833 1538 in-

298 1570 449 1615 uentas,
469 1563 631 1602 Romam
653 1565 921 1615 ingratiorem,
944 1565 977 1602 si
998 1563 1158 1615 quidem
1178 1565 1283 1603 uicta
1305 1563 1497 1615 Carthago
1517 1566 1669 1603 uictum
1689 1564 1834 1603 Hanni-
1855 1577 1897 1602 202

298 1629 427 1668 halem
455 1631 494 1667 in
523 1629 703 1668 exsilium
732 1629 960 1681 expulisset,
987 1629 1108 1667 Roma
1134 1631 1277 1668 uictrix
1305 1631 1498 1668 uictorem
1520 1630 1743 1668 Africanum
1771 1642 1835 1668 ex-

299 1694 429 1746 pellat.
468 1694 533 1732 alii
553 1696 753 1733 neminem
774 1707 896 1733 unum
919 1696 1046 1733 ciuem
1070 1700 1219 1733 tantum
1242 1696 1415 1734 eminere
1439 1694 1593 1745 debere,
1620 1701 1662 1733 ut
1683 1694 1834 1745 legibus

397 1837 461 1873 44.
492 1839 731 1882 Captiuorum
757 1849 930 1873 ‘riumerus
955 1849 1025 1873 esse
1052 1838 1281 1884 Polyleiauus
1306 1839 1463 1872 uidetur.
1502 1840 1546 1882 cf.
1572 1839 1699 1874 Claud.
1720 1839 1766 1881 fr.
1790 1842 1838 1873 66

301 1897 381 1921 cum
409 1886 494 1920 adn.
1224 1924 1231 1931 Χ

399 1932 465 1968 45.
499 1933 581 1967 Vid.
602 1944 717 1977 supra
739 1944 776 1977 p.
795 1943 1025 1977 ccczrlrsqq„
1051 1933 1126 1975 ubi,
1153 1944 1222 1976 quo
1242 1934 1322 1968 iure
1341 1944 1415 1967 33033
1440 1934 1535 1968 3οῑα3
1555 1934 1648 1968 duas
1668 1945 1734 1976 3-63,
1761 1934 1842 1977 qui-

305 1981 370 2015 bus
396 1992 418 2015 a
440 1981 554 2015 Liuio
575 1982 741 2015 Antiatis
761 1981 964 2015 auctoritas
984 1981 1170 2024 adscripta
1190 1984 1252 2023 est,
1277 1992 1320 2014 ex
1340 1982 1519 2015 orationis
1538 1985 1657 2015 tenore
1676 1982 1845 2023 (titulata,

302 2030 362 2063 sed
389 2033 500 2063 totam
520 2029 768 2063 narratiowem
787 2029 1033 2072 receperimus,
1056 2029 1227 2071 pluribus
1247 2029 1478 2073 eaeposufz'mus
1488 2042 1501 2071 ,·
1520 2029 1735 2070 testimonia,
1762 2030 1839 2073 qui—

303 2077 368 2110 bns
396 2087 473 2110 eam
502 2076 640 2110 Valerii
665 2087 736 2110 6336
762 2075 912 2110 aliunde
938 2076 1188 2118 coarmantur,
1213 2077 1271 2110 hic
1295 2086 1361 2110 suo
1388 2076 1461 2110 loco
1488 2076 1759 2110 adnotauz‘mus.

401 2134 432 2157 a.
460 2124 566 2158 Duos
593 2123 757 2157 Petillios
777 2124 960 2166 Africano
987 2124 1028 2158 dc
1050 2123 1274 2157 Antiochino
1296 2125 1455 2167 pecuuia
1475 2135 1497 2157 a
1521 2123 1654 2158 Catone
1673 2124 1847 2158 inmissos

307 2171 446 2205 Gellius
472 2173 505 2213 4,
522 2174 611 2213 18,7
639 2172 713 2213 (uel
741 2171 930 2206 Cornelius
955 2171 1094 2215 Nepos)
1123 2171 1321 2205 Claudium
1350 2171 1649 2216 Quadrigarium,
1674 2175 1716 2205 ut
1741 2171 1843 2205 uide-

304 2223 377 2260 tur,
403 2223 545 2253 secutus
570 2222 720 2253 testatus
746 2223 806 2253 est.
841 2219 987 2253 Petillio
1013 2220 1149 2253 Actaeo
1176 2219 1268 2261 (uisi
1292 2228 1314 2251 a
1342 2217 1489 2252 petillio
1517 2219 1581 2252 aut
1606 2217 1750 2252 Naeuio
1776 2217 1841 2251 tri-

307 2266 404 2299 buno
425 2265 544 2309 plebis
565 2266 794 2300 scribendum
815 2270 875 2308 est,
901 2267 945 2308 cf.
971 2266 1087 2300 Valer.
1110 2265 1217 2299 Max.
1240 2268 1273 2308 3,
1290 2268 1322 2307 7,
1338 2269 1373 2307 1,)
1395 2276 1584 2311 cognomen
1606 2266 1719 2308 fuisse
1739 2265 1848 2300 addit

306 2314 483 2348 Aurelius
511 2314 630 2348 Victor
663 2313 705 2348 cle
730 2314 801 2348 uir.
823 2314 873 2347 ill.
895 2316 1027 2356 49,16,
1060 2324 1161 2357 quem
1194 2317 1226 2348 et
1257 2314 1299 2347 ob
1330 2313 1424 2347 hanc
1454 2324 1527 2348 rem
1559 2317 1592 2347 et
1622 2314 1716 2357 quod
1747 2314 1850 2347 solus

306 2362 513 2395 morientem
540 2361 763 2403 Africanum
795 2362 841 2395 ab
868 2371 980 2395 umore
1000 2362 1146 2404 petiisse
1172 2361 1362 2395 memoriae
1381 2360 1621 2414 prodidisset,
1646 2372 1690 2395 336
1715 2371 1849 2404 corpus

306 2419 413 2442 suum
440 2408 595 2442 Romam
621 2409 825 2451 ν’·6ΐ6336ὑ3ιν,
857 2419 932 2442 33033
958 2409 1072 2442 Lamo
1098 2408 1159 2442 sed
1184 2409 1262 2451 ipso
1290 2408 1433 2442 Valerio
1459 2419 1561 2442 usum
1590 2419 1660 2442 esse
1688 2409 1844 2442 illumm—

307 2467 369 2489 3633
398 2455 440 2489 R.
463 2455 499 2489 F.
522 2456 569 2490 ΙΙ
590 2468 627 2499 p
648 2458 779 2510 42osq.
811 2457 1018 2509 suspicatus
1049 2460 1109 2490 est.
1149 2456 1240 2490 alter
1273 2459 1399 2490 (uector
1432 2456 1599 2498 (sortasse
1632 2455 1851 2509 Claudius),

308 2504 368 2537 cui
394 2514 484 2547 quae
510 2514 537 2537 6.
561 2506 620 2545 56,
631 2506 656 2537 2
686 2504 727 2537 in
753 2503 951 2547 appendice
976 2514 1073 2537 331363
1076 2504 1131 2537 uit
1157 2503 1294 2536 Liuius
1320 2503 1434 2545 debet,
1468 2503 1522 2536 M
1544 2503 1750 2544 Naeuium
1782 2503 1846 2547 qui

311 2551 481 2585 trebmzus
500 2551 553 2595 pl.
574 2551 651 2593 fuet
677 2562 709 2584 α
733 2553 813 2584 184.
843 2553 928 2592 570,
960 2551 1054 2584 diem
1081 2551 1215 2585 dixisse
1240 2551 1385 2594 scripsit
1412 2550 1473 2593 (cf.
1496 2550 1585 2584 Gell.
1606 2553 1778 2594 4,1‹>,3)

402 2692 480 2737 44.
507 2697 586 2735 uid.
615 2710 702 2746 app.
731 2698 783 2736 ad
812 2698 949 2736 Claud.
975 2699 1025 2745 fr.
1050 2699 1114 2735 66.

404 2752 480 2806 45,
512 2758 563 2794 15
598 2760 636 2794 et
670 2757 833 2795 clariore
860 2757 1038 2795 additum
1071 2769 1115 2794 ex
1139 2756 1370 2804 Moyuntmo
1404 2755 1501 2802 (cod.
1527 2757 1734 2804 Bambery.
1762 2767 1850 2794 633333

315 2828 343 2853 6.
368 2818 476 2854 46.3
503 2816 634 2864 desiit)
758 2818 812 2853 22
846 2830 968 2853 unum
994 2818 1150 2854 tantum
1178 2816 1345 2854 eminere
1373 2816 1498 2853 ciuem
1525 2828 1549 2858 ς
1581 2816 1750 2863 ΖΙΙα1Ζ3439
1775 2826 1852 2853 scr.

313 2887 401 2913 cum
428 2875 482 2912 ed.
511 2875 574 2913 alt.
601 2876 755 2913 Froben
792 2889 914 2912 unum
941 2875 1068 2912 ciuem
