2002 3342
291 178 425 208 CCCIV
625 163 688 197 DE
716 161 1021 197 SCRIPTORVM
1048 160 1171 195 VITIS
1197 160 1259 195 ET
1285 160 1491 195 SCRIPTIS

382 274 417 314 1.
452 269 727 327 (1).254R1·.)
780 273 950 318 Quintus
988 275 1029 311 in
1070 273 1136 310 II:
1176 273 1422 310 Peruersum
1461 283 1562 318 esse,
1602 272 1675 309 aliz·
1712 272 1820 309 modi

283 343 498 390 postulare
527 340 730 388 Pyrrhum
757 341 796 377 in
827 344 864 376 le
890 343 1011 386 alque
1038 340 1078 376 in
1107 339 1255 376 ceteris
1282 337 1422 386 fuisse.
1455 336 1577 374 Prisc.
1602 333 1654 373 13
1678 348 1714 386 p.
1736 333 1760 373 8
1777 334 1820 373 H.

291 428 348 432 ——
370 405 442 443 llic
464 406 538 442 iam
566 403 684 442 Krelil
713 415 759 441 ex
787 401 988 441 codicibus
1016 402 1055 440 C.
1078 402 1219 439 Licinii
1246 413 1388 439 nomen
1416 402 1601 451 restituit,
1629 412 1745 451 quam
1773 399 1820 438 ob

294 482 376 507 rem
403 469 441 507 C.
465 468 605 506 Licinii
632 468 752 506 Macri
781 468 1010 517 fragmentis
1037 468 1230 505 insertum
1258 471 1317 505 cst
1344 462 1410 519 (fr.
1432 463 1519 518 20).

381 532 418 572 2.
448 530 709 585 (p.2631{1=.)
749 533 946 571 Calidius:
982 534 1165 579 Senatus,
1199 534 1341 580 inquit,
1368 534 1526 570 censuit
1552 530 1823 579 referentibus

291 599 444 648 sufetis.
484 597 589 636 Paul.
618 597 722 635 Diac.
751 610 785 648 p.
815 595 898 635 2308
916 597 961 635 M.
994 619 1048 623 —
1083 596 1180 641 Quia
1212 595 1330 645 uulgo
1368 595 1612 634 tribueretur
1650 594 1823 645 Claudio,

293 663 443 702 Krause
477 665 517 701 in
550 664 635 701 eius
672 664 900 712 fragmentis
935 663 1052 700 etiam
1086 662 1159 699 hoc
1192 662 1334 712 posuit.
1380 662 1464 711 ipse
1498 659 1645 698 Calidio
1679 660 1824 698 oratori

295 741 364 768 sua
398 727 596 767 reddenda
629 740 716 766 esse
751 729 956 766 existumo.
1002 726 1097 764 haec
1131 727 1235 764 enim
1268 726 1374 764 Festi
1401 722 1455 779 (p.
1478 721 1583 778 309)
1610 724 1732 763 uerba
1759 737 1823 763 ex-

295 795 443 844 cerpsit
474 793 634 832 Paulus:
675 791 806 831 ‘Sufes
841 792 967 830 dictus
1002 793 1230 830 Poenorum
1262 792 1516 841 magistratus
1554 795 1598 828 ut
1635 789 1826 829 Oscorum

296 860 468 898 Medde'x
501 861 662 897 iuncus.
710 857 882 896 Calidius
918 858 958 894 in
992 857 1168 895 oratione
1199 859 1239 895 in
1279 857 1322 902 Q.
1349 855 1543 895 Gallium:
1572 877 1626 882 —
1660 855 1826 893 Senatus

295 926 454 962 censuit
481 923 753 973 referentibus
780 920 944 960 sufetis-‚⁷

385 986 423 1026 3.
457 984 512 1041 (p.
534 984 720 1040 2651ςιι)
759 988 954 1026 Claudius
985 990 1171 1025 oratione
1204 989 1243 1025 in
1285 987 1489 1032 Quintium
1525 986 1699 1024 Gallum:
1732 996 1827 1033 quo-

296 1066 385 1092 rum
412 1056 548 1092 iacent
574 1064 756 1100 murena,
783 1054 866 1090 ulla
892 1053 1055 1100 horrea,
1087 1054 1284 1100 curiaque
1310 1058 1348 1090 et
1374 1053 1605 1090 tabulariae
1622 1051 1827 1099 publicae.

297 1118 449 1156 Nonius
477 1130 505 1156 s,
533 1131 569 1156 u.
597 1117 737 1155 horrea
767 1130 803 1167 p.
827 1114 922 1155 208.
956 1139 1014 1142 —
1046 1116 1127 1155 Hoc
1161 1117 1423 1167 fragmentum
1456 1115 1587 1166 Meyer
1618 1116 1658 1153 in
1692 1115 1828 1165 fragm.

297 1189 392 1222 orat.
412 1182 522 1221 Rom.
545 1195 579 1233 p.
594 1179 679 1221 4:37
702 1183 754 1220 ita
776 1181 1017 1220 emendanit:
1050 1182 1232 1220 Calidius
1251 1184 1436 1220 oralione
1456 1184 1496 1220 in
1525 1181 1712 1226 Quintum
1738 1180 1829 1218 Gal-

298 1251 396 1288 lium
424 1249 586 1298 eiusque
615 1248 844 1298 fragmentis
872 1248 1052 1297 inseruit,
1080 1245 1337 1285 Giesehrecht
1357 1245 1516 1297 quidem
1537 1241 1592 1298 (p.
1607 1241 1653 1297 9)
1678 1257 1724 1282 ex
1745 1256 1830 1282 ora·

300 1315 405 1352 tione
428 1312 607 1364 quadam,
629 1324 745 1363 quam
767 1313 807 1350 in
828 1311 988 1350 annales
1010 1312 1227 1362 recepisset
1243 1310 1538 1362 Quadrigarius,
1559 1310 1655 1348 haec
1676 1314 1830 1359 sumpta

299 1390 386 1417 esse
420 1377 633 1416 arbitratus
666 1383 742 1427 est,
776 1376 845 1415 sed
877 1389 967 1415 cum
994 1376 1148 1426 Meyero
1176 1375 1215 1414 id
1243 1376 1352 1426 facit,
1384 1375 1488 1427 quod
1513 1376 1554 1413 in
1581 1374 1623 1420 Q.
1652 1373 1832 1427 Gallium,

299 1456 415 1494 quem
438 1442 612 1481 defendit
633 1442 679 1480 M.
701 1442 854 1480 Tullius
875 1441 1025 1492 Cicero,
1052 1442 1269 1479 orationem
1291 1440 1483 1479 Calidium
1509 1439 1693 1478 habuisse
1714 1440 1831 1477 etiam

301 1507 456 1547 aliunde
490 1513 652 1546 constat.
699 1508 745 1546 cl'.
772 1507 905 1558 Meyer
937 1506 959 1544 l.
988 1520 1016 1545 s.
1043 1519 1079 1557 p.
1102 1504 1188 1545 436
1204 1519 1260 1557 sq.
1306 1507 1388 1557 ipsa
1423 1505 1545 1544 uerba
1580 1506 1637 1543 sic
1672 1505 1833 1555 scripsit

301 1574 341 1612 L.
362 1573 525 1612 Mueller
545 1572 567 1612 l.
589 1585 636 1612 s.:
669 1584 842 1621 quarum
870 1571 971 1622 [scil.
992 1571 1168 1622 urbium]
1196 1574 1332 1610 iacent
1357 1573 1481 1622 muri,
1507 1583 1583 1609 nee
1608 1572 1715 1609 ullae
1742 1568 1831 1619 [na-

301 1641 414 1677 ualia
441 1637 606 1688 Maduig.
627 1637 791 1676 Aduers.
813 1637 845 1675 Il
872 1650 907 1688 p.
931 1634 1033 1686 659]
1068 1638 1245 1675 horreae
1278 1639 1499 1685 curiaeque
1532 1641 1569 1674 et
1602 1637 1833 1674 tabulariae

293 1705 501 1753 publicae.

391 1766 430 1806 4.
463 1766 519 1821 (p.
535 1765 619 1807 259
636 1764 720 1822 ΚΓ.)
761 1768 953 1806 Claudius
979 1779 1116 1806 rerum
1144 1767 1421 1805 Romanarum
1447 1767 1551 1805 libro
1578 1766 1833 1804 duodecimo:

309 1834 492 1882 Quinque
514 1836 663 1882 pristis
694 1836 905 1881 ream'qe'um
939 1845 987 1871 ea
1020 1832 1152 1871 forma
1185 1844 1209 1870 α
1235 1834 1396 1870 marina
1429 1832 1560 1870 bellua
1587 1832 1737 1869 dictum
1764 1833 1832 1868 est.

304 1897 401 1937 Non.
423 1911 452 1937 s.
467 1911 503 1937 u.
519 1899 655 1949 pristis
676 1911 712 1949 p.
729 1895 825 1937 535.
842 1920 896 1924 ——
912 1897 992 1935 Hoc
1016 1897 1059 1936 fr.
1082 1898 1135 1935 ita
1156 1898 1347 1947 scriptum
1370 1894 1562 1945 ‘quinque
1573 1898 1721 1945 pristis
1742 1895 1832 1941 (na-

305 1965 458 2012 uiye'izm
485 1976 533 2002 ea
555 1963 692 2013 forma
719 1975 744 2002 α
770 1966 932 2002 marina
959 1964 1091 2002 bellua
1118 1963 1229 2001 dicta
1255 1960 1346 2009 ests
1377 1960 1510 1999 Clodio
1538 1960 1673 1999 Licino
1701 1958 1832 1998 tribui.

304 2028 382 2067 uid.
404 2028 479 2067 uol.
502 2028 534 2067 ll
554 2037 712 2079 p.CV11.
740 2025 806 2066 78.
