2002 3342
439 180 634 215 VALERII
662 179 884 214 ANTIATIS
913 179 1148 216 ANNALES.
1189 180 1232 216 fr.
1253 184 1392 215 45—49
1601 178 1688 220 269

153 292 322 344 bulaque
349 292 495 341 habuit,
523 293 612 343 quia
638 293 688 330 ita
710 292 839 342 aptius
860 292 991 330 uisum
1013 296 1107 342 erat,
1135 296 1362 331 tenuerunt.
1402 293 1435 331 si
1457 292 1601 330 Antiati
1616 290 1688 328 Va-

153 358 250 397 lerio
278 357 439 396 credere
466 356 572 406 libet,
600 356 647 394 ad
675 356 750 395 duo
778 356 884 394 milia
906 356 1109 396 hominum
1138 357 1351 397 damnauit.

243 420 320 464 48.
354 424 441 462 Lz'u.
463 422 614 470 39,43,
632 423 668 460 I.
705 421 881 460 Valerius
902 422 1048 472 Antias,
1075 428 1118 461 ut
1145 424 1212 474 qui
1239 436 1311 462 nec
1339 423 1556 461 orationem
1579 421 1690 460 Cato-

152 490 213 527 nis
240 488 399 539 legisset
425 494 461 526 ct
489 487 641 526 fabulae
670 492 820 525 tantum
848 488 934 525 sine
962 493 1120 526 auctore
1149 488 1277 527 editae
1306 487 1552 538 credidisset,
1583 486 1689 525 aliud

111 567 129 592 5
151 559 444 605 argumentum,
478 552 605 591 simile
639 558 768 591 tamen
803 558 841 591 et
874 552 1036 591 libidine
1071 559 1108 592 et
1141 553 1375 593 crudelitate
1402 555 1564 605 peragit.
1604 552 1688 591 Pla·

150 620 301 658 centiae
338 619 524 657 famosam
560 618 785 667 mulierem,
825 619 936 656 cuius
973 630 1105 657 amore
1143 618 1345 670 deperiret
1376 616 1441 671 [L.
1474 619 1689 665 Quinclz‘us

150 681 438 735 Flamininus]‚
470 684 511 721 in
545 684 773 722 conuiuium
807 684 1039 722 accersitam
1073 684 1222 722 scribit.
1270 683 1326 722 ibi
1358 685 1569 722 iactantem
1600 696 1687 722 sese

150 754 279 788 scorto
306 750 410 787 inter
436 753 565 787 cetera
594 747 811 799 rettulisse,
845 761 962 799 quam
993 750 1138 787 acriter
1165 751 1416 800 quaestiones
1444 750 1685 788 exercuisset

149 820 188 853 et
214 827 329 865 quam
361 813 505 852 multos
539 814 678 864 capitis
713 812 916 852 damnatos
948 815 989 852 in
1015 814 1188 853 uinculis
1215 814 1398 865 haberet,
1432 827 1529 865 quos
1557 815 1687 853 securi

92 893 127 917 ao
147 891 408 931 percussurus
442 884 558 918 esset.
597 884 681 917 tum
714 878 819 918 illam
853 880 954 918 infra
989 892 1079 918 eum
1113 879 1370 918 accubantem
1404 892 1568 930 negasse
1602 892 1687 918 um-

148 957 264 995 quam
291 944 438 983 uidisse
466 956 703 995 quemquam
730 945 861 983 securi
884 945 1091 984 ferientem
1113 951 1151 984 et
1171 944 1348 996 peruelle
1371 944 1410 983 id
1432 944 1581 984 uidere.
1622 945 1685 983 hic

147 1009 415 1060 indulgentem
443 1015 656 1048 amatorem
686 1022 809 1048 unum
838 1022 883 1048 ex
912 1009 988 1048 illis
1016 1011 1173 1049 miseris
1200 1009 1355 1049 adtrahi
1380 1011 1533 1049 iussum
1555 1011 1686 1049 securi

145 1076 408 1126 percussisse,
436 1075 604 1125 facinus,
632 1076 717 1113 siue
745 1088 789 1113 eo
816 1074 948 1126 modo,
979 1088 1055 1126 quo
1083 1087 1225 1114 censor
1251 1075 1408 1126 obiecit,
1435 1076 1520 1114 siue
1546 1080 1588 1114 ut
1611 1075 1685 1113 Va-

145 1139 267 1179 lerius
294 1139 423 1191 tradit,
450 1141 703 1178 commissum
733 1145 803 1190 est,
831 1152 993 1179 saeuum
1021 1146 1137 1192 atque
1164 1146 1275 1180 atrox
1302 1146 1340 1180 et
1362 1154 1398 1192 q.
1421 1153 1449 1179 s.

89 1217 124 1243 15
235 1200 312 1245 49.
345 1206 435 1244 Liu.
456 1206 524 1254 39,
541 1207 608 1254 56,
628 1206 661 1243 7.
699 1205 957 1244 Hannibalem
977 1206 1051 1245 hoc
1072 1219 1172 1245 anno
1195 1207 1329 1246 Antias
1350 1205 1528 1246 Valerius
1550 1206 1685 1245 deces-

145 1271 244 1309 sisse
277 1276 337 1309 est
369 1276 505 1309 auctor
537 1270 674 1321 legatis
702 1270 748 1309 ad
781 1283 866 1310 eam
894 1283 978 1310 rem
1006 1271 1052 1310 ad
1079 1271 1258 1311 Prusiam
1290 1272 1424 1311 missis
1458 1277 1616 1323 praeter
1641 1271 1685 1310 T.

144 1334 372 1380 Quinctium
399 1335 681 1386 Flamininum,
715 1337 826 1375 cuius
860 1338 900 1375 in
929 1349 971 1375 ea
1003 1349 1045 1376 re
1073 1337 1228 1376 celebre
1256 1342 1316 1376 est
1343 1349 1504 1388 nomen,
1533 1337 1573 1375 L.
1602 1337 1684 1376 Sci-

142 1402 259 1452 pione
287 1402 456 1440 Asiatico
484 1406 524 1440 et
549 1401 588 1439 P.
611 1401 794 1452 Scipione
822 1401 973 1442 Nasica.

237 1537 302 1574 48.
331 1540 458 1574 Etiam
484 1540 638 1584 gyrauius
663 1541 784 1583 priore
809 1540 912 1582 fama
940 1542 984 1583 (c.
1006 1543 1065 1583 42,
1081 1543 1228 1584 7—12).
1255 1541 1454 1576 secundum
1480 1541 1537 1575 M.
1560 1541 1685 1576 Porcii

141 1585 293 1621 Catonis
323 1587 479 1622 censoris
504 1588 703 1622 orationem
730 1588 869 1622 Liuius
899 1588 937 1622 T.
961 1588 1173 1633 Quinctium
1199 1589 1454 1630 incusauerat,
1480 1600 1553 1633 qua
1573 1590 1686 1633 pueri

137 1635 201 1669 sui
226 1634 385 1669 ludibrio
411 1635 453 1669 ‹Ie
478 1634 700 1677 qladz'atorio
725 1636 927 1680 spectaculo
947 1636 1149 1671 desiderato
1170 1637 1341 1671 irritatus
1361 1637 1498 1671 Boium
1517 1637 1683 1678 nobilem,

140 1683 206 1726 qui
237 1682 339 1717 morlo
374 1682 424 1716 acl
456 1682 642 1717 Romanos
676 1684 962 1728 trans-fugiebat,
995 1684 1113 1718 securi
1142 1688 1384 1727 percusserat,
1420 1687 1547 1718 contra
1581 1684 1684 1727 apud

140 1730 327 1764 Antiatem
363 1731 495 1773 capitis
536 1731 693 1773 aliquem
735 1731 950 1765 damnatum
985 1742 1001 1765 e
1036 1732 1197 1766 uinculis
1232 1733 1444 1766 arcessitum
1480 1743 1503 1764 a
1537 1732 1683 1774 famosa

139 1777 288 1812 muliere
313 1777 533 1812 Placentina
565 1781 735 1812 eoeoratus
765 1779 952 1821 percussit.
991 1779 1086 1813 hanc
1117 1779 1192 1812 iam
1222 1779 1342 1813 Cicero
1369 1782 1511 1813 secutus
1536 1783 1615 1813 erat
1640 1779 1683 1812 de

134 1835 211 1859 sen.
234 1826 370 1867 1242:
396 1823 539 1858 Inuitus
566 1824 649 1866 feci,
677 1827 718 1858 ut
744 1824 939 1859 fortissimi
964 1825 1038 1859 uiri
1064 1825 1104 1861 T.
1126 1826 1330 1860 Flaminini
1356 1826 1511 1860 fratrem
1538 1826 1575 1861 L.
1600 1826 1683 1860 Fla-

139 1871 323 1906 mininum
349 1883 369 1907 e
396 1873 527 1906 senatu
554 1872 728 1914 eicerem,
756 1874 899 1916 septem
926 1873 1033 1907 annis
1059 1876 1261 1918 postquam
1288 1873 1417 1907 consul
1443 1873 1589 1915 fuisset,
1617 1873 1682 1908 sed

138 1919 345 1954 notandam
370 1919 503 1963 putaui
529 1919 734 1954 libidinem.
771 1920 836 1955 ille
862 1920 962 1955 enim
989 1932 1073 1955 cum
1099 1922 1196 1955 esset
1223 1921 1370 1963 consul,
1404 1921 1444 1955 in
1471 1920 1595 1955 Gallia
1621 1932 1681 1955 ex-

136 1968 265 2000 oratus
298 1967 335 2000 in
369 1967 542 2001 conuiuio
577 1978 598 2001 a
630 1970 750 2002 scorto
777 1970 850 2010 est,
877 1970 919 2002 ut
945 1969 1064 2002 securi
1090 1968 1219 2002 feriret
1246 1969 1411 2013 aliquem
1438 1979 1582 2011 eorum,
1616 1968 1681 2013 qui

139 2013 177 2047 in
203 2014 365 2048 uinculis
393 2015 515 2049 essent
536 2014 704 2048 damnati
723 2014 776 2049 rei
797 2015 980 2059 capitalis.
1017 2016 1247 2060 Romanique
1265 2017 1458 2060 scriptores
1478 2027 1556 2051 eam
1570 2027 1680 2060 prae-

136 2062 316 2104 tulerunt,
345 2063 460 2097 Valer.
484 2063 590 2097 Max.
612 2065 745 2105 2,9‚3
782 2064 915 2105 (hunc,
947 2075 1021 2097 non
1054 2064 1243 2098 Antiatem
1278 2064 1447 2098 adhibuit
1482 2068 1515 2098 et
1549 2065 1681 2099 citauit

138 2109 300 2144 Ioannes
330 2109 610 2145 Saresberiensis
642 2110 775 2145 Polior.
798 2114 833 2152 8,
848 2114 904 2153 9),
937 2112 1113 2146 Aurelius
1141 2111 1262 2146 Victor
1281 2114 1393 2154 47,4,
1428 2112 1680 2156 Hieronymus

137 2157 179 2191 in
205 2161 387 2191 comment.
409 2158 458 2191 ad
484 2158 620 2192 Manli.
641 2160 753 2200 2,14;
781 2158 1004 2193 Plutarchus
1028 2160 1070 2193 in
1095 2160 1178 2193 uita
1200 2159 1349 2194 Catonis
1368 2160 1454 2193 mai.
1477 2161 1524 2193 17
1549 2160 1681 2194 citauit

136 2208 172 2239 et
203 2204 407 2239 Ciceronem
439 2209 471 2239 et
498 2205 703 2239 Liuianum
731 2205 881 2240 Catonis
913 2207 1129 2249 orationem,
1155 2207 1196 2240 in
1221 2207 1302 2241 uita
1332 2207 1370 2241 T.
1394 2206 1520 2241 Flam.
1550 2209 1593 2249 (c.
1616 2209 1679 2249 18)

136 2252 179 2286 in
204 2253 418 2287 narratione
444 2253 548 2287 illum
567 2257 708 2287 secutus
728 2253 835 2288 addit
862 2254 1000 2288 Valerii
1019 2255 1187 2288 Antiatis
1207 2255 1459 2289 auctoritatem
1482 2256 1542 2295 (ex
1562 2255 1677 2289 Liuio

141 2298 419 2341 Οὐαλλέριος
446 2299 492 2334 δὲ
517 2298 683 2338 Ἀντίας
709 2300 777 2335 οὐκ
804 2299 974 2347 ἐρωμένῳ
1002 2302 1116 2345 φησὶν
1147 2299 1225 2336 ἀλλ’
1249 2300 1412 2346 ἐρωμένῃ
1439 2307 1548 2336 τοῦτο
1574 2301 1678 2346 χαρί-

133 2348 279 2381 σασθαι
304 2348 367 2380 τὸν
394 2347 569 2390 Λεύκιον)
598 2352 705 2392 atque
731 2348 840 2382 Liuii
863 2353 1009 2392 propter
1034 2349 1234 2384 orationem
1262 2350 1423 2384 Catonis.

232 2394 296 2429 49.
324 2394 462 2429 Liuius
488 2395 661 2439 qnoniam
688 2406 715 2430 c.
738 2399 783 2430 51
809 2396 929 2430 eodem
954 2408 1052 2430 anno
1074 2397 1326 2431 Hannibalem
1348 2397 1553 2431 necessitate
1573 2408 1676 2431 coac-

132 2444 212 2475 tum
244 2453 380 2476 ueneno
412 2453 447 2476 se
478 2453 620 2477 necasse
648 2443 859 2484 (secundum
886 2444 1099 2489 Polybium,
1131 2445 1268 2479 Nissen
1294 2443 1439 2477 Unters.
1456 2455 1494 2488 p.
1515 2446 1591 2478 227
1604 2455 1676 2488 sqq.

138 2489 341 2523 Illommsen
367 2489 409 2523 R.
432 2489 469 2523 F.
497 2491 594 2534 IIp.
611 2493 760 2534 46¹6qu
790 2491 963 2534 pluribus
994 2496 1250 2534 enarrauerat,
1284 2495 1348 2525 aut
1379 2492 1444 2525 hoc
1469 2492 1602 2526 oblitus
1627 2496 1677 2526 est

133 2540 202 2570 aut
227 2537 440 2581 appendicis
466 2538 540 2572 loco
566 2538 762 2572 adnotanit
788 2543 937 2582 practer
966 2539 1004 2573 T.
1030 2539 1242 2584 Quinctium
1269 2539 1548 2581 Flamininum,
1574 2550 1676 2582 quem

132 2583 251 2618 solum
286 2588 395 2619 antea
429 2595 509 2619 cum
544 2586 695 2631 Polybio
728 2588 914 2630 (⁷24,5‚1)
949 2588 1224 2629 nominauerat,
1256 2587 1365 2621 etiam
1398 2586 1442 2619 L.
1470 2586 1677 2630 Scipionem

149 2746 162 2749 -
228 2713 305 2769 48,
336 2722 358 2757 5
387 2722 425 2757 et
452 2720 609 2758 libidini
636 2723 674 2758 et
701 2721 929 2759 crudelitati
955 2722 1061 2769 Bon.
1088 2733 1184 2759 corr.
1211 2721 1302 2759 Αἶά.
1335 2721 1499 2759 libidine
1526 2724 1566 2759 et
1591 2735 1677 2760 cru-

133 2777 300 2816 delitate
332 2789 357 2821 ς
480 2780 502 2816 6
537 2779 759 2828 deperierat
784 2782 890 2827 Moy.
1023 2783 1073 2818 11
1110 2781 1220 2818 feriri
1246 2783 1280 2819 I.
1295 2782 1365 2819 Fr.
1384 2781 1555 2819 Gronou.

137 2839 190 2875 12
219 2850 263 2875 ex
289 2838 369 2875 illis
396 2835 567 2890 miseris]
598 2839 779 2878 Gelenius
806 2839 870 2886 (cx
895 2841 1000 2889 Moy.
1023 2841 1061 2886 .?)
1089 2853 1135 2877 ex
1160 2840 1358 2879 damnatis
1387 2852 1411 2884 ς

1720 394 1787 444 1ἓέ

1717 454 1786 484 570

1712 1164 1783 1216 Q

1713 1223 1779 1254 571
