2002 3342
134 899 166 923 10

139 1876 171 1901 25

501 184 536 219 C.
559 184 719 218 LIClNH
745 183 894 219 MACRI
922 183 1155 218 ANNALES.
1194 183 1238 219 fr.
1262 188 1397 218 14—19
1628 183 1714 225 305

186 297 360 334 tinuaret
379 295 636 345 consulatum,
657 294 814 333 obuiam
836 294 1007 333 eundum
1029 307 1173 345 prauae
1195 294 1400 345 cupiditati
1421 295 1551 333 fuerit.
1590 294 1715 340 Quae-

187 363 260 399 sita
281 373 323 399 ea
351 362 507 412 propria
537 360 703 398 familiae
729 360 812 398 laus
834 360 1022 398 leuiorem
1046 366 1246 398 auctorem
1268 359 1462 398 Licinium
1485 360 1587 398 facit.
1626 372 1715 398 cum

186 427 426 464 mentionem
466 426 550 463 eius
590 427 647 463 rei
684 427 722 463 in
759 425 1043 463 uetustioribus
1081 425 1286 463 annalibus
1322 425 1467 463 nullam
1505 427 1717 474 inueniam,

186 492 309 541 magis
341 496 384 529 ut
416 490 507 528 belli
542 489 678 528 Gallici
711 502 825 528 causa
861 489 1090 528 dictatorem
1123 495 1299 528 creatum
1332 489 1519 541 arbitrer,
1555 489 1719 529 inclinat

186 557 351 595 animus.
390 567 435 593 eo
469 560 575 593 certe
610 567 710 592 anno
738 554 836 593 Galli
870 554 916 593 ad
950 556 1111 593 tertium
1146 554 1314 605 lapidem
1342 554 1488 594 Salaria
1519 557 1582 594 uia
1610 561 1717 594 trans

187 627 343 673 pontem
372 626 496 659 castra
525 619 709 658 habuere.
1747 655 1813 685 310

276 682 349 727 17.
383 685 470 725 Le'u.
493 686 530 733 Ω,
545 684 696 735 38,15.
735 685 915 736 Papirius
935 682 1136 737 [ίῖὶείαῐον
1163 682 1316 736 αἰσίως]
1338 686 1377 723 C.
1399 685 1552 723 lunium
1575 685 1718 723 Bubul·
1746 702 1814 745 m

187 764 275 790 cum
302 751 534 801 magistrum
563 752 739 801 equitum
769 750 884 802 dixit3
913 756 1026 801 atque
1055 751 1091 788 ei
1118 750 1244 801 legem
1267 751 1456 788 curiatam
1479 750 1524 789 de
1553 752 1718 802 imperio

187 817 329 855 serenti
355 817 469 854 triste
491 828 605 854 omen
629 815 732 854 diem
761 814 913 866 dislidit,
942 814 1046 866 quod
1068 814 1207 853 Faucia
1232 817 1340 853 curia
1368 816 1442 854 suit
1468 817 1719 867 principium,

188 881 337 920 duabus
364 882 530 931 insignis
552 880 740 932 cladibus,
769 887 902 931 captae
928 879 1039 918 urbis
1061 885 1099 918 et
1121 879 1317 919 Caudinae
1343 881 1463 931 pacis,
1491 881 1594 931 quod
1614 886 1720 919 utro·

188 959 261 998 que
289 958 389 985 anno
423 945 600 985 eiusdem
634 947 766 984 curiae
800 946 927 984 suerat
957 946 1210 997 principium.
1250 945 1379 984 Macer
1405 946 1579 985 Licinius
1606 948 1720 985 tertia

187 1013 304 1050 etiam
331 1011 452 1060 clade,
479 1023 577 1062 quae
606 1011 653 1050 ad
681 1011 907 1050 Cremeram
936 1017 1095 1062 accepta
1123 1016 1193 1061 est,
1222 1010 1521 1049 abominandam
1549 1023 1634 1050 eam
1656 1024 1721 1049 cu-

188 1078 286 1115 riam
314 1077 414 1115 facit.
1750 1116 1818 1147 304

278 1139 353 1181 18.
387 1142 476 1181 Lizt.
498 1143 674 1190 9,46,1.
721 1141 867 1180 Eodem
908 1154 1007 1180 anno
1048 1141 1115 1180 Cn.
1149 1141 1308 1180 Flauius
1342 1140 1409 1180 Cn.
1446 1141 1549 1180 filius
1582 1141 1724 1191 scriba,
1751 1165 1818 1207 430

132 1226 147 1250 1
187 1213 296 1259 patre
322 1207 520 1258 libertino,
548 1207 686 1246 humili
714 1208 870 1246 fortuna
897 1212 1018 1258 ortus,
1047 1212 1223 1245 ceterum
1252 1206 1415 1245 callidus
1442 1208 1506 1245 uir
1526 1212 1564 1246 et
1590 1208 1723 1246 facun-

189 1272 272 1323 dus,
299 1272 436 1311 aedilis
464 1272 611 1311 curulis
639 1273 724 1311 fuit.
765 1273 925 1311 inuenio
960 1273 999 1310 in
1027 1271 1262 1323 quibusdam
1290 1271 1513 1323 annalibus,
1543 1285 1632 1311 cum
1659 1285 1724 1323 ap-

187 1344 345 1389 pareret
371 1337 564 1376 aedilibus
591 1338 758 1388 fierique
787 1350 828 1376 se
856 1350 927 1388 pro
954 1337 1060 1375 tribu
1083 1336 1251 1376 aedilem
1274 1337 1431 1376 uideret
1451 1350 1578 1388 neque
1600 1339 1725 1388 accipi

188 1415 343 1453 nomen,
370 1404 461 1455 quia
487 1404 677 1454 scriptum
700 1404 859 1452 faceret,
887 1402 1059 1441 tabulam
1080 1404 1261 1454 posuisse
1283 1408 1321 1441 et
1341 1404 1505 1453 iurasse,
1533 1415 1575 1441 se
1602 1404 1725 1454 scrip-

189 1474 271 1506 tum
304 1480 382 1507 non
416 1469 621 1507 facturum.
667 1468 791 1513 Quem
826 1468 1026 1519 aliquanto
1062 1473 1151 1507 ante
1186 1468 1336 1507 desisse
1371 1469 1563 1518 scriptum
1595 1468 1724 1507 facere

135 1551 149 1575 2
189 1535 319 1584 arguit
344 1533 473 1572 Macer
500 1533 674 1572 Licinius
708 1533 910 1572 tribunatu
941 1538 1030 1572 ante
1061 1539 1169 1584 gesto
1198 1533 1607 1584 triumuiratibusque,
1634 1546 1725 1572 noc-

191 1604 306 1638 turno
335 1598 469 1649 altero,
497 1599 618 1638 altero
646 1599 819 1637 coloniae
848 1598 1113 1637 deducendae.

283 1660 357 1704 19.
391 1665 480 1703 Lm.
497 1665 563 1711 10,
579 1665 616 1712 9,
634 1665 700 1703 10.
733 1664 777 1703 In
799 1677 887 1703 eum
910 1677 1054 1703 annum
1078 1677 1167 1702 cum
1181 1663 1224 1709 Q.
1241 1663 1404 1702 Fabium
1425 1664 1627 1703 consulem
1649 1676 1726 1703 non
1782 1712 1792 1717 -

191 1735 389 1781 petentem
422 1742 558 1768 omues
592 1729 770 1768 dicerent
804 1731 1024 1779 centuriae,
1058 1731 1187 1780 ipsum
1221 1735 1421 1768 auctorem
1449 1729 1571 1768 fuisse
1598 1728 1728 1768 Macer
1754 1710 1822 1740 405

193 1795 368 1834 Licinius
390 1808 432 1834 ac
448 1795 604 1834 Tubero
626 1794 783 1834 tradunt
806 1794 1014 1833 differendi
1037 1794 1113 1833 sibi
1135 1794 1361 1834 consulatus
1382 1796 1422 1833 in
1437 1794 1727 1833 bellicosiorem

193 1872 355 1899 annum:
385 1873 430 1899 eo
457 1873 557 1899 anno
584 1861 723 1899 maiori
743 1873 784 1898 se
811 1861 902 1898 usui
929 1861 987 1899 rei
1014 1859 1196 1911 publicae
1224 1860 1305 1899 fore
1332 1859 1483 1899 urbano
1511 1866 1621 1911 gesto
1649 1872 1729 1898 ma-

195 1927 371 1975 gistratu.
409 1927 460 1964 ita
495 1938 567 1964 nec
608 1925 920 1964 dissimulantem
954 1925 1048 1976 quid
1082 1925 1214 1964 mallet
1254 1937 1327 1964 nec
1366 1930 1565 1976 petentem
1598 1930 1729 1964 tamen

1754 1651 1823 1701 Q

292 2057 354 2092 17.
378 2058 457 2092 Ποῖ.
482 2059 683 2092 Mommsen
704 2057 744 2090 R,
767 2057 805 2091 F.
828 2058 877 2091 II
890 2068 925 2101 2).
940 2060 1026 2092 256.

291 2105 355 2140 18.
385 2106 502 2140 Tertor
532 2106 763 2140 narrationis
794 2109 843 2139 est
874 2116 918 2139 ex
950 2105 1098 2139 Pisonis
1133 2105 1334 2139 annalibus
1370 2105 1432 2147 (fr.
1455 2107 1518 2147 27)
1554 2108 1730 2149 sumptus,

193 2154 254 2188 cui
269 2153 422 2244 2138253722'2‘
445 2153 623 2187 sentencia
644 2153 871 2196 parenthesis
893 2153 965 2187 loco
986 2153 1123 2187 inserta
1144 2156 1203 2187 est.
1243 2152 1323 2186 Vid.
1345 2152 1451 2187 Seeck
1472 2151 1728 2186 Kalendertaf.

190 2212 230 2245 p.
246 2204 267 2235 4
369 2228 374 2233 .

217 2297 240 2338 f
266 2247 561 2337 ff9.thssgron.
582 2248 627 2289 fr.
652 2250 683 2282 6.
723 2247 841 2282 eodem
869 2247 1006 2281 Liuius
1032 2258 1058 2281 c.
1079 2249 1169 2288 11‚9
1196 2248 1353 2291 respicit,
1379 2247 1456 2282 uid.
1477 2258 1504 2281 s.
1525 2257 1559 2290 p.
1589 2256 1729 2282 0001111(Δ

198 2307 243 2330 c.
302 2307 342 2330 cs.
380 2307 408 2329 r.
457 2315 490 2328 ‹.

290 2427 309 2462 1
340 2423 404 2463 cos
431 2426 522 2463 Par.
556 2424 811 2463 continuante
839 2423 935 2462 eon}
961 2424 1068 2462 Med.
1193 2426 1215 2461 2
1250 2424 1434 2473 propriae
1462 2424 1524 2462 lib.
1548 2425 1637 2471 aliq.
1658 2435 1729 2461 rec.

190 2486 301 2532 prob.
328 2485 508 2533 Madm'y.
589 2485 731 2521 linium
763 2484 903 2522 DIedz'c.
1029 2485 1053 2520 4
1091 2482 1158 2520 ubi
1190 2484 1332 2521 Medic.
1372 2485 1417 2520 ut
1452 2486 1516 2521 cet.
1545 2484 1633 2521 libri
1672 2483 1733 2520 uti

198 2545 395 2582 Drakenb.

292 2598 366 2653 17,
396 2605 417 2639 7
448 2601 660 2640 C.Iunium
688 2603 816 2650 Vpsal.
851 2604 1003 2640 iunium
1029 2601 1261 2640 Medmeicz.
1294 2601 1473 2639 diunium
1498 2602 1626 2639 Paris.

204 2665 253 2699 11
283 2662 403 2699 liuius
431 2662 557 2700 Paris.

292 2716 368 2770 18,
393 2723 445 2758 14
473 2718 520 2758 cfi
546 2722 565 2758 f
565 2751 748 2760 .......
771 2717 881 2759 Ραν.1
913 2720 971 2758 ch.
993 2720 1045 2759 fil.
1067 2715 1178 2760 Ραν.2
1211 2718 1258 2758 οἷι
1285 2721 1429 2758 flauius
1450 2719 1512 2771 gu.
1535 2720 1586 2758 fil.
1609 2720 1737 2758 scriba

199 2781 305 2818 Med.
337 2779 403 2817 Cn.
424 2780 528 2818 filius
549 2781 637 2818 libri
657 2793 728 2818 rec.
764 2780 831 2818 Cn.
852 2781 902 2817 fil.
924 2780 994 2819 del.
1017 2780 1236 2827 Alschefski
1262 2781 1359 2827 conf.
1382 2781 1509 2818 adnot.
1532 2780 1585 2817 ad
1606 2780 1736 2818 Pison.

203 2840 250 2877 fr.
272 2841 329 2877 27

272 2911 352 2936 Hist.
372 2912 456 2936 Rom.
477 2912 577 2939 reLI..
598 2912 642 2937 ed.
664 2913 780 2937 Potor.
814 2912 868 2937 Ed,
890 2913 938 2936 alt.
1408 2909 1451 2938 20
