2002 3342
291 218 379 258 244
930 215 1188 257 RELIQVIAE

291 333 480 380 γυναῖκα
501 327 715 367 Γετανιάν
742 326 1044 377 θνήσκουσαν,
1072 324 1207 366 αὐτὸν
1234 324 1282 366 δὲ
1307 331 1382 378 τῆς
1407 325 1567 377 μητρὸς
1594 325 1825 378 παρούσης

291 393 352 440 εἰς
378 391 523 432 ὕπνον
544 389 589 431 ἐκ
611 390 862 442 δυσθυμίας
882 390 949 430 καὶ
974 390 1112 442 λύπης
1132 389 1444 443 ἀποκλιθῆναι·
1483 391 1554 430 καὶ
1574 390 1825 430 καθεύδον-

291 472 363 505 τος
385 455 520 496 αὐτοῦ
542 462 637 504 ταῖς
657 454 858 508 γυναιξὶν
879 454 1080 508 ὀφθῆναι
1101 455 1148 496 τὸ
1169 456 1409 508 πρόσωπον
1424 454 1562 496 αὐτοῦ
1579 453 1686 509 πυρὶ
1701 470 1825 508 περι-

293 523 585 575 λαμπόμενον.
625 520 730 573 ὅπερ
764 517 817 573 ἧν
846 520 1091 573 μαρτύριον
1118 520 1234 575 αὐτῷ
1260 526 1336 572 τῆς
1363 519 1408 560 ἐκ
1434 521 1574 573 πυρὸς
1599 518 1825 573 γενέσεως,

294 592 476 640 σημεῖον
503 583 551 626 δὲ
578 585 769 638 χρηστὸν
796 583 864 626 ἐπὶ
891 586 970 638 τὴν
997 584 1330 638 ἀπροσδόκητον
1350 585 1600 639 ἡγεμονίαν,
1626 581 1675 638 ἧς
1697 586 1820 638 ἔτυχε
1843 599 1859 625 5

290 651 398 703 μετὰ
426 653 505 704 τὴν
539 653 787 703 Ταρκυνίου
815 651 1022 703 τελευτὴν
1055 650 1382 699 Τανακυλλίδος
1408 650 1729 703 σπουδασάσης.

385 714 485 758 13Ψ.
520 720 669 757 Amol).
693 719 783 766 (577.
823 717 1055 768 Regnatoris
1088 718 1127 755 in
1163 717 1297 768 populi
1333 717 1521 768 Capitolio
1558 718 1624 766 qui
1660 723 1720 756 est
1755 716 1824 754 ho-

293 785 441 822 minum
477 785 545 834 qui
578 785 733 833 ignoret
759 782 819 821 Oli
853 795 939 821 esse
967 783 1219 834 sepulchrum
1246 781 1505 821 vulcentani?
1544 783 1631 833 quis
1658 787 1735 833 est,
1765 783 1825 820 in-

290 861 420 900 quam,
443 850 511 900 qui
531 861 609 886 non
631 849 727 886 sciat
748 860 793 886 ex
816 848 1089 886 fundaminum
1111 847 1270 886 sedibus
1295 853 1410 898 caput
1431 847 1601 886 hominis
1622 846 1823 886 euolutum

293 926 369 952 non
403 919 492 951 ante
526 913 739 964 plurimum
772 914 960 964 temporis
988 918 1054 951 aut
1087 913 1212 951 solnm
1240 914 1324 951 sine
1354 912 1532 963 partibus
1560 913 1703 951 ceteris
1730 909 1823 964 (hoc

292 980 397 1017 enim
425 978 583 1030 quidam
612 975 762 1031 serunt)
790 984 856 1017 aut
883 991 971 1017 cum
999 977 1187 1016 membris
1219 977 1401 1016 omnibus
1432 978 1670 1016 humationis
1697 978 1823 1015 officia

293 1042 504 1083 sortitum?
539 1043 650 1089 Quod
663 1044 694 1081 si
710 1043 869 1094 planum
886 1044 971 1082 fieri
994 1044 1232 1082 testimoniis
1255 1043 1459 1094 postulatis
1484 1048 1701 1091 auctorum,
1716 1042 1824 1080 Sam-

292 1111 483 1159 monicus,
511 1108 691 1159 Granius,
714 1109 888 1147 Valerius
915 1109 1049 1147 Antias
1068 1108 1181 1147 uobis
1209 1114 1247 1147 et
1274 1108 1416 1147 Fabius
1444 1108 1684 1157 indicabunt,
1713 1108 1825 1146 cuius

292 1175 414 1213 Aulus
442 1175 559 1213 suerit
586 1174 701 1223 filius,
729 1175 857 1225 gentis
885 1180 923 1212 et
948 1175 1117 1212 nationis
1139 1175 1262 1224 cuius,
1290 1175 1465 1224 germani
1487 1173 1645 1212 seruulo
1673 1179 1716 1212 ut
1742 1174 1823 1212 uita

293 1241 413 1278 suerit
440 1239 628 1290 spoliatus
656 1245 693 1277 et
719 1238 880 1289 lumine,
907 1239 1001 1290 quid
1030 1239 1075 1277 de
1103 1240 1185 1277 suis
1212 1241 1493 1277 commeruerit
1519 1239 1690 1289 ciuibus,
1720 1244 1763 1277 ut
1789 1240 1825 1277 ei

293 1307 341 1344 sit
372 1305 560 1355 abnegata
588 1304 740 1342 telluris
766 1310 952 1355 paternae
977 1304 1189 1355 sepultura.
1229 1303 1466 1343 condiscetis
1488 1305 1616 1355 etiam,
1644 1305 1826 1355 quamuis

293 1370 396 1408 nolle
423 1369 528 1408 istud
556 1369 757 1420 publicare
785 1382 826 1408 se
853 1370 1017 1420 fingant,
1045 1369 1138 1421 quid
1166 1371 1217 1408 sit
1243 1371 1370 1420 capite
1398 1374 1545 1408 retecto
1573 1370 1729 1419 sactum,
1760 1369 1823 1408 uel

293 1437 333 1474 in
360 1441 470 1487 parte
498 1448 572 1486 qua
601 1436 658 1473 rei
686 1435 839 1473 curiosa
866 1435 984 1473 suerit
1012 1435 1250 1474 obscuritate
1275 1434 1515 1484 conclusum,
1542 1440 1585 1473 ut
1611 1434 1825 1473 immobilis

293 1501 479 1539 uidelicet
512 1505 627 1551 atque
661 1500 734 1538 fixa
762 1499 957 1551 obsignati
984 1501 1126 1539 ominis
1159 1501 1401 1551 perpetuitas
1431 1505 1564 1538 staret.
1603 1499 1707 1551 quod
1734 1512 1823 1538 cum

292 1567 462 1617 opprimi
488 1578 559 1616 par
585 1571 690 1604 esset
717 1570 755 1604 et
780 1566 988 1604 uetustatis
1015 1565 1305 1603 oblitteratione
1339 1565 1475 1616 celari,
1506 1566 1722 1616 conpositio
1757 1577 1824 1602 no-

293 1633 411 1670 minis
439 1632 531 1669 iecit
558 1632 597 1668 in
624 1630 797 1669 inedium
825 1636 863 1669 et
890 1643 978 1669 cum
1006 1632 1088 1669 suis
1110 1632 1237 1669 causis
1263 1642 1336 1682 per
1357 1630 1442 1669 data
1466 1630 1540 1669 sibi
1565 1635 1739 1682 tempora
1766 1631 1824 1669 in-

296 1763 419 1808 μένας
447 1764 763 1806 κατακλεισθηναι
789 1760 908 1806 μόνην
928 1763 979 1802 εἰς
998 1762 1062 1797 τὸν
1083 1760 1198 1803 οἷκον
1227 1762 1266 1797 ἐν
1287 1763 1314 1808 ς’)
1335 1762 1374 1796 τὸ
1395 1762 1501 1805 τέρας
1522 1762 1646 1806 ὤφθη.
1674 1762 1828 1807 μιχθέν-

293 1825 355 1851 τος
387 1810 428 1845 δέ
458 1824 559 1849 τινος
590 1811 683 1854 αὐτῆ
715 1812 817 1844 θεῶν
844 1808 865 1853 ἠ
900 1808 1090 1854 δαιμόνων
1116 1810 1178 1844 καὶ
1210 1809 1300 1853 μετὰ
1330 1809 1396 1853 τὴν
1423 1810 1521 1853 μῖξιν
1547 1808 1827 1851 ἀφανισθέντος

294 1858 366 1894 εἴτε
387 1857 608 1903 Ηφαιστου,
635 1856 810 1915 καθάπερ
837 1855 982 1892 οιονταὶ
1003 1870 1112 1900 τινες,
1139 1856 1210 1891 εἰτε
1230 1862 1294 1892 τοῦ
1315 1855 1394 1890 κατ’
1420 1855 1543 1891 οἰκίαν
1564 1855 1695 1901 ήρωος,
1722 1857 1827 1901 ἐγκύ-

293 1919 429 1950 μοναιΙ
417 1905 594 1940 νενέσθαι
619 1905 681 1938 καὶ
706 1910 825 1939 τεκεῖν
851 1903 916 1939 τὸν
945 1905 1100 1939 Τύλλιον
1126 1905 1165 1939 ἐν
1190 1910 1267 1944 τοῖς
1292 1904 1504 1948 καθήκοισι
1525 1903 1681 1949 χρόνοις.
1716 1909 1826 1939 τοῦτο

294 1954 334 1988 τὸ
368 1953 543 1997 μύθειμα
575 1953 618 1986 οὐ
650 1951 751 1986 πάνυ
777 1965 811 1986 τι
842 1950 972 1987 πιστὸν
1004 1949 1102 1986 εἶναι
1134 1953 1272 1986 δοκοῦν
1299 1951 1404 1994 ἑτέρα
1429 1965 1483 1991 τις
1508 1951 1712 1994 ἐπιφάνεια
1735 1950 1826 1986 θεία

295 2000 472 2046 γενομένη
504 2000 589 2043 περὶ
620 1999 685 2034 τὸν
711 1999 869 2042 ἄνδρα
893 1999 1093 2043 θαυμαστὴ
1121 2000 1184 2034 καὶ
1211 1999 1424 2042 παράδοξος
1450 2001 1561 2042 ἡττον
1587 1999 1826 2034 ἀπιστεῖσθαι

295 2055 403 2083 ποιεῖ.
430 2047 650 2092 καθημένου
675 2047 744 2091 γάρ
764 2059 853 2081 ποτε
875 2047 990 2082 αὐτοῦ
1011 2047 1190 2091 μεσούσης
1209 2047 1364 2091 μάλιστα
1383 2046 1521 2091 ἡμέρας
1541 2046 1580 2081 ἐν
1600 2051 1643 2092 τῇ
1664 2045 1827 2081 παστάδι

294 2102 367 2130 τῶν
388 2094 572 2153 βασιλέων
587 2095 651 2128 καὶ
670 2093 959 2139 κατενεχθέντος
979 2093 1040 2138 ἐφ’
1058 2094 1178 2129 ύπνον
1197 2099 1270 2137 πῦρ
1285 2092 1499 2139 ἀνελαμψεν
1514 2093 1572 2128 ἐπὶ
1586 2100 1650 2138 τῆς
1664 2096 1828 2139 κεφαλῆς

295 2144 423 2185 αὐτοῦ,
436 2142 458 2188 ή
472 2156 509 2177 τε
524 2141 640 2187 μήτηρ
655 2143 769 2176 αὐτοῦ
785 2142 847 2176 καὶ
853 2142 883 2199 ᾖ
897 2148 962 2176 τοῦ
978 2141 1154 2187 βασιλέως
1167 2141 1259 2186 γυνὴ
1271 2140 1520 2199 πορευόμεναι
1535 2141 1598 2176 διὰ
1612 2155 1676 2186 της
1686 2153 1826 2176 παστα

296 2193 361 2246 δος
382 2190 588 2226 ἐθεάσαντο
609 2189 673 2223 καὶ
693 2189 830 2229 πάντες
851 2188 931 2224 ὅσοι
951 2191 1019 2224 σὺν
1039 2195 1119 2229 ταῖς
1139 2190 1308 2234 γυναιξὶν
1322 2189 1525 2234 ἐτύῃζανον
1538 2187 1619 2224 τότε
1634 2187 1827 2232 παρόντες,

296 2240 360 2272 καὶ
381 2238 486 2283 μέχρι
510 2237 643 2272 τούτου
663 2236 830 2281 διέμενεν
850 2236 872 2281 ἡ
893 2237 984 2281 φλὸξ
1007 2235 1093 2281 ὅλην
1114 2237 1229 2271 αὐτοῦ
1238 2237 1542 2297 καταλάμπουσα
1563 2236 1630 2280 τὴν
1649 2236 1828 2280 κεφαλήν,

297 2300 364 2326 εως
392 2300 410 2330 η
438 2285 554 2330 μήτηρ
581 2286 873 2328 προσδραμοῦσα
899 2284 1136 2328 διανέστησεν
1162 2284 1276 2318 αὐτὸν
1302 2298 1366 2318 και
1392 2284 1413 2328 ἡ
1442 2284 1532 2327 φλὸξ
1559 2283 1633 2327 ἅιια
1654 2286 1703 2330 τῷ
1723 2283 1828 2330 ύπνῳ

296 2335 613 2368 ὃιασκεὸασθεῐσα
634 2331 843 2376 ἠφανισθη.
879 2332 924 2374 cf.
944 2332 1050 2367 Ouid.
1065 2331 1148 2375 fast.
1166 2335 1198 2374 6,
1215 2334 1287 2366 021
1294 2343 1365 2376 sqq
1403 2332 1500 2366 Ptin.
1523 2334 1581 2373 36,
1594 2334 1677 2365 204.
1716 2331 1830 2366 Ceteri

295 2382 485 2425 scriptores
512 2391 627 2425 puero
663 2379 856 2414 dormienti
890 2380 1018 2415 Seruio
1052 2384 1164 2423 capnt
1198 2381 1327 2414 arsisse
1363 2379 1526 2421 tradunt,
1565 2379 1651 2413 Lizi.
1675 2383 1706 2420 1,
1722 2381 1780 2421 39,
1795 2381 1828 2412 1.

299 2430 370 2464 Cic.
391 2429 433 2462 cle
459 2429 578 2463 diuiti.
599 2431 632 2469 1,
647 2429 705 2469 53,
719 2429 800 2461 121.
836 2428 936 2462 Plin.
957 2430 992 2470 2,
1006 2430 1088 2462 241.
1124 2427 1225 2462 Seru.
1247 2428 1338 2461 Aen.
1358 2429 1394 2468 2,
1410 2429 1493 2460 683.
1529 2426 1654 2461 Aurel.
1676 2426 1765 2460 Vici.
1787 2426 1831 2461 de

295 2477 367 2510 uir.
389 2477 441 2510 ill.
464 2479 497 2518 7,
516 2480 546 2510 1.

394 2523 459 2558 13.
486 2525 531 2566 cf.
554 2521 646 2556 Fal).
669 2522 759 2555 Pici.
780 2533 832 2565 qr.
853 2533 940 2556 mm.
961 2522 1008 2564 fr.
1031 2524 1076 2556 12
1102 2533 1182 2556 cum
1207 2521 1306 2564 adn„
1333 2521 1373 2555 in
1399 2532 1471 2564 qua
1497 2521 1618 2556 Plinii
1642 2522 1754 2556 uerba
1777 2531 1831 2555 se-

296 2572 458 2606 cundum
484 2569 669 2606 Valerium
694 2573 851 2604 narrata
876 2570 1122 2614 apposuimus.

391 2685 466 2740 12,
492 2693 510 2727 1
541 2690 674 2730 Etiam
704 2694 741 2729 ἐν
769 2704 886 2740 comp.
907 2693 1001 2740 Lyc.
1023 2695 1056 2729 et
1074 2693 1191 2730 Num.
1213 2694 1239 2730 3
1266 2703 1403 2730 nomen
1423 2695 1475 2730 est
1498 2692 1697 2736 Getaniae,
1723 2691 1831 2739 apud

298 2749 415 2786 Dion.
439 2752 476 2793 4,
494 2752 530 2793 7,
546 2751 570 2785 4
601 2752 808 2799 Geqcmiae.

392 2803 466 2846 13.
493 2809 572 2847 uid.
601 2823 738 2858 appar.
766 2811 818 2848 acl
843 2812 942 2848 Fab.
962 2813 1011 2859 fr.
1036 2813 1091 2848 12
1115 2824 1152 2850 u.
1182 2813 1236 2848 13
1270 2811 1384 2848 codex
1409 2809 1646 2848 Valerianus
1676 2810 1831 2854 eoehibet,

300 2867 485 2905 Valerius
512 2869 653 2908 Antias
680 2871 822 2909 emend.
846 2870 1012 2908 Vrsinus

1846 923 1880 948 10

1847 1247 1880 1273 15

1847 1573 1882 1598 20
