2002 3342
272 217 299 255 4
906 210 1164 252 RELIQVIAE

273 324 536 371 Quinctilibus
565 324 639 362 suit.
666 328 854 373 regnante
880 322 1057 360 Romulo.
1105 321 1246 372 quibus
1274 321 1432 371 quidem
1460 320 1669 359 Romulum
1697 325 1804 359 teue-

274 391 374 440 bris,
408 391 524 428 etiam
558 389 591 426 si
625 394 763 426 natura
790 387 837 425 ad
870 387 1084 425 humanum
1112 387 1260 424 exitum
1293 385 1482 436 abripuit,
1514 386 1642 423 uirtus
1678 391 1807 423 tamen

274 457 313 493 in
342 455 491 493 caelum
521 453 664 491 dicitur
691 452 908 490 sustulisse.

364 515 407 557 4.
451 520 543 557 Gell.
566 519 602 566 4,
625 519 662 555 5.
701 518 835 555 Statua
868 517 1013 555 Romae
1041 518 1079 554 in
1115 517 1272 554 comitio
1300 517 1427 566 posita
1454 515 1604 553 Horatii
1633 514 1807 565 Coclitis,

277 585 481 622 fortissimi
508 584 603 633 uiri,
639 582 684 620 de
719 582 824 620 caelo
854 587 953 620 tacta
987 587 1057 619 est.
1109 580 1157 618 ob
1192 581 1230 619 id
1265 581 1395 631 fulgur
1428 580 1593 630 piaculis
1620 579 1809 618 luendum
1849 593 1863 619 5

275 651 478 699 aruspices
512 660 557 686 ex
592 647 748 686 Etruria
782 648 895 685 acciti
928 648 1088 685 inimico
1123 651 1238 696 atque
1276 645 1409 683 hostili
1443 646 1482 683 in
1517 645 1703 696 populum
1736 644 1810 682 Ro-

276 726 434 752 manum
470 715 598 751 animo
631 714 886 751 instituerant
919 724 1004 750 eam
1038 724 1121 750 rem
1149 712 1359 749 contrariis
1386 710 1643 760 religionibus
1670 722 1811 760 procu-

278 791 365 817 rare
400 784 514 828 atque
548 777 654 816 illam
688 783 854 816 statuam
888 784 1097 815 suaserunt.
1124 778 1162 814 in
1190 776 1418 814 inferiorem
1456 775 1583 813 locum
1606 787 1812 826 perperam

282 845 498 894 transponi,
526 855 641 894 quem
670 842 726 881 sol
754 843 935 893 oppositu
963 843 1112 880 circum
1139 841 1313 892 undique
1341 840 1504 878 aliarum
1525 839 1679 878 aedium
1702 852 1813 878 num—

278 922 393 960 quam
429 909 655 947 illustraret.
702 907 804 958 quod
839 920 926 945 cuni
962 908 1013 945 ita
1047 907 1133 944 fieri
1166 907 1473 957 persuasissent,
1515 904 1632 943 delati
1665 904 1711 942 ad
1746 917 1814 955 po·
1835 918 1867 943 10

280 975 415 1026 pulum
449 973 673 1025 proditique
708 978 795 1011 sunt
833 979 886 1022 et,
918 984 1006 1010 cum
1035 971 1081 1009 de
1108 970 1273 1022 pertidia
1300 971 1471 1009 confessi
1498 976 1648 1020 essent,
1687 970 1815 1008 necati

278 1045 381 1089 sunt,
409 1040 662 1088 constititque
691 1050 775 1076 eam
801 1042 980 1087 statuam,
1008 1035 1172 1087 proinde
1200 1042 1243 1074 ut
1268 1048 1386 1074 uerae
1410 1037 1581 1073 rationes
1602 1040 1689 1085 post
1711 1046 1815 1072 com-

278 1110 411 1155 pertae
439 1103 666 1152 monebant,
706 1104 746 1140 in
780 1103 908 1140 locum
937 1101 1085 1139 editum
1113 1100 1408 1139 subducendam
1436 1105 1551 1151 atque
1578 1101 1631 1138 ita
1658 1101 1697 1138 in
1725 1111 1816 1137 area

279 1169 435 1207 Volcani
463 1168 692 1207 sublimiore
721 1168 804 1206 loco
832 1167 1097 1218 statuendam3
1135 1179 1180 1204 ex
1209 1179 1285 1217 quo
1320 1178 1382 1203 res
1416 1165 1516 1203 bene
1552 1177 1595 1203 ac
1628 1176 1816 1216 prospere

281 1234 424 1285 populo
451 1234 625 1271 Romano
653 1234 783 1271 cessit.
829 1239 912 1271 tum
940 1233 1072 1282 igitur,
1099 1231 1203 1281 quod
1223 1232 1262 1269 in
1284 1230 1473 1269 Etruscos
1494 1231 1696 1280 aruspices
1717 1229 1817 1268 male
1839 1241 1871 1267 15

280 1299 522 1337 consulentis
557 1297 877 1336 animaduersum
911 1296 1233 1348 uindicatumque
1267 1297 1409 1346 fuerat„
1448 1307 1590 1333 uersus
1623 1295 1686 1333 hic
1719 1296 1816 1333 scite

281 1365 406 1403 sactus
435 1368 691 1413 cantatusque
720 1375 806 1401 esse
835 1375 855 1400 a
881 1363 1017 1413 pueris
1043 1361 1141 1400 urbe
1168 1366 1247 1399 tota
1274 1362 1418 1399 fertur:

494 1427 636 1465 Malum
666 1427 874 1465 consilium
903 1426 1120 1465 consultori
1146 1427 1363 1477 pessimum
1391 1431 1461 1464 est.

370 1493 423 1531 Ea
451 1493 612 1531 historia
643 1492 688 1530 de
717 1492 967 1542 aruspicibus
995 1504 1038 1530 ac
1066 1491 1113 1530 de
1139 1504 1258 1530 uersu
1292 1493 1366 1529 isto
1401 1491 1556 1529 senario
1587 1491 1733 1541 scripta
1761 1494 1820 1528 est

283 1560 323 1597 in
351 1558 556 1596 annalibus
584 1559 765 1596 maximis
792 1557 892 1595 libro
919 1557 1128 1595 undecimo
1156 1562 1194 1595 et
1221 1558 1260 1594 in
1284 1557 1393 1595 Verri
1414 1555 1544 1593 Flacci
1570 1554 1670 1593 libro
1692 1555 1818 1606 primo
1838 1566 1873 1591 20

286 1636 418 1662 rerum
445 1624 635 1661 memoria
664 1622 881 1673 dignarum.

376 1748 412 1783 4.
443 1749 582 1783 Gellius
601 1760 657 1783 res
682 1760 726 1782 er
755 1749 878 1782 Verrio
899 1749 1088 1791 eoescrz'psz't
1114 1759 1225 1792 neque
1245 1749 1340 1781 inter
1360 1747 1603 1781 testimonium
1625 1746 1821 1780 annalium

281 1797 640 1839 additamwtumque
666 1797 743 1830 eius
771 1796 951 1830 distinxit.
988 1796 1063 1830 uid.
1085 1807 1110 1830 s.
1128 1807 1166 1839 p.
1183 1806 1332 1839 xxllsq.

1369 1898 1481 1922 anssm

375 1935 394 1969 1
425 1931 682 1981 quinctilibus
713 1932 830 1968 Vatia.
858 1931 925 1968 sed
951 1932 1073 1969 deleta
1100 1943 1119 1968 e
1218 1931 1265 1967 ι2
1295 1930 1541 1967 humexitum
1569 1929 1688 1966 Vatic.

371 1987 417 2037 4,
449 1993 472 2027 4
507 1991 647 2039 qmitio
680 1991 718 2027 R
751 1994 839 2027 αηΐε
871 2002 966 2027 corr.
1090 1990 1217 2028 oratio
1248 1989 1331 2026 RV
1449 1988 1567 2026 oratii
1601 1988 1758 2026 eloditis
1790 1987 1828 2024 P

284 2053 307 2088 5
337 2050 384 2088 ob
412 2046 470 2101 id]
500 2046 587 2088 obit
614 2051 651 2086 R
751 2051 773 2086 6
803 2051 982 2097 aruspice
1010 2062 1076 2087 sex
1102 2050 1130 2085 ὣ
1157 2050 1265 2086 rui-ia
1294 2049 1329 2085 V
1424 2048 1615 2096 aruspicis
1643 2060 1689 2084 ex
1715 2047 1822 2084 curia

285 2113 317 2147 ct
342 2111 385 2146 in
410 2122 532 2157 mam.
560 2110 711 2146 etruria
740 2104 795 2145 V2
892 2109 1055 2145 Etruria
1082 2119 1152 2145 om.
1173 2109 1211 2145 P
1231 2109 1357 2155 spatio
1382 2119 1507 2146 uacuo
1534 2107 1660 2144 relicto
1755 2107 1823 2143 ho-

284 2169 383 2206 stilii
412 2169 446 2205 V
533 2170 553 2206 7
583 2169 798 2206 contractis
825 2168 1052 2217 regionibus
1072 2168 1109 2204 P
1123 2168 1154 2205 V
1185 2161 1354 2205 contrat’
1378 2165 1606 2217 regionibus
1626 2166 1664 2202 R
1684 2177 1779 2203 corr.
1800 2177 1822 2208 ς

288 2265 311 2300 8
339 2231 472 2300 Statua
497 2263 535 2299 R
568 2264 702 2300 stiiam
731 2263 766 2299 V
892 2265 914 2300 9
944 2262 1119 2311 oppisitu
1154 2262 1188 2298 V
1223 2261 1370 2310 opisitu
1397 2261 1435 2298 R
1497 2261 1644 2298 circum
1678 2261 1824 2298 montis

288 2319 487 2374 (Monetae
502 2318 738 2374 Mommsen)
757 2322 964 2370 aliarumq.
992 2318 1182 2373 (altarum
1207 2321 1248 2359 Ο.
1263 2321 1297 2358 J
1296 2322 1374 2358 alm
1393 2320 1530 2358 Pleilol.
1553 2320 1763 2356 XXVIII
1778 2316 1823 2371 8)

287 2382 418 2419 edium
443 2383 480 2418 P
604 2384 653 2418 11
685 2382 945 2429 productique
969 2381 1320 2418 Buettner-Wobst
1382 2380 1648 2416 confesserant
1667 2379 1705 2415 R
1737 2391 1826 2416 eon-

286 2443 435 2478 fessent
464 2441 498 2477 V
619 2442 671 2477 14
700 2440 929 2478 sublimiore
960 2440 1042 2476 VP
1118 2439 1339 2477 sublimiori
1366 2439 1404 2475 R
1429 2439 1544 2485 uulgo
1620 2450 1665 2474 ex
1692 2450 1767 2486 quo
1793 2438 1830 2474 P

292 2514 335 2537 ex
360 2496 384 2548 t]
405 2500 487 2537 RV
517 2512 640 2548 eaque
668 2513 689 2542 ς
786 2501 837 2537 15
867 2500 908 2538 Ρ.
930 2499 1098 2537 RVPR
1160 2500 1337 2536 atruseos
1365 2492 1407 2549 (a
1426 2498 1465 2534 in
1487 2492 1585 2548 νας.)
1607 2498 1644 2533 Ρ
1665 2497 1824 2545 harusp.

297 2560 406 2596 VBP
527 2561 578 2597 16
616 2555 954 2610 animaduersum]
988 2559 1095 2596 anim
1125 2558 1196 2595 VR
1228 2570 1298 2594 om.
1320 2558 1357 2593 P
1445 2556 1691 2593 uindicatum
1725 2551 1826 2608 (sine.

289 2614 385 2669 que)
419 2619 455 2655 P
575 2620 626 2655 18
656 2630 795 2656 uersus
822 2620 936 2655 etiam
963 2630 1024 2666 ap.
1054 2618 1219 2654 Varron.
1248 2618 1294 2653 de
1320 2629 1350 2653 r.
1371 2628 1402 2652 r.
1425 2617 1516 2659 5352,
1536 2618 1554 2651 1
1682 2618 1731 2653 19
1762 2611 1824 2666 ae]

290 2690 304 2716 2
330 2678 367 2714 R
467 2678 520 2714 20
549 2677 722 2714 anilibus
751 2677 824 2714 VR
885 2677 989 2714 uerri
1018 2677 1088 2713 VP
1115 2677 1223 2713 uarri
1249 2676 1286 2712 R
