2002 3342
289 187 346 228 90
925 185 1184 227 RELIQVIAE

286 297 475 348 populum
495 297 682 335 incitante
705 301 742 334 et
763 297 1003 345 rogationem
1025 296 1064 333 in
1082 295 1241 334 Galbam
1261 296 1447 347 priuilegi
1468 296 1636 335 similem
1657 298 1819 349 serente,

287 374 437 401 summa
471 366 691 411 senectute,
724 366 766 399 ut
801 366 889 399 ante
918 360 1014 410 dixi,
1047 360 1094 399 M.
1123 360 1215 399 Cato
1243 360 1368 411 legem
1396 361 1565 400 suadens
1592 364 1631 400 in
1660 362 1818 402 Galbam

286 427 406 465 multa
436 427 542 465 dixit.
589 439 705 477 quam
733 427 948 465 orationem
975 426 1016 464 in
1043 427 1216 476 origines
1243 438 1333 464 suas
1360 426 1522 477 rettulit,
1549 429 1684 478 paucis
1712 434 1818 466 ante-

286 505 401 543 quam
429 498 608 531 mortuus
629 497 688 530 est
709 504 756 530 an
780 491 917 530 diebus
939 503 986 528 an
1014 490 1227 530 mensibus.
1266 497 1348 530 tum
1370 493 1490 542 igitur
1509 494 1613 531 nihil
1632 505 1818 532 recusans

286 557 404 595 Galba
433 570 503 608 pro
531 570 618 596 sese
646 563 684 595 et
709 556 844 608 populi
870 556 1034 594 Romani
1058 555 1174 594 fidem
1202 556 1415 607 implorans
1443 570 1531 595 cum
1559 570 1649 596 suos
1675 570 1819 609 pueros
1839 575 1854 600 5

285 628 367 660 tum
390 622 429 660 C.
453 622 551 661 Galli
579 624 696 661 etiam
723 622 847 660 filium
875 621 973 659 ssens
996 621 1303 670 commendabat,
1331 623 1442 660 cuius
1464 621 1610 661 orbitas
1638 628 1676 661 et
1702 623 1816 662 fletus

283 688 382 725 mire
410 687 646 725 miserabilis
674 688 747 725 suit
772 692 935 737 propter
961 692 1161 725 recentem
1182 688 1413 725 memoriam
1435 687 1657 726 clarissumi
1682 689 1817 739 patris.

283 753 396 803 isque
436 765 477 791 se
517 758 600 791 turn
641 754 784 804 eripuit
819 752 975 790 ssamma
1013 757 1174 802 propter
1205 764 1349 802 pueros
1382 752 1653 791 misericordia
1685 753 1819 804 populi

284 823 489 868 commota,
516 819 619 856 sicut
645 817 749 856 idem
777 819 969 868 scriptum
997 816 1157 868 reliquit
1184 817 1287 856 Cato.

376 879 482 923 107.
517 885 656 922 From.
684 886 796 932 epiSz‘.
824 884 879 921 ad
910 883 1019 921 Caes.
1040 883 1084 932 3,
1102 883 1158 920 20
1174 883 1347 932 J›.57N.
1394 881 1487 921 Cato
1515 882 1608 934 quid
1636 882 1738 922 dicat
1772 883 1818 922 de
1840 900 1873 925 10

286 947 405 986 Galba
427 948 616 998 absoluto,
644 954 685 987 tu
706 948 846 986 melius
868 949 964 999 scis3
992 960 1062 997 ego
1084 948 1246 986 memini
1271 953 1434 998 propter
1454 948 1587 987 fratris
1608 948 1708 987 filios
1730 961 1818 987 eum

284 1013 516 1052 absolutum.
556 1012 604 1052 τὸ
632 1009 673 1052 δ’
704 1008 881 1065 ἀκριβὲς
908 1015 991 1064 ipse
1019 1014 1184 1064 inspice.
1225 1012 1317 1051 Cato
1344 1014 1465 1063 igitur
1493 1013 1692 1052 dissuadet
1719 1026 1818 1052 neue

283 1091 374 1117 suos
407 1091 506 1117 neue
535 1078 683 1117 alienos
711 1080 799 1129 quis
830 1078 976 1117 liberos
1004 1078 1051 1116 ad
1077 1077 1392 1116 misericordiam
1420 1078 1703 1117 conciliandam
1730 1091 1818 1130 pro—

284 1143 399 1182 ducat
426 1156 525 1182 neue
552 1156 696 1182 uxores
724 1156 824 1182 nene
853 1143 1002 1182 adfines
1028 1143 1093 1182 uel
1119 1143 1218 1182 ullas
1246 1145 1405 1181 omnino
1433 1144 1610 1182 feminas.

378 1205 482 1247 108.
521 1210 614 1248 Gell.
632 1210 699 1257 13,
714 1210 768 1247 25
785 1210 893 1257 (24),
910 1210 976 1247 15.
1016 1208 1155 1247 Itidem
1177 1208 1269 1247 Cato
1297 1221 1343 1247 ex
1371 1210 1567 1259 originum
1587 1208 1651 1247 VII
1672 1210 1712 1247 in
1734 1221 1819 1247 ora·
1840 1225 1871 1250 15

282 1275 405 1324 tione,
442 1286 559 1324 quam
593 1279 727 1313 contra
763 1274 946 1313 Seruium
980 1273 1140 1312 Galbam
1174 1273 1287 1323 dixit,
1328 1273 1583 1324 conpluribus
1614 1273 1818 1312 uocabulis

283 1351 402 1390 super
423 1338 559 1377 eadem
582 1351 623 1378 re
645 1351 740 1378 usus
763 1345 839 1378 est:
867 1339 985 1378 Multa
1007 1351 1069 1377 me
1093 1338 1294 1377 dehortata
1316 1343 1406 1377 sunt
1426 1338 1502 1377 huc
1522 1337 1693 1389 prodire,
1715 1341 1818 1389 anni,

281 1452 359 1494 bat,
385 1452 485 1496 quod
511 1453 542 1487 is
570 1474 614 1478 --
640 1453 783 1507 populi
798 1452 1092 1487 misericordiam
1114 1452 1350 1495 concitasset,
1377 1464 1460 1486 cum
1479 1453 1526 1486 M.
1548 1451 1648 1494 Cato,
1677 1451 1818 1487 Galbae

281 1500 408 1545 grauis
435 1502 545 1543 atque
573 1511 657 1535 acer
679 1501 869 1542 inimicus,
904 1511 1033 1544 aspere
1067 1500 1167 1544 apud
1199 1500 1380 1553 populum
1406 1500 1615 1534 Romanum
1644 1501 1681 1533 et
1706 1500 1818 1534 uehe-

281 1550 425 1582 menter
451 1550 548 1583 esset
574 1548 737 1590 locutus,
765 1559 897 1591 quam
923 1559 969 1582 01
978 1548 1178 1582 ationem
1205 1548 1247 1581 in
1275 1547 1536 1592 originibus
1563 1547 1657 1582 suis
1685 1558 1818 1601 expo-

282 1595 375 1629 suit
408 1595 518 1640 ipse.
552 1617 595 1621 —
629 1597 727 1639 quod
760 1596 850 1630 item
883 1596 983 1640 apud
1018 1595 1231 1630 Catonem
1265 1594 1444 1639 scriptum
1477 1605 1555 1629 esse
1584 1594 1712 1637 uideo
1745 1594 1818 1629 nisi

281 1643 406 1687 pueris
433 1644 469 1677 et
500 1642 664 1677 lacrimis
697 1655 785 1677 usus
813 1646 925 1685 esset
958 1654 1097 1687 poenas
1124 1654 1210 1676 eum
1237 1643 1411 1677 daturum
1438 1642 1562 1677 fnisse.
1610 1623 1761 1688 Quintil
1782 1645 1818 1683 2,

288 1694 397 1732 z5‚6.
430 1690 599 1725 Seruium
626 1691 777 1735 quidem
805 1691 962 1725 Galbam
995 1690 1233 1725 miseratione
1261 1689 1357 1732 sola,
1390 1701 1464 1733 qua
1496 1701 1569 1724 non
1596 1701 1680 1724 suos
1706 1689 1816 1724 modo

281 1737 418 1773 liberos
445 1738 620 1782 paruulos
646 1738 685 1772 in
713 1738 884 1773 contione
910 1738 1139 1782 produxerat
1164 1737 1229 1772 sed
1256 1737 1355 1772 Galli
1381 1737 1496 1772 etiam
1518 1737 1673 1782 Sulpicii
1699 1737 1818 1771 filium

282 1786 357 1818 suis
384 1786 463 1829 ipse
490 1785 661 1820 manibus
682 1785 970 1827 circumtulerant,
995 1785 1163 1830 elapsum
1184 1796 1262 1819 esse
1283 1796 1366 1818 cum
1388 1784 1547 1819 aliorum
1567 1784 1816 1819 monumentis

281 1834 361 1867 tum
383 1833 533 1867 Catonis
560 1832 727 1867 oratione
754 1835 934 1867 testatum
961 1833 1027 1867 est.
1059 1854 1101 1857 —
1129 1833 1174 1876 cf.
1196 1832 1411 1867 Ps.-Ascon.
1432 1832 1482 1866 ad
1503 1833 1575 1867 Cic.
1597 1833 1673 1866 diu.
1694 1834 1755 1874 20,
1771 1835 1818 1867 66

276 1893 314 1925 p.
330 1883 404 1915 :203
419 1880 488 1915 Sa:
516 1880 607 1915 Cato
636 1881 828 1915 accusauit
855 1880 1023 1925 Sergium
1046 1879 1202 1914 Galbam
1228 1891 1295 1924 pro
1323 1879 1478 1924 direptis
1502 1879 1701 1914 Lusitanis.
1729 1880 1816 1914 Liu.

276 1939 353 1972 per.
370 1931 435 1963 49:
462 1927 551 1962 Cum
572 1928 611 1961 L.
634 1927 847 1962 Scribonius
867 1928 1039 1962 tribunus
1066 1927 1187 1972 plebis
1210 1926 1444 1972 rogationem
1463 1926 1748 1972 promulgasset,
1775 1928 1818 1961 ut

281 1975 463 2017 Lusitani,
484 1975 548 2019 qui
568 1975 606 2009 in
628 1975 737 2009 fidem
757 1975 897 2020 populo
919 1975 1086 2009 Romano
1109 1974 1227 2008 dediti
1248 1975 1295 2009 ab
1317 1974 1445 2009 Seruio
1461 1974 1579 2009 Galba
1600 1974 1638 2008 in
1654 1974 1817 2009 Galliam

280 2023 487 2066 uenissent,
514 2023 552 2056 in
580 2022 793 2058 libertatem
819 2023 1115 2064 restituerentur,
1142 2021 1186 2057 M.
1209 2021 1299 2057 Cato
1327 2022 1505 2056 acerrime
1531 2022 1657 2056 suasit.
1698 2023 1818 2056 exstat

281 2071 399 2105 oratio
428 2073 465 2104 et
491 2070 528 2104 in
555 2070 753 2105 annalibus
780 2070 898 2115 ipsius
925 2070 1078 2104 inclusa.
1120 2069 1159 2110 Q.
1182 2069 1336 2104 Fuluius
1363 2069 1534 2104 Nobilior
1560 2069 1604 2112 ei.
1632 2080 1743 2114 saepe
1770 2069 1816 2104 ab

281 2129 323 2153 eo
350 2118 389 2151 in
410 2120 541 2152 senatu
565 2118 763 2160 laceratus,
790 2118 983 2162 respondit
1009 2128 1074 2162 pro
1096 2116 1232 2159 Galba;
1261 2117 1341 2161 ipse
1367 2128 1515 2161 quoque
1536 2116 1655 2151 Galba
1675 2128 1758 2151 cum
1779 2128 1816 2151 se

282 2166 451 2199 damnari
465 2166 621 2207 uideret,
643 2166 856 2210 complexus
871 2166 963 2200 duos
978 2165 1073 2199 filios
1089 2166 1344 2209 praetextatos
1359 2167 1396 2199 et
1412 2164 1553 2209 Sulpici
1569 2163 1667 2198 Galli
1687 2164 1816 2204 filium,

282 2213 385 2247 cuius
412 2214 514 2247 tutor
541 2214 638 2254 erat,
671 2213 726 2247 ita
752 2213 1019 2248 miserabiliter
1044 2223 1110 2257 pro
1137 2223 1174 2246 se
1200 2211 1345 2247 loeutus
1373 2213 1445 2254 est,
1478 2213 1520 2246 ut
1547 2212 1694 2257 rogatio
1721 2212 1817 2246 anti-

282 2264 469 2304 quaretur.
496 2263 555 2302 39,
570 2264 628 2303 40,
644 2263 701 2295 12.

378 2307 467 2343 108.
497 2308 551 2350 Cf.
580 2319 724 2343 carmen
750 2309 791 2343 de
816 2308 946 2354 fiyuris
971 2320 1007 2342 u.
1035 2310 1189 2351 139sqq.
1212 2320 1250 2352 p.
1274 2310 1322 2341 63
1337 2307 1482 2341 Halm:
1520 2306 1587 2340 Est
1620 2306 1816 2341 conductio

282 2366 423 2399 conque
450 2355 638 2400 gregaffio,
671 2367 753 2390 cum
782 2355 980 2390 adcumulo
1006 2366 1076 2390 res,
1115 2354 1235 2389 Multa
1263 2355 1461 2389 hortantur
1486 2366 1560 2389 me:
1593 2365 1669 2397 res,
1701 2356 1815 2396 aetas,

280 2405 440 2447 tempus,
462 2403 584 2444 amici,
611 2403 811 2437 concilium
832 2403 919 2448 [-lia
939 2403 1016 2449 lib]
1042 2403 1172 2437 tantae
1194 2401 1327 2447 plebis,
1354 2402 1580 2446 praenuntia
1600 2404 1731 2435 uatum
1751 2403 1818 2447 [sic

282 2451 397 2485 Halm
412 2450 597 2485 denuncia
611 2451 860 2486 Schneidewin
875 2449 1065 2484 dementia
1079 2451 1210 2484 natum
1229 2450 1353 2494 Quich.
1382 2449 1562 2484 denuntia
1582 2451 1712 2483 natum
1727 2449 1815 2495 zib.].

281 2497 454 2533 Imitatus
480 2503 529 2533 est
558 2497 725 2533 Catonem
756 2499 956 2533 Memmius
981 2497 1234 2532 Sallustianus
1258 2498 1299 2531 in
1325 2497 1403 2532 belz.
1424 2497 1506 2542 Iuy.
1527 2499 1583 2532 31.

372 2604 396 2639 4
425 2603 522 2640 nihil
549 2615 620 2641 om.
646 2605 737 2642 libri
764 2605 853 2642 add.
877 2604 1077 2642 Corradus
1104 2615 1146 2640 ex
1174 2602 1257 2641 Vaz.
1277 2604 1391 2640 Illam.
1413 2604 1451 2646 8,
1470 2604 1549 2646 1,2
1654 2603 1677 2640 8
1705 2604 1815 2651 sique

282 2673 322 2698 se
351 2661 452 2699 Gud.
474 2664 502 2699 2
527 2663 660 2712 sicque
686 2676 726 2700 se
756 2663 796 2702 O.
816 2664 926 2701 Peter
986 2663 1168 2700 flammae
1193 2662 1356 2710 Layom.
1377 2664 1445 2700 30.
1469 2663 1524 2699 56

374 2715 480 2770 108,
505 2723 556 2760 15
586 2723 715 2772 origin
737 2723 768 2771 Q
856 2723 907 2760 16
937 2723 1214 2760 contraserunt
1235 2721 1277 2758 X
1301 2724 1388 2759 aute
1409 2733 1505 2759 corr.
1567 2733 1698 2758 serum
1725 2721 1759 2757 Z

283 2792 370 2817 cuni
397 2780 490 2828 plib3
520 2781 550 2829 Q
656 2783 707 2820 17
736 2782 863 2819 Multa
890 2777 970 2832 me]
997 2776 1193 2819 multa‘rie
1222 2781 1266 2817 Π
1323 2780 1512 2828 dehorata
1542 2780 1583 2817 X
1607 2783 1694 2818 ante
1720 2791 1816 2818 corr.

283 2838 462 2876 deortata
490 2841 520 2876 Z
