2002 3342
417 197 463 231 M.
485 196 642 231 PORCII
669 196 872 231 CATONIS
900 196 1135 231 ORIGINES.
1176 198 1218 231 fr.
1241 201 1382 232 87—93
1612 200 1666 240 83

222 305 298 347 91.
332 311 425 346 (iell.
444 308 563 357 143,
581 308 616 345 2.
656 306 842 345 Videbam
865 329 918 334 -
942 307 988 345 Μ.
1017 307 1204 347 Catonem
1232 310 1271 347 in
1302 311 1499 360 originum
1528 316 1666 361 quarto

134 371 345 412 ‘Proelium
374 374 517 411 sactum
546 372 890 423 depugnatumque
916 385 986 423 pro
1015 372 1170 412 castris'
1200 376 1420 425 scripsisse.

742 528 811 564 EX
838 527 997 565 LIBRO
1025 527 1060 564 V

220 607 350 649 9⁶2ss²&
385 610 471 648 Le'u.
494 610 562 658 34,
579 610 646 658 15,
661 610 698 648 9.
739 610 831 648 Cato
858 611 960 660 ipse,
993 609 1096 648 haud
1123 623 1216 649 sane
1245 610 1482 650 detrectator
1507 612 1664 651 laudum

131 688 302 725 suarum,
329 674 472 713 multos
493 672 658 725 [puyna.
686 687 774 713 cum
795 676 989 724 He'spam's
1010 676 1066 713 ad
1084 676 1298 725 Emporias
1325 675 1554 729 commissa]
1580 690 1665 716 cae-

95 755 108 777 5
131 754 194 778 sos
222 741 291 791 ait,
324 752 533 778 numerum
560 752 638 778 non
666 739 866 778 adscribit.
911 739 1003 778 Tria
1029 752 1074 778 eo
1103 740 1164 779 die
1191 740 1400 779 laudabilia
1428 743 1567 781 fecisse
1595 756 1664 794 pu-

76 1082 107 1103 10

131 811 245 856 tatur,
271 817 392 844 unum
421 804 523 856 quod
550 804 820 843 circumducto
848 807 1024 844 exercitu
1051 805 1188 856 procul
1215 806 1382 845 nauibus
1404 809 1486 846 suis
1507 810 1665 847 castris-

130 884 222 922 que,
255 870 322 909 uhi
355 883 465 921 spem
491 869 746 921 <mas-quam>
772 872 849 909 nisi
882 872 922 908 in
955 872 1104 909 uirtute
1137 871 1346 923 haberent,
1380 874 1482 911 inter
1514 873 1665 912 medios

131 938 261 975 hostes
288 935 482 987 proelium
509 938 724 988 commisit3
752 936 920 975 alterum
947 936 1051 987 quod
1072 936 1254 975 cohortes
1282 937 1328 975 ab
1357 943 1465 988 tergo
1487 939 1665 977 hostibus

129 1001 290 1054 obiecit3
329 1003 489 1040 tertium
523 1001 626 1052 quod
659 1001 872 1040 secundam
905 1001 1101 1052 legionem
1134 1003 1278 1040 ceteris
1312 1003 1494 1042 omnibus
1529 1004 1664 1042 effusis

129 1067 176 1105 ad
198 1066 420 1118 sequendos
446 1067 580 1105 hostes
606 1066 722 1118 pleno
750 1066 872 1117 gradu
894 1066 966 1106 sub
988 1068 1112 1118 signis
1134 1069 1391 1118 compositam
1414 1070 1664 1107 instructam-

130 1145 203 1183 que
232 1131 365 1171 subire
394 1131 441 1170 ad
467 1139 619 1183 portam
648 1138 867 1171 castrorum
895 1134 1021 1171 iussit.
1047 1154 1104 1159 —-
1130 1132 1244 1172 multi
1271 1139 1310 1172 et
1335 1133 1500 1173 aliarum
1528 1136 1665 1173 ciuita-

128 1199 237 1247 tium,
266 1198 332 1248 qui
354 1196 558 1248 Emporias
584 1198 853 1248 perfugerant,
881 1197 1118 1236 dediderunt
1138 1210 1193 1249 se,
1219 1211 1317 1250 quos
1339 1211 1474 1238 omnes
1496 1200 1664 1251 appella-

130 1268 188 1302 tos
216 1262 384 1313 benigne
411 1264 583 1313 uinoque
611 1268 648 1301 et
675 1263 762 1301 cibo
790 1269 946 1302 curatos
975 1263 1109 1302 domos
1137 1263 1297 1303 dimisit.

218 1323 321 1367 93³⁶.
360 1328 455 1366 Gell.
478 1328 681 1377 2,22,28.
722 1328 798 1366 Sed
826 1328 929 1379 quod
957 1330 1008 1367 ait
1034 1334 1216 1379 uentum,
1243 1330 1310 1380 qui
1338 1341 1383 1368 ex
1410 1335 1514 1369 terra
1544 1330 1664 1370 Gallia

91 1393 256 1443 5ssa1·et,
293 1394 458 1431 circium
495 1393 701 1444 appellari,
737 1393 784 1432 M.
813 1394 905 1432 Cato
938 1395 978 1431 in
1011 1393 1123 1432 libris
1157 1395 1353 1445 originum
1385 1407 1473 1434 eum
1500 1402 1664 1435 uentum

129 1456 332 1497 'cei-cium'
364 1458 469 1509 dicit,
496 1471 573 1497 non
596 1456 805 1498 ‘circium’.
846 1472 935 1498 nani
963 1472 1051 1498 cum
1081 1459 1126 1498 de
1154 1459 1338 1511 Hispanis
1366 1461 1570 1512 scriberet,
1598 1463 1665 1513 qui

128 1525 225 1562 citra
252 1523 444 1562 Hiberum
472 1524 617 1575 colunt,
643 1524 764 1563 uerba
792 1524 887 1563 haec
915 1526 1063 1575 posuit:
1092 1524 1167 1563 Sed
1189 1527 1229 1563 in
1250 1525 1311 1564 his
1333 1526 1560 1576 regionibus
1588 1527 1664 1564 fer—

128 1601 280 1640 rareae,
320 1589 630 1639 argentifodinae
663 1590 971 1640 pulcherrimae,
1004 1602 1115 1628 mons
1153 1602 1198 1628 ex
1233 1590 1312 1629 sale
1346 1603 1454 1629 mero
1487 1604 1664 1643 magnus,

128 1660 316 1705 quantum
340 1654 483 1705 demas,
504 1660 655 1693 tantum
671 1655 875 1694 adcrescit.
916 1660 1061 1693 uentus
1078 1656 1244 1706 cercius,
1266 1668 1355 1694 cum
1376 1656 1549 1707 loquare,
1570 1656 1664 1695 buc-

74 1732 87 1756 ε’
128 1732 212 1757 cam
239 1719 388 1771 implet,
415 1726 608 1758 armatum
634 1720 848 1771 hominem,
874 1720 1094 1771 plaustrum
1121 1726 1327 1759 oneratum
1355 1722 1545 1772 percellit.

222 1864 287 1899 92.
317 1865 397 1898 Vz'd.
419 1876 534 1908 supra
553 1876 594 1909 p.
617 1875 730 1909 cusq.
767 1865 932 1908 Appian.
955 1864 1064 1908 Hisp.
1086 1868 1151 1899 40:
1185 1865 1321 1906 διώξας
1351 1878 1388 1900 τε
1421 1866 1554 1906 νυκτὸς
1581 1864 1666 1910 ὅλης

129 1912 327 1956 ἐκράτησεν
355 1912 477 1946 αὐτῶν
503 1918 568 1946 τοῦ
596 1911 848 1955 στρατοπέδου
878 1912 941 1946 καὶ
967 1912 1160 1951 πολλοὺς
1186 1910 1464 1948 ἀπέκτεινεν.
1505 1913 1593 1948 Tria
1620 1935 1663 1939 —

128 1959 272 1993 dimisit
297 1963 337 1993 ut
365 1959 573 1994 Catoniana
598 1971 676 1994 cum
708 1960 905 2005 IlIaduz'yz'o
932 1959 1073 1994 addidi.

222 2006 288 2041 93.
316 2007 428 2051 Apul.
451 2007 493 2041 de
512 2007 636 2041 mund.
659 2010 768 2042 c.14.·
797 2007 906 2041 Cato
934 2008 1058 2041 autem
1085 2006 1123 2041 in
1150 2006 1256 2041 libris
1283 2007 1467 2053 originum
1496 2019 1568 2042 non
1595 2008 1663 2042 cir-

129 2054 227 2088 cium
254 2054 318 2088 sed
346 2054 508 2088 cercium
535 2054 637 2088 dicit.
678 2054 709 2088 is
735 2054 1102 2098 uentus—percellit.
1143 2055 1185 2089 de
1216 2059 1342 2098 uento,
1373 2056 1437 2099 qui
1462 2068 1486 2090 a
1514 2056 1664 2091 Graecis

128 2100 290 2141 Καικίας
316 2102 462 2143 dicitur,
489 2103 533 2144 cf.
549 2101 667 2137 Se'nec.
684 2107 818 2146 quaest.
840 2106 915 2137 nat.
933 2105 1033 2144 5,17,
1049 2105 1080 2136 5.
1120 2102 1250 2137 Strabo
1266 2107 1298 2145 1,
1312 2105 1347 2145 2,
1361 2106 1407 2137 21
1423 2106 1534 2147 1029.
1564 2103 1661 2138 Plut.

128 2149 215 2184 Sert.
240 2152 296 2184 17.
324 2170 366 2174 —
395 2150 481 2183 Liu.
504 2151 690 2191 34,21,7:
728 2149 867 2183 Pacata
897 2149 1091 2194 prouincia
1120 2149 1258 2195 [Cato]
1290 2150 1494 2194 uectigalia
1525 2161 1663 2195 magna

127 2197 293 2230 instituit
313 2208 355 2230 ex
383 2196 547 2230 ferrariis
569 2197 878 2241 argentm-iisque,
907 2196 1042 2241 quibus
1063 2199 1141 2231 tum
1170 2197 1352 2231 institutis
1378 2197 1602 2242 locupletior
1624 2198 1662 2232 in

129 2244 208 2278 dies
234 2244 429 2288 prouincia.
455 2243 537 2278 fuit.

218 2375 292 2430 91,
324 2384 343 2418 1
381 2375 451 2431 M]
478 2380 518 2417 in
545 2379 582 2416 Z
643 2379 830 2417 Catonem
860 2381 896 2417 in
925 2392 1047 2427 mary.
1070 2379 1101 2417 O
1163 2376 1329 2429 origeni]
1356 2376 1413 2417 Χ1
1526 2382 1548 2418 2
1577 2394 1662 2429 pre·

128 2440 225 2476 lium
251 2439 287 2476 Z
323 2435 410 2488 {alifi
438 2439 530 2476 BH

217 2493 294 2548 92,
323 2500 346 2536 5
376 2498 651 2536 Tria—iussit
676 2500 780 2536 solus
800 2498 1008 2546 Bambery.
1029 2500 1205 2536 seruauit
1223 2499 1449 2546 seclusitqzw
1471 2499 1661 2537 VVeissen·

129 2559 223 2596 born
344 2570 537 2606 nusquam
565 2558 654 2595 add.
684 2558 838 2605 Ussiny.

218 2612 296 2667 93,
326 2619 377 2654 15
411 2618 451 2654 in
478 2617 588 2655 libris
617 2617 732 2654 VPR
770 2618 809 2653 in
837 2617 938 2654 libro
966 2628 990 2660 ς
1114 2617 1165 2654 16
1199 2613 1387 2667 cercium]
1415 2630 1456 2654 er
1481 2629 1566 2665 sup.
1592 2618 1659 2655 lin.

129 2676 218 2713 adel.
238 2677 276 2713 R
337 2676 397 2713 his
424 2678 537 2725 panis
562 2672 618 2713 Pl
639 2679 727 2713 ante
746 2688 843 2714 corr.
932 2677 983 2713 17
1014 2675 1090 2713 Sed
1115 2678 1198 2714 siue
1225 2675 1269 2723 ὃς
1296 2677 1386 2715 libra·
1420 2676 1519 2714 Sunt,
1544 2677 1659 2724 uulyo

219 2736 406 2773 ferrariae
436 2736 548 2782 zmlyo
637 2738 689 2773 18
717 2735 958 2784 pulcherime
983 2736 1022 2772 R
1115 2736 1167 2772 19
1197 2737 1384 2772 accrescit
1410 2747 1434 2779 ς
1466 2735 1660 2773 adorescit

128 2796 165 2831 P
186 2794 402 2845 adorrescit
421 2795 459 2832 R
486 2795 675 2832 adolescit
698 2794 921 2832 Groozouz'as
983 2795 1122 2832 circius
1142 2795 1180 2832 R
1206 2797 1294 2832 anie
1313 2806 1409 2832 corr.
1511 2797 1566 2833 20
1592 2795 1659 2833 ho-

129 2856 307 2891 neratum
337 2853 371 2890 V

1330 2920 1370 2952 (3²4²

1694 595 1760 625 195

1692 643 1759 685 5513
