2002 3342
279 210 368 251 240
914 208 1174 250 RELIQVIAE

279 326 318 359 et
338 321 499 359 Martius
520 320 635 357 Picus
657 319 703 357 ad
725 318 764 357 id
785 319 959 357 locorum
981 320 1184 357 uenissent
1208 319 1389 357 haustum
1411 315 1519 371 (nam
1540 319 1617 357 illis
1639 319 1807 370 aquandi

278 386 452 424 solemne
480 387 555 423 iter
581 385 657 422 huc
685 382 787 437 suit),
814 384 1058 434 inuaderent,
1086 385 1414 434 constringerent,
1441 384 1692 435 conligarent.
1739 384 1810 423 sed

278 464 355 502 11110
379 463 440 489 103
461 451 548 488 fleri
569 449 791 500 expeditius
812 455 955 500 posset,
985 461 1115 499 regem
1143 449 1280 500 pocula
1302 462 1377 488 non
1405 451 1517 500 parui
1537 451 1693 488 numeri
1713 451 1807 488 uino

277 516 483 566 mulsoque
516 514 732 565 complesse
773 516 956 565 circaque
996 526 1177 553 accessus
1216 514 1334 553 sontis
1373 514 1601 553 insidiosam
1627 515 1808 553 uenturis

275 582 507 631 opposuisse
542 580 743 618 fallaciam.
783 579 869 618 illos
902 592 1010 618 more
1047 579 1092 617 de
1125 579 1238 617 solito
1271 579 1432 618 bibendi
1458 581 1696 630 appetitione
1724 592 1808 618 cor-

278 652 409 696 reptos
438 645 484 683 ad
512 645 680 696 hospitia
708 651 796 683 nota
823 646 994 683 uenisse.
1035 644 1103 683 sed
1131 657 1218 683 011111
1246 644 1466 695 liquoribus
1487 644 1658 683 odoratis
1685 645 1809 683 offen-

276 709 428 749 dissent
462 711 672 760 fragrantia
702 709 857 761 pocula‚
889 709 1174 748 uetustioribus
1201 711 1472 761 anteposuisse
1499 722 1562 748 res
1589 722 1723 760 nouas,
1749 710 1808 747 in-

276 777 428 814 uasisse
456 775 637 825 auiditer⁷
668 774 874 813 dulcedine
901 775 1072 825 potionis
1099 781 1232 825 captos
1257 775 1437 813 hausisse
1464 775 1552 826 plus
1578 776 1712 826 nimio,
1741 774 1808 813 011-

275 839 513 879 dormiuisse
536 840 658 878 tactos
679 852 831 890 graues,
870 845 953 878 turn
974 839 1034 877 1113
1056 852 1171 878 senos
1196 839 1423 878 incubuisse
1445 841 1594 891 30111113,
1622 841 1806 878 1111001330

274 905 483 944 madidatis
522 904 697 956 uincula,
739 907 1040 956 expergitosque
1080 904 1166 943 illos
1203 906 1332 943 statim
1370 905 1625 956 perdocuisse
1661 917 1807 955 regem,

274 970 418 1021 11011103
446 970 493 1009 311
524 977 649 1009 101133
675 970 802 1008 0101113
823 970 998 1021 luppiter
1018 975 1153 1021 posset
1173 975 1212 1008 et
1231 971 1436 1008 sacrificiis
1457 970 1564 1022 elici3
1591 976 1629 1008 et
1649 976 1806 1020 accepta

275 1048 408 1087 regem
437 1037 602 1075 scientia
630 1048 713 1074 rem
739 1036 780 1073 in
806 1036 1001 1074 Auentino
1028 1035 1169 1073 fecisse
1197 1034 1387 1086 diuinam,
1415 1035 1582 1074 elexisse
1609 1035 1656 1073 ad
1682 1041 1809 1074 terras

273 1101 405 1140 Iouem
440 1101 486 1140 ab
520 1113 644 1152 eoque
679 1102 882 1151 quaesisse
916 1102 1035 1139 ritum
1062 1101 1352 1151 procurationis
1378 1113 1540 1139 morem.
1579 1100 1712 1139 Iouem
1740 1099 1808 1138 diu

273 1173 473 1206 contatum
502 1165 708 1217 ‘expiabis'
740 1166 827 1204 dixe
854 1164 996 1217 ‘capite
1022 1163 1236 1216 fulgurita'.
1276 1177 1408 1216 regem
1431 1165 1683 1216 respondisse
1705 1163 1807 1204 ‘cae-

272 1229 398 1282 pitio’.
437 1232 570 1270 Iouem
592 1243 729 1270 rursus
751 1229 963 1269 ‘humano’.
998 1230 1198 1269 rettulisse
1220 1243 1352 1281 regem
1374 1229 1459 1269 ‘sed
1480 1228 1647 1281 capillo’.
1687 1229 1802 1268 deum

270 1387 447 1441 quentius
473 1387 590 1431 ignes.
626 1387 704 1421 Rex
730 1388 856 1431 pauet
884 1388 921 1420 et
946 1385 1051 1430 uulgi
1076 1387 1229 1430 pectora
1254 1387 1372 1420 terror
1397 1385 1521 1420 habet.
1562 1385 1627 1421 Cui
1654 1386 1755 1420 1103ε
1761 1396 1808 1420 00

271 1434 428 1468 nimium
460 1436 608 1469 terrere
647 1434 789 1478 piabile
820 1433 961 1468 fulmen
996 1433 1075 1468 Est’
1111 1434 1165 1467 ait
1196 1434 1248 1467 et
1281 1433 1385 1467 saeui
1416 1433 1577 1468 flectitur
1608 1433 1664 1467 ira
1697 1433 1806 1468 Iouis.

272 1482 343 1516 Sed
375 1484 551 1526 poterunt
582 1482 693 1516 ritum
727 1482 836 1516 Picus
869 1481 1091 1525 Faunusque
1123 1481 1253 1525 piandi
1279 1481 1455 1523 Tradere
1485 1480 1644 1515 Romani
1669 1492 1806 1514 numen

270 1531 426 1573 uterque
453 1529 533 1563 soli.
570 1529 647 1563 Nec
674 1529 753 1564 sine
780 1529 817 1562 ui
844 1529 1004 1563 tradent.
1043 1528 1178 1562 adhibe
1199 1531 1240 1562 tu
1262 1528 1412 1562 uincula
1433 1528 1568 1573 captis'
1574 1556 1581 1563 .
1613 1528 1734 1572 Atque
1755 1528 1807 1562 ita

270 1588 345 1621 qna
367 1577 513 1622 possint
540 1577 664 1610 erudit
684 1578 761 1611 arte
783 1576 876 1620 capi.
906 1577 1024 1610 Lucus
1045 1576 1231 1610 Auentino
1252 1576 1402 1610 suberat
1421 1576 1527 1621 niger
1545 1575 1642 1610 ilicis
1662 1575 1806 1618 umbra,

271 1624 350 1666 Quo
376 1636 503 1668 posses
529 1625 610 1659 uiso
639 1624 761 1658 dicere
790 1625 942 1658 ‘numen
968 1624 1089 1658 inest'.
1129 1624 1169 1657 In
1195 1623 1318 1657 medio
1344 1634 1497 1668 gramen
1516 1634 1718 1667 muscoque
1739 1624 1806 1657 ad-

269 1674 400 1716 operta
422 1673 558 1706 uirenti
579 1672 757 1706 Manabat
777 1683 864 1706 saxo
885 1683 981 1705 uena
1000 1671 1172 1716 perennis
1194 1682 1324 1714 aquae.
1361 1671 1450 1705 Inde
1470 1671 1546 1705 fere
1567 1670 1635 1705 soli
1655 1671 1806 1704 Faunus

270 1719 453 1763 Picusque
479 1719 669 1754 bibebant.
710 1719 791 1753 Huc
816 1719 921 1752 uenit
947 1721 984 1753 et
1009 1718 1104 1753 fonti
1130 1729 1193 1752 rex
1212 1718 1335 1752 Numa
1360 1720 1501 1752 mactat
1527 1729 1645 1758 ouem,
1673 1718 1807 1752 Plena-

269 1778 341 1810 que
372 1767 517 1801 odorati
551 1767 715 1811 disponit
747 1766 881 1811 pocula
912 1766 1049 1800 Bacchi
1083 1766 1246 1809 Cumque
1279 1766 1354 1799 suis
1388 1768 1494 1800 antro
1527 1766 1698 1800 conditus
1725 1766 1805 1809 ipse

269 1814 373 1848 latet.
414 1814 471 1848 Ad
504 1813 632 1849 solitos
664 1815 822 1848 ueniunt
854 1813 1042 1847 siluestria
1074 1813 1227 1847 numina
1258 1813 1378 1847 fontes
1414 1813 1459 1847 Et
1490 1812 1660 1847 releuant
1686 1815 1804 1847 multo

269 1865 422 1906 pectora
448 1861 547 1896 31003
572 1872 683 1896 mero.
713 1861 808 1895 Vina
834 1861 938 1905 quies
965 1860 1142 1904 sequitur.
1182 1860 1307 1905 gelido
1328 1860 1451 1894 Numa
1477 1860 1603 1905 prodit
1629 1860 1674 1894 ab
1696 1863 1803 1894 antro

269 1909 475 1953 Vinclaque
503 1909 644 1953 sopitas
671 1909 777 1943 addit
802 1909 841 1942 in
863 1911 943 1943 arta
964 1919 1106 1942 013003.
1144 1907 1299 1942 Somnus
1319 1910 1362 1941 ut
1381 1908 1573 1949 abscessit,
1600 1908 1803 1953 pugnando

268 1957 420 1990 uincula
445 1958 633 2001 temptant
656 1956 852 2000 Rumpere.
890 1957 1100 2001 pugnantes
1126 1955 1259 1990 fortius
1280 1955 1347 1989 illa
1367 1957 1505 1989 tenent.
1539 1955 1642 1989 Tunc
1663 1955 1801 1989 Numa:

269 2004 332 2038 ‘Di
363 2015 573 2047 nemorum,
606 2004 713 2038 factis
745 2003 927 2048 ignoscite
959 2003 1113 2043 nostris„
1148 2003 1184 2036 Si
1218 2003 1335 2037 scelus
1367 2002 1517 2047 ingenio
1545 2003 1647 2037 scitis
1673 2002 1803 2037 abesse

267 2063 362 2096 meo,
390 2051 543 2095 Quoque
569 2052 677 2086 modo
705 2051 825 2096 possit
850 2051 990 2085 fulmen
1010 2052 1215 2085 monstrate
1234 2050 1361 2094 piari’.
1399 2050 1459 2084 Sic
1479 2050 1611 2091 Numa,
1639 2050 1691 2084 sic
1711 2061 1803 2094 qua-

266 2100 364 2133 tiens
397 2111 534 2133 cornua
566 2099 715 2133 Faunus
748 2099 817 2133 ait:
847 2099 1000 2143 ‘Magna
1031 2098 1128 2142 petis
1159 2108 1227 2132 000
1260 2108 1354 2142 quae
1386 2097 1530 2132 monitu
1562 2097 1633 2131 tibi
1660 2097 1802 2132 discere

268 2149 395 2181 nostro
422 2147 492 2181 Fas
519 2146 578 2180 sit.
614 2146 755 2180 habent
781 2146 863 2180 finis
889 2146 1043 2180 numina
1069 2147 1196 2180 nostra
1223 2157 1317 2180 suos.
1351 2145 1399 2179 Di
1424 2157 1549 2179 sumus
1576 2147 1739 2189 agrestes
1765 2147 1804 2179 et

267 2194 333 2238 qui
359 2195 590 2228 dominemur
615 2194 653 2228 in
680 2194 766 2228 altis
788 2193 988 2228 Montibus.
1025 2193 1221 2227 arbitrium
1242 2194 1298 2227 est
1323 2192 1361 2226 in
1383 2204 1450 2227 sua
1472 2192 1549 2227 tela
1568 2193 1658 2226 Ioui.
1693 2192 1801 2227 Hunc

267 2244 309 2276 tu
341 2253 413 2276 non
445 2241 585 2286 poteris
618 2252 683 2286 per
714 2244 751 2276 te
778 2241 960 2276 deducere
988 2240 1107 2283 caelo,
1140 2242 1190 2274 At
1214 2240 1355 2284 poteris
1380 2242 1507 2275 nostra
1532 2239 1687 2274 forsitan
1712 2251 1801 2274 usus

266 2289 362 2332 ope’.
391 2289 547 2323 Dixerat
572 2289 664 2323 haec
684 2289 844 2322 Faunus.
877 2299 946 2333 par
965 2290 1021 2322 est
1041 2288 1226 2322 sententia
1245 2287 1335 2322 Pici.
1365 2288 1509 2322 ‘Deme’
1532 2289 1657 2322 tamen
1679 2287 1801 2322 enobis

266 2336 432 2370 uincula’
461 2337 570 2371 Picus
597 2337 660 2370 ait.
697 2337 879 2381 ‘Iuppiter
904 2336 976 2370 huc
1002 2335 1128 2369 ueniet
1153 2335 1280 2369 ualida
1305 2335 1504 2379 perductus
1531 2335 1577 2369 ab
1606 2336 1696 2378 arte,
1723 2334 1801 2368 Nu-

266 2383 344 2417 bila
375 2384 547 2428 promissi
580 2384 670 2428 Styx
700 2383 793 2418 mihi
825 2384 932 2418 testis
960 2383 1057 2417 erit’.
1094 2383 1229 2416 Emissi
1255 2383 1398 2427 laqueis
1425 2383 1515 2426 quid
1543 2385 1672 2427 agant,
1703 2393 1800 2425 quae

266 2432 431 2465 carmina
457 2432 584 2465 dicant
611 2431 764 2475 Quaque
789 2431 943 2465 trahant
969 2430 1112 2475 superis
1140 2430 1290 2464 sedibus
1311 2431 1391 2464 arte
1411 2431 1546 2473 Iouem⁷
1575 2430 1674 2463 Scire
1694 2429 1799 2463 nefas

266 2479 418 2513 homini.
457 2479 563 2513 nobis
597 2489 771 2513 concessa
804 2481 983 2513 canentur
1015 2478 1192 2521 Quaeque
1218 2477 1280 2522 pio
1307 2477 1381 2511 dici
1407 2477 1505 2511 uatis
1533 2476 1578 2510 ab
1606 2488 1667 2511 ore
1698 2477 1798 2511 licet.

358 2630 378 2665 1
413 2628 586 2665 uenisset
612 2623 711 2665 00111
834 2628 856 2664 2
891 2627 1119 2663 solemniter
1143 2626 1239 2663 haec
1266 2626 1379 2662 codex
1502 2626 1524 2662 3
1560 2638 1637 2663 non
1669 2638 1797 2674 parua

266 2699 371 2723 mero
398 2688 493 2724 uino
521 2687 649 2724 Vrsin.
751 2687 787 2723 4.
805 2687 827 2723 5
856 2684 1278 2723 insidiosa—fallacia
1302 2685 1578 2732 Reifferscheid
1677 2686 1698 2721 7
1727 2684 1792 2721 fia-

265 2746 424 2795 grantia
450 2746 528 2783 cod.
622 2747 645 2783 S
675 2745 921 2783 dulcedinem
947 2759 983 2794 p.
1011 2746 1089 2782 cod.
1129 2743 1332 2781 dulcedine
1358 2743 1399 2780 in
1425 2757 1462 2792 p.
1489 2744 1737 2781 Hildebrand

269 2805 320 2842 13
354 2805 477 2841 ritum
509 2806 587 2842 cod.
673 2805 909 2855 fulguritum
941 2804 1214 2850 Reifferscheid
1247 2805 1340 2855 (pro
1373 2802 1673 2853 fulguritorum)

269 2865 319 2902 15
349 2859 433 2914 sed]
461 2863 610 2901 scilicet
635 2865 734 2901 Roth

1831 918 1864 943 10

1827 1243 1860 1269 15
