2002 3342
684 219 710 254 1.
738 219 800 253 DE
828 218 1104 253 ANNALIBVS
1131 218 1333 253 MAmins
1711 236 1775 264 vu

242 344 329 370 rum
357 330 591 369 uocabulum
619 331 812 379 originem
835 328 978 367 ducere
1007 330 1258 368 immemores
1286 336 1430 369 essent.
1471 336 1511 368 ut
1540 332 1661 379 igitur
1690 334 1774 382 qui-

240 396 329 435 dam
351 396 528 434 rhetores
550 407 639 433 cum
661 395 952 433 commentariis
974 395 1013 432 in
1035 399 1161 432 rostra
1187 394 1400 433 escendere
1422 395 1609 445 solebant,
1639 398 1677 434 in
1699 410 1774 447 quo

239 473 380 500 causae
415 460 585 511 agendae
619 472 770 498 summa
803 460 930 509 capita
964 460 1183 509 perscripta
1218 465 1328 497 erant
1357 455 1709 512 (Senec.co1111·011.
1737 460 1775 510 23,

237 538 410 577 prooem.
432 521 491 576 6),
518 530 561 563 ut
587 525 700 575 pueri
721 536 819 575 quae
841 523 927 562 aliis
950 522 1260 562 declamantibus
1282 524 1436 562 laudata
1458 530 1580 575 erant,
1608 526 1647 563 in
1670 538 1774 564 com-

238 591 453 629 mentarios
486 589 722 640 regerebant
750 583 930 642 (Quintil.
952 589 1042 626 inst.
1064 585 1186 638 2,11,
1205 584 1267 642 7),
1300 594 1343 627 ut
1374 588 1510 627 Cicero
1539 589 1706 628 Lucceio
1742 593 1775 629 si

237 655 286 694 de
309 654 427 693 rebus
449 656 530 693 suis
552 654 726 693 scribere
747 654 854 703 uelit,
883 653 1155 691 confecturum
1183 665 1224 691 se
1246 653 1454 704 pollicetur
1478 659 1776 694 commentarios·

238 732 377 760 rernm
397 723 571 759 omnium
600 716 667 772 (ad
690 720 777 757 fam.
800 716 837 769 ἶ),
856 716 920 768 12,
939 714 1025 772 10),
1052 719 1104 756 ita
1125 719 1165 756 bi
1187 731 1206 756 a
1227 718 1480 769 pontificibus
1503 722 1775 758 commentarii

236 787 278 824 in
301 785 553 835 collegiorum
575 785 806 823 memoriam
829 783 981 822 collecti
1004 788 1126 833 erant,
1147 788 1190 821 ut
1211 785 1460 822 comminisci
1480 790 1653 835 possent,
1676 798 1773 836 quae

237 852 278 888 in
306 849 501 888 similibus
529 849 647 888 rebus
675 849 773 887 sacta
795 853 938 898 essent,
965 848 1211 899 multumque
1234 848 1468 887 differebant
1489 849 1535 887 ab
1558 850 1774 889 annalibus.

328 913 366 953 3.
393 915 570 966 Denique
592 916 687 965 quin
708 926 785 952 non
807 913 933 952 solum
955 919 1085 952 cetera
1106 913 1355 952 sacerdotum
1377 914 1540 965 collegia
1561 914 1629 953 sed
1658 917 1775 954 etiam

237 980 446 1032 pontifices
466 979 676 1018 habuerint
698 985 800 1017 acta
827 991 896 1017 sua
924 984 962 1017 et
989 978 1161 1029 album,
1188 980 1263 1017 etsi
1283 991 1490 1030 nusquam,
1518 980 1621 1030 quod
1643 982 1775 1031 sciam,

237 1047 453 1084 memoriae
480 1044 680 1096 proditum
707 1049 785 1095 est,
819 1045 884 1083 uix
920 1049 979 1083 est
1007 1056 1078 1082 cur
1105 1043 1342 1083 dubitemus.
1388 1056 1555 1095 quorum
1583 1045 1774 1084 librorum

237 1111 311 1149 hoc
338 1123 462 1161 genus
489 1109 735 1160 singulorum
763 1109 1003 1160 collegarum
1030 1108 1183 1147 indices
1211 1121 1257 1148 ex
1283 1110 1475 1160 temporis
1502 1109 1640 1149 ordine
1670 1110 1774 1161 dige-

234 1182 318 1215 stos
345 1175 573 1214 continebat
601 1170 790 1228 (quorum
819 1179 971 1213 constat
1005 1176 1123 1212 etiam
1157 1174 1204 1213 ad
1236 1179 1411 1213 nostram
1439 1180 1606 1214 aetatem
1634 1188 1774 1226 perue-

235 1242 344 1280 nisse
378 1240 574 1292 exempla,
608 1240 647 1279 C.
669 1240 695 1278 Ι.
716 1239 758 1278 L.
773 1240 819 1278 VI
846 1238 865 1278 1
896 1253 931 1290 p.
959 1237 1043 1278 441
1062 1252 1145 1290 sqq.
1178 1252 1215 1278 n.
1247 1236 1578 1292 1976—2009),
1616 1240 1774 1280 illorum

237 1306 360 1345 multa
381 1305 454 1345 sub
476 1306 850 1344 commentariorum
865 1306 1124 1355 inscriptione
1146 1304 1267 1344 latere
1282 1304 1482 1343 uidentur.
1517 1311 1601 1344 acta
1616 1306 1774 1356 quidem

236 1371 402 1410 fratrum
417 1370 620 1410 Arualium
642 1375 757 1421 atque
774 1368 1116 1408 ‘commentarium
1138 1369 1319 1409 ludorum
1343 1370 1605 1409 saecularium
1621 1370 1684 1409 XV
1700 1373 1773 1410 uir.

233 1438 360 1475 sacris
388 1432 598 1475 faciundis’
626 1448 673 1474 ex
700 1434 836 1474 eodem
863 1436 1091 1486 scriptionis
1118 1447 1261 1486 genere
1289 1436 1481 1486 originem
1511 1435 1671 1487 ducunt,
1697 1449 1773 1487 quo

234 1513 336 1552 quae
364 1501 537 1552 collegae
565 1506 740 1551 egerant,
767 1499 1116 1551 perscribebantur
1142 1501 1423 1551 (Protolcolle).

326 1566 451 1617 Atque
484 1566 524 1604 hi
558 1565 717 1617 quidem
753 1571 845 1604 sunt
880 1565 971 1603 libri
999 1579 1018 1604 a
1045 1565 1297 1616 pontificibus
1324 1567 1364 1603 in
1391 1578 1506 1604 usum
1535 1566 1773 1617 collegarum

234 1632 417 1670 confecti.
470 1631 566 1670 aliae
601 1636 731 1670 autem
765 1630 811 1669 ab
849 1630 999 1669 eisdem
1026 1630 1181 1669 tabulae
1209 1631 1249 1669 in
1276 1632 1381 1669 uitae
1409 1633 1629 1670 communis
1656 1645 1772 1671 usum

237 1696 576 1748 proponebantur,
622 1697 735 1735 fasti
781 1695 1064 1734 calendares
1110 1695 1175 1734 uel
1220 1695 1544 1747 hemerologia
1583 1702 1621 1735 et
1660 1698 1772 1736 fasti

232 1761 533 1813 consulares,
567 1774 663 1813 quas
697 1761 849 1800 tabulas
883 1774 1000 1812 saepe
1036 1762 1141 1800 inter
1174 1773 1216 1800 se
1248 1762 1431 1800 confusas
1458 1768 1564 1800 recte
1594 1762 1773 1802 distinxit

235 1827 454 1866 Mommsen
474 1828 514 1865 in
537 1827 710 1866 chronol.
726 1840 762 1878 p.
782 1824 833 1865 16
850 1839 933 1878 sqq.
958 1824 1055 1866 101.
1077 1823 1175 1866 209.
1209 1839 1447 1878 quamquam
1463 1828 1577 1866 etiam
1600 1840 1704 1866 nunc
1726 1828 1771 1867 de

234 1892 307 1931 bac
323 1905 364 1931 re
385 1898 492 1931 certa
513 1893 737 1931 testimonia
760 1891 1042 1931 desideramus.
1077 1905 1120 1931 ac
1144 1898 1274 1931 tamen
1295 1892 1501 1943 pontifices
1522 1894 1770 1944 potissimum

234 1959 354 2008 periti
375 1957 473 1996 caeli
496 1957 727 1996 dimetiendi
748 1958 912 1996 rationis
940 1957 1111 2008 suerunt,
1138 1962 1255 2008 atque
1284 1969 1387 2008 cum,
1413 1963 1457 1996 ut
1483 1963 1590 1996 certo
1612 1960 1772 2009 scimus,

230 2024 406 2074 antiquis
426 2022 671 2073 temporibus
698 2023 873 2074 pontifex
901 2022 1046 2074 populo
1073 2023 1114 2061 in
1142 2022 1378 2073 Capitolium
1406 2028 1620 2061 conuocato
1654 2025 1770 2062 unius

231 2089 428 2139 cuiusque
454 2089 604 2126 mensis
630 2087 809 2126 kalendis
836 2100 973 2138 nonas,
1000 2089 1115 2126 nonis
1143 2088 1263 2126 ferias
1290 2089 1396 2138 regis
1423 2088 1635 2126 sacrificuli
1660 2090 1770 2127 iussu

233 2165 331 2191 uoce
365 2153 554 2191 calauerit
587 2158 625 2192 et
658 2165 758 2191 anno
789 2150 884 2192 191.
912 2150 998 2191 563
1032 2153 1264 2204 pontificum
1298 2152 1460 2191 arbitrio
1498 2165 1543 2191 ex
1578 2152 1634 2191 M!
1657 2154 1770 2192 Acilii

232 2218 458 2257 Glabrionis
489 2218 575 2269 lege
608 2218 869 2257 intercalandi
903 2219 1020 2269 ratio,
1059 2219 1172 2257 cuius
1212 2219 1376 2257 scientia
1413 2220 1530 2257 etiam
1563 2231 1689 2270 usque
1722 2219 1769 2258 ad

232 2283 375 2322 Iulium
409 2282 615 2322 Caesarem
648 2295 770 2334 penes
804 2296 870 2322 eos
910 2283 1012 2322 solos
1047 2289 1130 2322 erat
1163 2279 1282 2337 (Plut.
1311 2282 1418 2322 Caes.
1446 2280 1543 2337 59),
1576 2285 1768 2335 permissa

234 2349 353 2387 fuerit
375 2344 611 2401 (Mommsen
634 2349 776 2387 Chron.
797 2361 833 2400 p.
855 2346 913 2387 40
929 2344 1047 2403 sqq),
1075 2348 1169 2400 quid
1197 2354 1256 2387 est
1281 2350 1368 2387 ueri
1390 2348 1559 2387 similius
1580 2361 1694 2400 quam
1722 2350 1768 2388 ab

230 2413 383 2453 eisdem
410 2413 662 2464 pontificibus
689 2413 955 2464 liemerologia
976 2414 1040 2452 illa
1063 2415 1277 2465 composita
1303 2419 1340 2452 et
1360 2426 1431 2465 per
1451 2414 1625 2464 singulos
1646 2427 1767 2453 annos

233 2480 275 2517 in
303 2480 402 2517 atrio
429 2480 559 2530 regiae
588 2479 713 2517 adfixa
741 2491 827 2517 esse
855 2475 1063 2532 (Huehner
1088 2492 1124 2530 p.
1145 2475 1283 2533 410)·?
1309 2484 1353 2518 ut
1377 2491 1473 2517 uero
1494 2479 1603 2517 hisce
1625 2479 1768 2518 tabulis

231 2544 480 2595 singulorum
507 2556 700 2583 annorum
728 2545 839 2595 ratio,
865 2546 918 2583 ita
947 2545 1057 2583 fastis
1082 2544 1357 2583 consularibus
1377 2545 1554 2595 ipsorum
1575 2556 1767 2583 annorum

231 2608 328 2647 ordo
362 2609 693 2660 constituebatur,
733 2611 800 2660 qui
835 2611 923 2648 fasti
951 2616 989 2648 et
1021 2611 1178 2648 nomine
1213 2615 1251 2648 et
1284 2621 1325 2647 re
1358 2615 1437 2648 tam
1471 2615 1553 2648 arte
1586 2611 1690 2648 inter
1725 2623 1766 2648 se

232 2676 373 2712 conexi
405 2680 513 2725 sunt,
547 2680 592 2713 ut
624 2675 710 2713 fieri
742 2687 820 2713 non
852 2676 994 2726 possit,
1032 2676 1127 2725 quin
1161 2674 1209 2713 ad
1242 2674 1457 2713 eorundem
1494 2676 1764 2713 auctoritatem

234 2739 408 2790 redeant,
434 2741 668 2790 praesertim
695 2752 784 2779 cum
811 2739 968 2791 publice
989 2740 1196 2778 consulum
1218 2740 1376 2778 nomina
1398 2745 1434 2778 et
1455 2739 1633 2778 ordinem
1655 2741 1765 2790 quasi

233 2809 367 2843 sancta
400 2804 520 2843 fuisse
553 2804 617 2843 uel
650 2804 741 2843 inde
774 2810 977 2856 appareat,
1013 2804 1117 2856 quod
1150 2807 1222 2843 etsi
1251 2806 1318 2855 qui
1345 2817 1421 2855 quo
1455 2804 1608 2842 ordine*
1626 2805 1764 2854 primis

233 2874 392 2908 centum
426 2871 538 2908 annis
570 2869 718 2908 liberae
752 2871 810 2908 rei
841 2869 1021 2921 publicae
1055 2869 1238 2908 consules
1266 2876 1415 2920 essent,
1449 2882 1525 2907 non
1559 2881 1646 2908 esse
1680 2868 1764 2906 dili·
