2002 3342
809 195 843 227 C.
868 193 1078 227 FANNIVS
1592 210 1712 239 CXCV

181 306 272 343 tiam
295 316 392 354 quae
414 303 562 354 prolata
584 310 686 353 sunt,
714 303 810 341 nihil
832 303 878 341 ad
900 316 984 342 eam
1007 305 1295 355 infringendam
1317 305 1461 344 ualent.
1497 319 1584 344 nam
1607 308 1711 357 (11111(1

180 369 338 420 (1111(13111
366 368 532 407 61111(16111
561 368 697 406 eodem
725 381 826 407 anno
853 366 971 420 (142.
994 366 1099 423 (312)
1128 376 1164 408 et
1199 371 1238 408 in
1265 371 1393 409 Africa
1428 378 1561 410 contra
1591 372 1712 410 Viria-

182 442 263 473 tum
290 446 462 485 pugnare
491 439 528 471 et
554 433 699 471 Romae
730 433 973 472 tribunatum
1007 434 1133 484 plebis
1167 447 1305 485 gerere
1338 437 1513 486 potuisse
1543 450 1710 485 negaue-

182 506 284 549 runt,
311 499 383 537 hoc
409 511 513 537 nunc
542 499 758 549 fragmento
780 498 942 537 Liuiano
964 498 1215 550 (⁷)xyrbyncbi
1243 508 1399 551 16116110
1432 501 1615 540 Δ1111611161·
1637 503 1657 540 l.
1681 516 1712 541 s.

179 578 210 603 r.
238 562 346 602 1988
382 565 432 602 ita
467 564 685 615 expediuit,
724 570 767 602 ut
800 576 831 602 3.
856 561 1058 602 142612
1098 564 1289 603 Fannium
1323 565 1466 604 Romae
1507 567 1710 605 tribunum

178 629 303 681 plebis
331 635 503 667 creatum
533 630 756 680 insequenti
784 642 873 668 611111
898 629 1016 667 Fabio
1044 630 1083 667 in
1105 629 1332 680 Hispaniam
1362 630 1592 670 discessisse
1620 645 1711 670 (·611-

178 701 293 734 seret.
327 707 453 745 neque
481 696 586 732 enim
609 694 823 745 quidquam
845 694 982 733 Cicero
1010 694 1150 733 scribit
1175 696 1251 733 nisi
1277 695 1360 746 boc,
1386 696 1515 735 uideri
1542 697 1615 735 sibi
1644 711 1711 736 311-

178 760 324 799 diuisse
352 760 543 798 Fannium
565 760 605 798 P.
621 760 803 798 Africano
831 759 870 798 L.
887 759 1072 798 Mummio
1095 759 1326 798 censoribus
1348 760 1550 799 tribunum
1577 764 1713 814 fnisse,

176 825 317 876 quibus
345 824 586 875 consulibus,
613 838 659 863 ex
681 825 807 863 Attico
829 826 994 876 quaerit.
1029 824 1102 862 alio
1125 824 1207 863 1060
1229 824 1367 863 Cicero
1394 827 1479 876 ipse
1501 840 1520 865 a
1542 829 1711 866 ueritate

176 890 385 929 aberrauit.
419 896 478 928 est
506 890 552 929 de
581 902 621 928 re
649 903 684 941 p.
710 889 744 940 1,
769 889 834 941 12,
859 887 924 940 18,
950 889 1018 928 ubi
1045 903 1134 928 cum
1161 889 1292 928 Laelio
1321 903 1457 929 socero
1480 892 1518 929 C.
1538 892 1711 931 Fannius

176 962 215 994 61
246 956 289 1001 Q.
317 956 504 994 Scaeuola
537 957 675 1006 generi
708 955 952 994 inducuntur
985 953 1105 993 ‘docti
1141 954 1432 1006 adulescentes,
1472 963 1597 995 aetate
1633 959 1709 996 iam

176 1018 418 1072 quaestorii'.
464 1020 574 1058 illum
607 1022 712 1058 enim
746 1033 970 1058 sermonem
1005 1020 1051 1059 de
1088 1033 1130 1058 re
1166 1020 1321 1071 publica
1359 1021 1496 1060 Cicero
1534 1022 1710 1061 habitum

176 1088 287 1137 tingit
308 1099 339 1124 3.
365 1083 459 1124 129.
482 1083 580 1136 625,
607 1092 660 1135 ut,
688 1087 872 1136 quoniam
894 1085 1110 1124 Mommsen
1138 1099 1170 1124 3.
1193 1086 1274 1124 sere
1300 1084 1498 1125 171530
1516 1087 1708 1126 Fannium

175 1164 289 1190 suum
321 1151 368 1189 M.
397 1152 420 1189 l'.
449 1157 583 1189 natum
618 1163 704 1189 esse
737 1153 886 1202 posuit,
926 1151 989 1189 bic
1028 1152 1092 1189 uix
1128 1157 1234 1190 16616
1264 1151 1341 1190 dici
1373 1165 1488 1203 posse
1527 1153 1712 1192 uideatur

175 1216 404 1256 adulescens
439 1222 477 1254 et
515 1222 640 1254 aetate
673 1217 941 1267 quaestorius,
977 1221 1110 1267 utpote
1144 1218 1221 1255 iam
1249 1216 1506 1267 quadraginta
1535 1220 1709 1269 quinque

175 1283 255 1321 sere
282 1294 403 1320 annos
433 1287 559 1320 natus.
593 1283 661 1332 qui
694 1288 823 1320 tamen
852 1294 965 1320 error
990 1294 1068 1320 non
1095 1288 1156 1320 631
1182 1288 1312 1320 13111113
1340 1288 1530 1333 quantum
1558 1297 1577 1322 a
1599 1283 1708 1322 Cice-

174 1360 267 1386 rone
283 1348 537 1386 commissum
559 1359 646 1385 esse
667 1359 869 1397 negemus,
884 1348 1119 1398 praesertim
1142 1360 1231 1386 cum
1251 1347 1372 1386 libros
1393 1347 1480 1386 illos
1503 1350 1710 1400 scripserit

174 1425 206 1451 3.
227 1414 309 1451 sere
329 1409 397 1451 54.
421 1409 506 1451 700
532 1424 661 1462 neque
688 1418 770 1450 tum
798 1413 1020 1450 accuratius
1049 1425 1137 1451 eum
1162 1413 1202 1450 in
1224 1412 1362 1451 Fannii
1383 1412 1446 1451 uel
1468 1413 1705 1452 Fanniorum

174 1490 236 1516 res
263 1478 517 1529 inquisiuisse
545 1490 590 1516 ex
621 1477 874 1528 dubitatione,
902 1490 1000 1528 (11136
1029 1477 1165 1516 (1666111
1193 1479 1306 1516 annis
1333 1484 1422 1529 post
1449 1480 1485 1517 ei
1511 1485 1614 1518 mota
1636 1486 1708 1531 est,

173 1542 458 1593 intellegamus.
505 1543 623 1581 etiam
644 1542 687 1587 Q.
710 1542 899 1581 Scaeuola
926 1548 1008 1581 tum
1036 1544 1112 1581 iam
1139 1544 1385 1582 tricesimum
1411 1556 1532 1582 unum
1560 1557 1706 1583 annum

173 1608 321 1659 agebat.

261 1673 367 1719 Quae
400 1686 488 1712 cum
522 1674 575 1711 ita
609 1675 704 1724 sint,
737 1679 776 1712 et
808 1686 897 1712 cum
931 1686 975 1712 63
1002 1675 1087 1724 ipsa
1114 1686 1296 1724 munera,
1330 1686 1428 1724 quae
1456 1674 1593 1713 Cicero
1620 1674 1705 1713 looo

171 1738 283 1777 Bruti
309 1751 337 1777 3.
359 1750 388 1777 3.
417 1737 510 1777 Gaio
536 1738 684 1777 Fannio
712 1738 797 1777 Gaii
824 1738 902 1777 filio
929 1738 1086 1788 tribuit,
1119 1751 1138 1776 3
1166 1738 1286 1777 Marci
1319 1739 1398 1777 filio
1432 1739 1704 1778 administrata

171 1815 258 1842 esse
297 1805 416 1842 certis
457 1804 696 1842 testimoniis
735 1804 1014 1854 conuincatur,
1054 1803 1256 1842 Ciceronis
1294 1803 1509 1843 uerborum
1548 1804 1704 1844 illorum

171 1870 400 1907 auctoritate
428 1868 648 1919 posthabita
674 1868 915 1908 Mommseno
943 1868 1040 1907 nihil
1067 1868 1221 1907 obstare
1250 1868 1524 1920 concedemus,
1554 1871 1704 1921 quomi-

170 1946 244 1972 nus
271 1946 368 1985 quae
396 1946 460 1972 res
487 1935 633 1984 optime
661 1934 707 1972 ab
739 1947 817 1973 uno
851 1934 1010 1972 homine
1044 1935 1129 1985 geri
1160 1940 1342 1985 poterant
1374 1934 1421 1973 ad
1454 1947 1576 1973 unum
1604 1936 1704 1974 refe-

171 1996 368 2051 ranturl),
402 2000 774 2050 consentiemusque
808 2000 929 2038 fuisse
957 1998 996 2037 C.
1018 1999 1211 2038 Fannium
1238 1999 1360 2038 Marci
1387 2000 1510 2038 silium
1544 2006 1582 2039 et
1612 2013 1703 2039 6011-

169 2063 339 2102 3111316111
367 2069 404 2102 61
429 2075 618 2114 generum
646 2064 767 2103 Laelii
795 2070 833 2103 et
858 2065 1105 2103 historicum.

266 2215 298 2256 1)
325 2212 513 2257 Originem
546 2213 833 2257 perturbationis
864 2213 1127 2248 Ciceronianae
1160 2214 1213 2248 ita
1244 2214 1447 2258 explicauit
1481 2215 1702 2251 Mommsen:

169 2268 341 2302 Putarim
361 2267 534 2309 Atticum,
560 2278 640 2301 cum
660 2268 798 2312 legisset
817 2268 918 2311 apud
940 2268 1144 2302 Ciceronem
1170 2268 1212 2302 de
1237 2269 1378 2303 duobus
1397 2269 1573 2311 Faunus,
1599 2271 1702 2304 certis

169 2321 391 2365 armamentis
418 2320 543 2355 allatis
575 2321 686 2355 amici
711 2332 864 2355 errorem
890 2322 1105 2364 conuicisse,
1137 2322 1272 2356 scilieet
1299 2323 1335 2357 C.
1356 2322 1552 2357 Fannium
1580 2323 1704 2357 Laelii

167 2385 334 2418 yenerum
366 2385 439 2408 non
470 2374 584 2416 fuisse
616 2374 801 2408 diuersum
827 2386 849 2407 a
878 2374 914 2409 C.
937 2375 1089 2409 Formio
1115 2386 1209 2409 cons.
1232 2387 1265 2409 a.
1289 2378 1367 2409 632.
1412 2377 1487 2410 iam
1518 2377 1595 2411 siue
1627 2377 1702 2420 ipse

169 2428 313 2461 Atticus
338 2428 392 2461 ita
417 2428 609 2470 scripserat
633 2427 713 2462 siue
737 2431 874 2462 tacente
899 2439 937 2462 eo
963 2428 1005 2462 de
1032 2429 1332 2471 praenominibus
1358 2431 1526 2473 paternis
1552 2431 1604 2464 ita
1631 2431 1703 2464 sibi

168 2481 291 2515 animo
316 2480 539 2522 informarat
565 2481 698 2522 Cicero,
727 2491 801 2515 non
827 2480 918 2516 (11103
946 2482 982 2516 C.
1005 2482 1043 2515 F
1042 2483 1176 2516 arznios
1200 2483 1315 2525 fuisse
1342 2482 1379 2516 C.
1400 2486 1432 2517 et
1453 2484 1508 2517 M.
1529 2484 1555 2525 f.
1580 2484 1700 2517 Cicero

167 2534 238 2568 sibi
256 2535 439 2578 persuasit
467 2534 528 2568 sed
560 2545 677 2568 unum
707 2535 823 2568 solum
852 2534 991 2569 Gaium
1017 2535 1208 2569 Fannium
1237 2535 1273 2570 C.
1299 2536 1325 2578 f.
1371 2540 1410 2570 at
1437 2536 1701 2581 redarguerunt

168 2586 207 2620 id
221 2590 346 2630 postea
365 2588 508 2621 inuenti
523 2587 722 2621 Fanniam
743 2588 828 2622 libri
847 2599 871 2621 a
885 2588 1005 2622 Bruto
1025 2589 1064 2622 in
1085 2588 1335 2632 compendium
1354 2589 1493 2624 redacti
1513 2600 1699 2632 rerumque

166 2641 372 2683 scriptorem
390 2640 502 2681 fuisse
523 2641 752 2675 ostenderunt
772 2652 846 2675 non
868 2642 905 2675 G.
919 2641 980 2676 sed
1002 2642 1056 2675 M.
1072 2641 1097 2683 f.
1131 2652 1244 2684 quare
1264 2641 1381 2677 denuo
1401 2653 1482 2676 eum
1502 2642 1699 2676 consuleret

169 2691 288 2727 Cicero
308 2693 499 2728 doctiorem
518 2695 686 2735 amicum,
712 2694 770 2728 hic
788 2694 846 2729 uel
866 2694 1051 2737 respondit
1070 2695 1128 2728 uel
1152 2699 1244 2729 certe
1261 2695 1472 2739 respondere
1498 2695 1630 2736 debuit,
1661 2695 1695 2728 C.

169 2745 360 2780 Fannium
378 2746 491 2788 sitisse
509 2758 589 2781 cum
609 2748 759 2781 unicam
778 2751 853 2781 tum
876 2748 944 2790 M„
970 2758 1044 2782 νιοη
1066 2748 1102 2782 Ο.
1122 2748 1149 2790 f.
1176 2749 1298 2792 itaque
1316 2749 1459 2782 sublato
1478 2749 1609 2790 ficticio
1637 2748 1697 2781 illo

170 2798 205 2833 C.
228 2797 377 2833 Fannio
405 2799 442 2833 (J.
468 2800 494 2842 f.
522 2811 594 2835 rem
624 2801 732 2842 facile
764 2800 938 2843 coepediri.
988 2801 1214 2834 Mommseno
1251 2800 1365 2834 etiam
1398 2800 1437 2834 E.
1460 2799 1694 2834 Kornemann

169 2851 262 2892 (Zur
284 2851 486 2887 Gescln'chte
505 2853 567 2887 der
590 2853 852 2887 Graechenzeit.
888 2854 989 2888 Klio.
1023 2854 1148 2888 Ja’rstes
1168 2854 1314 2897 Betheft
1334 2854 1606 2900 (IerffBeitraeye
1630 2864 1698 2887 zm·

1308 2912 1411 2945 8111*
