2002 3342
128 1263 194 1293 186

126 1312 195 1353 568

119 1784 193 1836 Q

123 1845 191 1875 570

233 200 318 241 268
872 200 1132 242 RELIQVIAE

232 310 395 348 Romani
429 312 708 361 propagauerit
740 312 779 349 in
813 311 971 349 ultimos
1005 317 1200 350 terrarum
1228 314 1343 364 lines,
1378 326 1509 363 regem
1537 313 1768 366 Eumenem,

231 375 420 425 Rhodios,
455 375 549 413 alias
577 381 632 414 tot
658 377 771 414 Asiae
797 376 917 415 urbes
945 376 1167 415 deuinxerit
1200 378 1332 429 populi
1359 378 1522 418 Romani
1549 378 1766 431 beneficiis,

230 440 420 490 plurimos
450 440 569 478 duces
597 440 768 480 hostium
796 443 835 479 in
864 441 1063 492 triumpho
1093 441 1230 481 ductos
1257 455 1414 481 carcere
1443 443 1659 495 incluserit,
1686 457 1762 483 non

229 517 438 555 passurum
473 507 578 544 inter
610 506 743 544 hostes
771 507 903 557 populi
930 506 1094 545 Romani
1123 506 1180 557 [L.
1204 507 1445 558 Scipionem]
1474 510 1512 546 in
1540 521 1698 548 carcere
1726 515 1764 548 et

227 570 398 608 uinculis
426 582 531 621 esse,
563 572 745 622 mittique
780 584 868 610 eum
903 584 943 610 se
979 571 1126 611 iubere.
1171 578 1277 611 tanto
1305 572 1474 611 adsensu
1502 573 1675 612 auditum
1705 580 1763 613 est

229 634 449 684 decretum,
477 635 572 674 adeo
602 636 810 675 dimissum
832 638 1055 688 Scipionem
1083 637 1175 676 laeti
1201 637 1380 676 homines
1403 638 1601 689 uiderunt,
1627 645 1670 678 ut
1695 640 1761 678 uix

229 701 269 738 in
291 699 426 738 eadem
454 702 612 739 ciuitate
633 701 840 740 uideretur
866 702 1010 741 factum
1032 702 1234 741 iudicium.
1274 704 1314 741 in
1335 703 1434 741 bona
1457 703 1596 742 deinde
1618 703 1657 742 L.
1679 704 1761 742 Sci—

225 766 356 816 pionis
382 777 611 816 possessum
633 766 788 817 publice
810 773 1040 818 quaestores
1067 774 1224 818 praetor
1247 769 1366 807 misit.
1405 781 1531 819 neque
1553 770 1592 807 in
1612 770 1661 807 iis
1682 782 1759 808 non

224 829 339 868 modo
371 832 585 881 uestigium
619 831 742 871 ullum
777 834 995 883 comparuit
1022 835 1212 883 pecuniae
1240 835 1389 884 regiae,
1419 833 1487 872 sed
1514 846 1760 884 nequaquam

226 901 377 934 tantum
410 895 613 935 redactum
648 903 707 936 est
741 904 907 948 quantae
941 911 1116 937 summae
1145 897 1348 936 damnatus
1375 898 1512 936 suerat.
1552 898 1689 938 collata
1716 912 1759 938 ea

224 962 392 1011 pecunia
425 960 472 999 ab
507 964 683 1012 cognatis
716 965 932 1014 amicisque
960 969 998 1002 et
1030 963 1240 1002 clientibus
1268 968 1327 1001 est
1353 962 1393 1001 L.
1416 963 1608 1015 Scipioni,
1639 970 1700 1015 ut.
1727 966 1758 1003 si

224 1027 423 1077 acciperet
456 1038 559 1077 eam,
593 1027 829 1079 locupletior
855 1029 1053 1080 aliquanto
1081 1034 1203 1079 esset,
1236 1041 1350 1079 quam
1385 1034 1473 1067 ante
1501 1028 1757 1068 calamitatem

223 1092 362 1130 suerat.
402 1091 499 1130 nihil
530 1094 698 1146 accepit3
727 1106 825 1144 quae
851 1095 1075 1133 necessaria
1102 1093 1149 1132 ad
1171 1093 1319 1132 cultum
1347 1099 1467 1144 erant,
1495 1093 1694 1145 redempta
1723 1096 1758 1133 ei

223 1168 243 1194 a
270 1157 460 1207 proximis
488 1159 668 1208 cognatis
698 1165 807 1211 sunt3
833 1165 1086 1210 uerteratque
1109 1159 1336 1210 Scipionum
1364 1158 1511 1198 inuidia
1539 1161 1578 1197 in
1605 1166 1758 1210 praeto·

223 1233 307 1260 rem
335 1227 374 1260 et
400 1222 607 1261 consilium
636 1225 720 1262 eius
747 1229 786 1262 et
812 1230 1071 1263 accusatores.

311 1282 389 1326 46.
423 1288 512 1326 ζέει.
534 1288 602 1336 39,
620 1289 741 1337 22‚8.
782 1289 821 1328 L.
845 1290 977 1341 Scipio
1005 1289 1117 1328 ludos
1145 1302 1190 1328 eo
1217 1295 1407 1340 tempore,
1434 1302 1530 1340 quos
1557 1289 1659 1328 hello
1678 1291 1755 1328 An-

222 1351 341 1390 tiochi
377 1353 536 1391 uouisse
575 1365 661 1392 sese
700 1354 871 1405 dicebat,
908 1368 953 1393 ex
991 1355 1129 1393 collata
1162 1354 1209 1393 ad
1242 1354 1281 1393 id
1313 1355 1478 1406 pecunia
1513 1354 1559 1393 ab
1597 1354 1755 1406 regibus

220 1416 527 1468 ciuitatibusque
555 1430 627 1469 per
649 1419 732 1458 dies
755 1419 890 1458 decem
912 1421 1015 1459 fecit.
1055 1420 1226 1471 legatum
1248 1432 1337 1458 eum
1357 1425 1446 1470 post
1468 1419 1754 1459 damnationem

221 1488 260 1520 et
284 1482 385 1521 bona
410 1482 570 1521 uendita
602 1485 765 1523 missum
793 1487 833 1523 in
854 1486 984 1524 Asiam
1012 1485 1059 1524 ad
1088 1484 1306 1523 dirimenda
1333 1486 1437 1523 inter
1456 1485 1690 1524 Antiochum
1718 1491 1756 1524 et

219 1547 435 1586 Eumenem
464 1560 576 1598 reges
604 1551 821 1589 certamina
848 1550 1025 1589 Valerius
1052 1551 1186 1589 Antias
1215 1556 1274 1589 est
1299 1555 1452 1602 auctor3
1486 1555 1568 1588 tum
1595 1549 1754 1590 collatas

221 1613 256 1651 ei
282 1614 472 1664 pecunias
502 1621 841 1667 congregatosque
868 1628 940 1667 per
958 1616 1089 1654 Asiam
1117 1616 1300 1666 artifices,
1327 1621 1366 1653 et
1386 1627 1552 1665 quorum
1573 1614 1753 1654 ludorum

219 1684 309 1729 post
334 1678 498 1728 bellum,
531 1680 571 1717 in
607 1692 683 1730 quo
709 1687 822 1719 uotos
851 1681 1018 1733 diceret⁷
1051 1682 1291 1719 mentionem
1319 1693 1396 1718 non
1424 1681 1598 1732 fecisset,
1633 1680 1678 1719 de
1704 1682 1753 1719 iis

219 1749 309 1793 post
333 1742 568 1793 legationem
598 1743 754 1784 demum
781 1747 821 1784 in
849 1751 986 1784 senatu
1014 1752 1155 1784 actum.

307 1804 383 1848 47.
416 1808 505 1847 Liu.
527 1809 595 1857 39,
612 1811 680 1859 41,
696 1812 733 1849 5.
774 1810 999 1850 Secundum
1024 1812 1180 1849 comitia
1202 1822 1410 1849 censorum
1433 1809 1615 1849 consules
1641 1823 1751 1862 prae·

218 1879 402 1924 toresque
430 1875 469 1911 in
496 1875 724 1924 prouincias
750 1876 917 1927 profecti
944 1881 1101 1927 praeter
1127 1875 1169 1921 O.
1191 1875 1395 1926 Naeuium,
1425 1888 1541 1926 quem
1569 1880 1753 1926 quattuor

216 1951 294 1977 non
320 1940 452 1977 minus
478 1950 650 1990 menses,
678 1942 908 1992 priusquam
935 1942 975 1979 in
998 1940 1219 1979 Sardiniam
1246 1942 1334 1990 iret,
1361 1942 1612 1991 quaestiones
1631 1953 1750 1979 uene-

216 2004 313 2055 ficii,
343 2016 508 2055 quarum
535 2016 718 2055 magnam
746 2012 898 2057 partem
925 2012 1034 2044 extra
1063 2006 1203 2045 urbem
1230 2018 1302 2057 per
1326 2006 1541 2056 municipia
1568 2005 1750 2044 concilia-

308 2155 342 2187 y.
370 2144 513 2179 Eadem
539 2156 583 2180 επ·
609 2146 724 2180 ,Εἰἀίο
751 2146 830 2188 (per
855 2145 1029 2188 Dionem)
1057 2145 1158 2188 apud
1182 2145 1317 2180 Zonar.
1339 2147 1373 2187 9,
1387 2147 1445 2179 20.

308 2189 374 2225 46.
410 2192 463 2234 Cf.
492 2193 590 2227 Plin.
618 2195 682 2235 33,
702 2194 794 2226 138.-
827 2191 991 2236 Populus
1026 2191 1216 2226 Romanus
1255 2192 1389 2236 stipem
1420 2201 1594 2236 spargere
1626 2191 1753 2235 coepit}

215 2237 275 2282 Sp.
296 2237 485 2273 Postumio
513 2239 553 2282 Q.
575 2239 715 2274 Marcio
742 2251 845 2283 coss,
882 2241 989 2274 tanta
1017 2239 1251 2274 abundantia
1275 2239 1457 2284 pecuniae
1483 2240 1574 2281 erat,
1600 2241 1641 2272 ut
1667 2249 1748 2272 eam

214 2285 398 2320 conferret:
423 2286 460 2320 L.
484 2286 664 2331 Scipioni,
690 2298 733 2321 ex
759 2297 833 2330 qua
857 2286 888 2321 is
915 2286 1023 2321 ludos
1050 2286 1150 2321 fecit.

308 2332 372 2368 47.
400 2334 529 2368 Etiam
557 2346 648 2379 quae
667 2339 870 2379 sequamur
889 2335 992 2379 apud
1012 2335 1167 2369 Liuium
1187 2335 1228 2369 in
1247 2345 1286 2369 eo
1305 2345 1382 2378 cap.
1404 2345 1448 2368 ea:
1467 2333 1584 2368 eodem
1604 2337 1751 2368 auctore

212 2390 284 2415 esse
308 2386 454 2425 sumpta
480 2382 668 2425 uidentur,
694 2387 735 2416 ut
761 2383 869 2417 etiam
894 2383 1011 2417 multa
1036 2383 1077 2416 in
1096 2383 1178 2427 ipsa
1198 2382 1492 2417 Bacchanalium
1511 2381 1749 2425 descriptione

214 2429 308 2470 (cap.
328 2431 476 2473 8—19).

304 2560 323 2594 1
354 2560 638 2609 propagauerit
659 2559 763 2606 11109.
790 2559 1067 2608 prorogauerit
1088 2570 1112 2602 ς
1198 2560 1223 2595 4
1244 2558 1286 2596 L.
1303 2557 1525 2607 Scipionem
1546 2558 1704 2605 quidam
1722 2570 1748 2601 ς

210 2618 389 2654 omittunt
479 2620 516 2655 4.
534 2621 557 2656 5
586 2620 625 2656 et
650 2619 691 2656 in
717 2619 888 2656 uinculis
915 2621 987 2655 πεί.
1010 2618 1090 2656 edd.
1193 2619 1215 2656 6
1243 2617 1285 2655 L.
1313 2620 1401 2656 ame
1427 2616 1529 2666 Scip.
1558 2617 1645 2655 add.
1673 2620 1745 2655 vet.

212 2675 294 2713 edd.
403 2679 455 2715 10
483 2690 528 2714 ea
555 2678 610 2715 ccl.
631 2678 748 2715 Frob.
772 2681 806 2715 et
830 2678 990 2724 quidam
1017 2689 1041 2721 ς
1067 2677 1169 2720 add„
1198 2677 1268 2715 aliz·
1293 2688 1377 2722 om,
1403 2677 1474 2714 alia·
1499 2676 1569 2713 illa
1594 2677 1743 2719 habent,

210 2736 324 2772 'canta
349 2736 563 2774 Hemnaom
664 2739 713 2775 11
745 2737 958 2785 amicisque
983 2738 1090 2785 Moy.
1125 2736 1260 2774 amicis
1288 2747 1312 2780 ς
1418 2738 1469 2774 15
1497 2738 1747 2773 accusatores

208 2794 315 2842 Moy.
359 2798 624 2833 accusatorem
652 2806 677 2839 ς

299 2848 378 2902 47,
409 2856 462 2892 ‘25
490 2854 687 2893 Naeuium
708 2855 888 2902 plerique
915 2866 939 2899 ς
970 2854 1144 2892 menium
1170 2854 1231 2892 uel
1256 2866 1399 2892 naeum
1422 2856 1627 2902 pauciores

1781 914 1819 939 10

1777 1239 1814 1265 15

1775 1565 1812 1590 20

1772 1890 1809 1916 25·

1954 614 1966 689 ⁷⁸⁴·-
1947 348 1964 608 W.-
1947 334 1955 339 ι
1933 0 1970 322 ὐτ-Μ

1954 696 1965 783 ..μα-ο·
