2002 3342
157 170 194 206 L.
216 169 442 205 CORNELII
462 170 697 207 SISENNAE
719 171 905 206 HISTOR.
932 172 975 206 fr.
996 175 1192 207 137-143.
1216 193 1258 198 —
1278 173 1370 207 MIL.
1397 173 1439 207 fr.
1461 178 1550 207 1-9
1602 173 1687 214 297

249 280 353 324 143.
393 285 547 323 Charis,
569 283 841 333 1112199111'.
882 283 992 322 False
1027 283 1192 323 Sisenna
1225 283 1289 322 lih.
1317 314 1325 322 .
1348 314 1356 322 .
1378 314 1386 322 .
1409 316 1416 322 .
1444 297 1467 335 q
1498 283 1686 322 indic-ium

155 349 251 388 salse
280 349 436 388 sactum.

640 440 780 482 MILE
788 439 1011 482 SIARVM
1044 439 1201 482 LIBRI

245 522 286 564 l.
327 527 481 565 Charis.
499 526 581 576 21²·
600 526 684 564 194
699 527 748 564 K.
780 525 946 564 Sisenna
966 525 1206 564 Milesiarum
1228 526 1327 565 libro
1348 526 1451 565 XIII:
1478 526 1564 565 Nisi
1585 540 1688 565 ‹rom-

153 593 283 630 minus
312 590 534 641 excidisset,
560 592 696 642 quanti
724 588 893 629 dantur‘.>
928 592 1043 641 tanti,
1069 592 1197 641 inquit
1224 591 1444 643 Olumpias3
1471 591 1588 630 simul
1615 592 1688 630 hoc

117 669 131 693 ⁵
154 655 288 695 dicens
316 657 496 695 suauium
519 655 637 694 dedit.
665 679 719 682 —
748 653 791 695 2.
820 656 993 695 Tametsi
1014 669 1103 694 mox
1127 655 1247 694 idem:
1277 655 1409 694 ‘Proin
1432 656 1519 695 dato
1541 656 1689 707 aliquid

154 720 257 772 quod
285 721 389 760 domi
416 719 606 772 habebis'⁷
630 722 772 772 inquit,
800 719 919 772 ‘quod
946 721 1018 760 tibi
1045 733 1123 759 non
1150 734 1289 772 magno
1317 720 1461 760 stabit’.

244 783 287 826 3.
326 787 444 826 Char.
467 787 555 836 2ρ.
576 787 724 826 19611'.
770 786 937 825 Sisenna
971 786 1212 825 Milesiarum
1247 786 1349 825 XIII:
1390 788 1597 826 confestim
1629 800 1688 826 se-

156 858 243 891 cuta
275 858 344 890 est.

243 913 286 957 4.
327 918 446 956 Char.
464 918 488 955 2
506 918 645 967 p.196
660 918 708 956 K.
744 917 910 955 Sisenna
925 916 1167 955 Milesiarum
1183 916 1285 955 XIII:
1314 917 1458 956 Eamus
1479 917 1526 955 ad
1548 919 1688 968 ipsum.

105 997 138 1022 10
158 988 273 1034 atque
301 984 385 1034 ipse
413 982 617 1021 commode
646 981 691 1021 de
718 987 828 1033 parte
857 983 1061 1033 superiore
1090 981 1363 1021 descendebat.

241 1045 285 1088 5.
324 1049 443 1087 Char.
466 1048 548 1098 Zp.
566 1048 652 1086 200
667 1049 716 1086 K.
751 1047 918 1086 Sisenna
933 1047 1174 1086 Milesiarum
1190 1047 1295 1086 XIII:
1316 1047 1370 1086 Te
1392 1048 1481 1085 istic
1502 1047 1692 1085 hesterno

153 1113 247 1165 quid
274 1113 450 1152 haesisse
477 1119 704 1164 oportuerat
729 1111 938 1152 Aristaee?

239 1174 284 1218 6.
324 1179 442 1218 Char.
460 1179 543 1229 2p.
559 1179 646 1217 207
661 1180 710 1217 A.
739 1178 904 1217 Sisenna
921 1178 1163 1217 MIlesiarurn
1179 1177 1283 1217 XIII:
1309 1178 1413 1223 Quid
1427 1190 1533 1216 nunc
1548 1179 1691 1216 ostium

152 1242 324 1295 scalpis?
363 1243 456 1295 quid
483 1245 760 1295 tergiuersaris
787 1256 860 1282 nec
887 1243 988 1282 bene
1015 1245 1172 1282 nauiter
1199 1242 1262 1282 is‘?

98 1323 131 1349 15
245 1306 286 1348 7.
327 1310 445 1348 Char.
467 1309 651 1359 2]).208
668 1311 716 1348 K.
758 1307 894 1347 ‘Nocte
921 1307 1117 1359 uagatrix’
1147 1322 1224 1347 non
1252 1314 1371 1348 noctu
1397 1308 1564 1347 Sisenna
1585 1308 1692 1346 Mile-

154 1376 301 1413 siarum
331 1373 429 1413 XIII.

244 1436 287 1478 8.
327 1441 446 1478 Char.
467 1440 652 1490 2p.209
673 1441 720 1479 K.
761 1439 927 1478 Sisenna
960 1439 1203 1478 Milesiarum
1236 1439 1340 1478 XIII:
1373 1438 1540 1478 Obuiam
1570 1440 1691 1478 uenit.

243 1502 288 1544 9.
327 1505 445 1544 Char.
461 1505 486 1544 2
500 1519 544 1556 p.
560 1506 647 1544 223
661 1506 710 1544 K.
751 1505 923 1544 Sisenna
943 1504 1185 1543 Milesiarum
1208 1504 1311 1543 XIII:
1332 1504 1379 1543 Vt
1400 1517 1490 1543 eum
1511 1506 1693 1556 paenitus

155 1576 268 1609 utero
297 1583 366 1608 suo
394 1572 555 1622 recepit.

246 1696 353 1752 143,
385 1704 404 1739 1
441 1701 508 1739 lib.
536 1715 570 1751 q.
598 1702 723 1750 Neap.
762 1701 862 1740 libro
896 1706 1038 1750 quarto
1074 1702 1129 1739 ed.
1149 1703 1277 1750 princ.
1316 1702 1417 1739 libro
1450 1702 1469 1738 I
1501 1701 1693 1739 iudicium

157 1772 231 1800 exc.
255 1761 398 1800 Cazwh.
435 1763 566 1809 prima
592 1762 713 1800 uerba
737 1762 787 1808 fr.
811 1761 999 1800 Sisennae
1025 1763 1169 1799 lacuna
1194 1762 1334 1799 hausta
1359 1763 1460 1799 sunt.

245 1881 497 1918 ,Milesiarum
521 1882 572 1928 fr.
592 1881 804 1919 Buecheler
831 1882 871 1918 in
897 1880 982 1918 edit.
1004 1882 1116 1918 tertia
1144 1876 1322 1918 Petronii
1340 1892 1382 1927 p.
1398 1881 1486 1917 237
1511 1881 1566 1917 sic
1591 1879 1692 1916 ordi-

157 1942 285 1978 nauit:
317 1941 355 1978 8.
378 1941 413 1978 9.
438 1942 472 1978 6.
495 1941 533 1978 3.
553 1941 592 1979 2.
615 1942 651 1977 4.
676 1943 710 1978 1.
735 1940 770 1978 5.
794 1942 873 1986 10;
898 1941 1102 1987 septimum
1128 1940 1210 1977 eius
1237 1943 1288 1977 est
1315 1939 1421 1986 apud
1441 1950 1499 1976 me
1523 1940 1573 1986 fr.
1598 1940 1692 1976 143.

249 1994 293 2050 1,
322 2000 358 2037 3.
376 2000 401 2036 4
428 1999 504 2037 nisi
531 1999 747 2037 comminus
775 2000 933 2048 excipis.
973 2001 1032 2037 set
1058 2000 1199 2048 quanti
1224 1999 1314 2036 Keil

249 2089 293 2144 5,
324 2096 374 2132 11
403 2072 645 2143 milesiargm
671 2094 794 2141 Neap.
845 2094 949 2132 istuc
974 2093 1098 2141 Neap.
1152 2094 1373 2142 hesternoq.
1400 2093 1546 2131 hesisse
1566 2092 1692 2140 Neap.

158 2154 340 2192 hesterno
377 2166 532 2203 quoque
566 2153 738 2192 haesisse
773 2154 980 2192 Putschz'us
1104 2154 1157 2190 12
1196 2154 1316 2203 ariste
1348 2152 1472 2200 Noas).
1511 2152 1693 2189 Aristaee

160 2213 366 2251 Putschius

251 2268 296 2323 6,
327 2274 378 2311 13
408 2285 449 2311 os
476 2274 590 2311 tuum
618 2273 702 2310 edit.
723 2285 786 2319 pr.

250 2328 295 2383 9,
320 2333 372 2370 18
400 2332 549 2370 sisinna
574 2332 698 2379 Neap.
761 2334 807 2368 ut
833 2343 920 2368 eum
947 2331 1069 2379 Neap.
1104 2333 1149 2369 ut
1176 2343 1263 2368 eum
1291 2331 1345 2368 ed.
1360 2342 1423 2378 pr.
1502 2331 1553 2367 19
1581 2334 1695 2367 utero

162 2392 334 2440 suscepit
360 2403 434 2430 exc.
455 2392 583 2429 Paris.
