2002 3342
311 191 486 220 Lxan
642 176 704 210 DE
732 175 1037 210 SCRIPTORVM
1064 175 1186 210 VITIS
1213 175 1275 210 ET
1302 175 1508 211 SORIPTIS

309 288 354 327 de
382 288 567 326 historiae
589 287 747 325 Latinae
768 291 929 338 parente
957 286 1140 337 loquitur,
1167 286 1270 337 quod
1296 299 1374 325 non
1397 286 1530 325 dubito
1552 288 1646 338 quin
1668 287 1837 339 fecisset,

309 355 341 391 si
367 353 529 391 Fabium
557 353 750 390 Pictorem
785 351 893 390 illum
921 353 1123 402 antiquum
1150 357 1307 402 praeter
1333 351 1501 390 Graecos
1534 351 1693 390 annales
1720 353 1836 391 etiam

311 418 466 456 Latinos
500 416 722 455 condidisse
750 417 950 467 sciuisset,
983 418 1101 455 immo
1131 416 1176 455 de
1203 423 1298 456 orat.
1321 414 1510 467 2,12,51
1541 422 1580 455 et
1606 414 1661 455 53
1688 418 1836 467 primos

309 496 441 522 rerum
468 482 731 520 Romanarum
759 483 973 533 scriptores
1001 494 1236 520 enumerans
1263 481 1323 520 bis
1351 487 1436 533 post
1461 481 1646 520 Catonem
1673 481 1837 521 Fabium

308 548 505 586 Pictorem
532 548 653 598 ponit.
690 546 744 584 ihi
771 548 875 585 enim
904 547 1081 586 Catulum
1111 548 1202 585 facit
1229 547 1442 597 dicentem,
1470 549 1612 586 summi
1639 560 1725 586 esse
1752 560 1837 587 ora-

309 614 404 651 toris
430 613 635 650 historiam
663 611 858 662 scribere,
883 618 927 650 ut
954 612 1091 650 Graeci
1119 614 1369 663 scripserint,
1397 614 1442 662 si,
1469 618 1511 650 ut
1537 612 1712 663 Romani,
1738 613 1837 652 nihil

308 690 405 729 opus
434 689 519 715 esse
547 682 720 727 oratore,
754 682 869 728 atque
896 677 1106 716 Antonium
1138 677 1234 716 haec
1263 677 1584 728 respondentem:
1617 679 1758 727 Atqui,
1788 692 1838 718 ne

307 749 464 782 nostros
491 748 738 789 contemnas,
775 744 922 781 Graeci
947 754 1103 791 quoque
1129 745 1205 791 ipsi
1229 745 1290 781 sic
1316 745 1431 781 initio
1457 745 1761 792 scriptitarunt,
1794 749 1838 782 ut

308 813 443 847 noster
469 808 576 856 Cato,
604 814 646 845 ut
668 809 818 856 Pictor,
846 813 889 846 ut
911 809 1014 846 Piso.
1048 813 1138 846 erat
1165 811 1266 847 enim
1293 809 1465 846 historia
1493 809 1596 846 nihil
1619 810 1735 846 aliud
1758 811 1839 847 nisi

309 875 517 912 (trinalium
545 873 755 921 confectio.
796 878 877 911 tum
905 878 1110 923 postquam
1138 885 1235 922 quae
1263 884 1381 923 supra
1408 882 1515 922 p.111
1542 874 1763 924 posuimuS,
1791 872 1837 912 de

308 937 513 976 annalibus
529 939 708 975 maximis
725 937 922 988 disseruit,
937 939 994 975 sic
1009 939 1153 988 pergit:
1178 938 1297 976 Hanc
1315 940 1617 976 similitudinem
1631 940 1839 978 scribendi

308 1006 421 1042 multi
445 1006 575 1042 secuti
599 1008 703 1051 sunt,
730 1006 800 1051 qui
824 1006 911 1041 sine
937 1005 1028 1041 ullis
1053 1006 1302 1041 ornamentis
1322 1008 1577 1041 monumenta
1596 1005 1722 1041 solum
1744 1008 1837 1042 tem-

303 1080 461 1117 porum,
486 1070 700 1116 hominum,
727 1070 906 1106 locorum
932 1073 1218 1116 gestarumque
1244 1079 1381 1106 rerum
1406 1070 1670 1116 reliquerunt.
1703 1071 1840 1117 itaque

307 1136 438 1181 qualis
466 1135 577 1182 apud
603 1134 779 1171 Graecos
800 1134 1068 1182 Pherecydes,
1094 1134 1341 1183 Hellanicus,
1368 1134 1558 1172 Acusilas
1579 1133 1661 1183 fuit
1688 1136 1838 1182 aliique

300 1201 508 1248 permulti,
536 1200 627 1236 talis
646 1203 783 1236 noster
809 1198 905 1236 Cato
933 1203 970 1236 et
992 1199 1131 1237 Pictor
1158 1203 1194 1236 ct
1215 1199 1319 1247 Piso,
1348 1201 1417 1247 qui
1442 1211 1571 1247 neque
1597 1204 1731 1237 tenent
1751 1202 1837 1247 qui-

309 1265 380 1302 bus
413 1265 532 1302 rebus
565 1268 733 1302 ornetur
766 1266 898 1302 oratio
933 1265 1067 1310 (modo
1103 1266 1206 1302 enim
1241 1265 1321 1302 leuc
1359 1267 1437 1302 ista
1468 1270 1561 1302 sunt
1599 1262 1836 1315 importata)

309 1334 346 1367 et
372 1330 464 1367 alum
492 1330 752 1376 intelleyatur
772 1329 871 1376 quid
896 1330 1046 1377 dicant,
1075 1341 1195 1366 unam
1217 1330 1382 1367 [licendi
1402 1330 1560 1367 laudem
1577 1335 1730 1378 putant
1756 1341 1839 1367 esse

308 1395 559 1432 breuitatem.
582 1415 635 1419 -—
666 1394 797 1432 Ceteri
824 1392 999 1443 [praeter
1018 1393 1281 1444 Antipatrum]
1310 1405 1387 1432 non
1416 1400 1682 1432 exornatores
1702 1406 1838 1432 rerum

307 1461 380 1498 scd
405 1464 559 1497 tantum
587 1460 701 1497 morlo
729 1463 969 1497 narratores
990 1459 1171 1508 fuerunt.
1206 1471 1280 1509 quo
1302 1458 1386 1496 loco
1406 1458 1588 1497 uidemus
1609 1458 1837 1497 Ciceronem

310 1529 346 1561 et
375 1523 420 1562 de
449 1524 505 1561 eis
538 1523 631 1561 solis
664 1523 864 1561 historicis
898 1535 1011 1574 agere
1045 1525 1113 1574 qui
1145 1523 1281 1562 Latine
1315 1525 1571 1575 scripserunt,
1605 1529 1643 1562 et
1674 1523 1838 1563 Fabium

309 1586 503 1627 Pictorem
531 1593 620 1639 post
641 1588 825 1626 Catonem
854 1588 975 1627 fuisse
1003 1589 1239 1627 existimare.
1274 1601 1391 1640 quam
1418 1590 1653 1628 sententiam
1681 1591 1837 1640 egregie

309 1653 496 1692 adiuuant
523 1665 565 1691 ea
594 1665 691 1704 quae
720 1655 759 1691 in
786 1653 906 1692 Bruto
931 1651 1063 1704 16,61
1095 1653 1141 1692 de
1170 1653 1314 1693 Catone
1341 1654 1490 1692 scribit.
1523 1659 1638 1705 negat
1665 1656 1769 1693 enim
1797 1667 1838 1693 se

311 1731 547 1770 quemquam
581 1718 725 1757 habere
759 1720 1039 1770 antiquiorem,
1079 1720 1190 1758 cuius
1230 1719 1387 1770 quidem
1423 1721 1568 1770 scripta
1604 1719 1838 1771 proferenda

309 1789 437 1835 putet,
470 1785 547 1822 nisi
574 1796 689 1834 quem
716 1784 815 1835 Appi
843 1784 957 1823 Caeci
989 1785 1112 1823 oratio
1140 1791 1177 1823 et
1203 1784 1444 1823 laudationes
1479 1784 1689 1833 delectent,
1722 1790 1837 1836 atque

310 1862 387 1887 non
415 1849 540 1887 solum
572 1850 768 1888 orationes
801 1849 870 1888 sed
903 1851 1050 1899 omnia,
1084 1862 1182 1900 quae
1210 1862 1390 1888 sermone
1423 1849 1598 1900 pedestri
1625 1852 1838 1901 composita

311 1919 460 1965 essent,
494 1927 583 1952 eum
615 1914 711 1953 haec
740 1914 934 1953 dicentem
968 1916 1007 1953 in
1041 1916 1169 1953 animo
1196 1914 1379 1953 babuisse
1406 1914 1497 1953 inde
1524 1920 1701 1966 apparet,
1735 1914 1838 1966 quod

310 1979 437 2030 paullo
470 1985 557 2030 post
591 1976 677 2033 (17,
699 1976 774 2033 66)
811 1981 927 2018 etiam
964 1981 1136 2030 origines
1167 1974 1329 2031 propter
1361 1980 1477 2018 flores
1511 1986 1548 2018 et
1581 1980 1726 2019 lumina
1760 1980 1838 2019 elo-

311 2046 493 2095 quentiae
519 2044 698 2096 plurihus
725 2044 865 2083 laudat.
900 2058 997 2096 quae
1020 2057 1108 2083 cum
1135 2047 1187 2084 ita
1209 2047 1298 2095 sint,
1325 2045 1372 2084 ad
1398 2046 1497 2084 hanc
1519 2047 1754 2084 sententiam
1780 2047 1838 2084 in-

311 2109 558 2160 fringendam
590 2109 688 2148 nihil
720 2109 884 2161 ualebit,
918 2110 1021 2161 quod
1054 2110 1191 2149 Cicero
1229 2110 1274 2148 de
1307 2110 1404 2161 legg.
1430 2110 1463 2161 1,
1479 2108 1558 2161 26
1592 2110 1665 2149 alio
1701 2110 1838 2149 ordine

311 2171 520 2213 historic0s
556 2175 726 2213 Atticum
764 2175 1013 2214 exhibentem
1053 2175 1221 2226 inducit,
1261 2175 1452 2226 facileque
1489 2177 1661 2214 inueniri
1700 2181 1838 2227 potest,

311 2239 415 2278 unde
450 2239 546 2278 haec
586 2239 795 2279 diuersitas
832 2240 1059 2291 explicetur.
1104 2240 1344 2291 persuadere
1381 2242 1485 2279 enim
1524 2240 1655 2279 studet
1688 2240 1838 2279 Atticus

312 2304 505 2355 Ciceroni,
531 2311 573 2343 ut
599 2305 786 2344 historiae
814 2318 973 2357 operam
1000 2312 1129 2356 nauet,
1157 2311 1195 2344 et
1223 2305 1492 2344 demonstrare
1519 2306 1592 2344 hoc
1618 2305 1838 2344 litterarum

312 2382 453 2421 genuS,
488 2370 590 2420 quod
623 2372 838 2409 oratorium
866 2383 952 2410 esse
985 2370 1209 2422 arbitratur,
1241 2383 1404 2422 prorsus
1431 2371 1568 2409 abesse
1594 2370 1738 2409 litteris
1764 2370 1838 2409 Ro-

312 2436 457 2473 manis:
485 2437 586 2473 Nam
603 2442 697 2485 post
719 2439 898 2485 (trinales,
926 2438 989 2487 ait,
1007 2439 1247 2486 pontificum
1269 2439 1547 2484 maximorum,
1575 2438 1718 2484 quihus
1737 2438 1841 2475 nihil

308 2506 438 2550 potest
465 2512 547 2539 esse
574 2503 750 2539 ieiunius
763 2498 808 2552 ¹),
835 2505 870 2540 si
897 2507 968 2540 aut
995 2503 1050 2540 acl
1067 2502 1237 2540 Fabium
1259 2503 1404 2540 autad
1429 2513 1528 2549 eum,
1555 2504 1624 2549 qui
1644 2503 1717 2539 tibi
1740 2513 1838 2540 sem-

308 2577 385 2614 per
411 2568 449 2604 in
480 2577 549 2604 ore
574 2572 648 2613 est,
681 2567 868 2605 Catonem
897 2572 967 2605 aut
994 2568 1050 2605 ad
1074 2567 1257 2605 Pisonem
1285 2572 1355 2605 aut
1382 2568 1438 2605 acl
1461 2567 1661 2604 Fannium
1689 2575 1758 2604 aut
1785 2568 1842 2605 ad

322 2631 569 2669 semitonium
590 2634 742 2679 uenias,
770 2644 1011 2680 quamquam
1031 2644 1082 2670 ex
1108 2633 1170 2670 leis
1190 2634 1297 2670 alius
1317 2634 1396 2670 alio
1414 2634 1510 2681 plus
1529 2632 1649 2670 habet
1675 2635 1838 2681 uirium,

312 2702 444 2734 tamen
472 2697 572 2743 quia
596 2702 676 2734 tam
703 2699 808 2735 exile
835 2709 953 2744 quam
980 2700 1048 2735 isti
1073 2699 1231 2735 omues?
1268 2696 1337 2735 ubi
1362 2709 1440 2735 non
1467 2696 1695 2734 interfuisse
1722 2697 1836 2733 Attici

410 2835 440 2877 1)
468 2833 521 2867 De
547 2834 617 2868 hac
645 2833 827 2878 scriptura
853 2833 926 2868 uid.
949 2845 974 2867 s.
997 2846 1030 2878 p.
1046 2846 1103 2868 xv.
