2002 3342
212 786 280 816 494

212 834 280 876 ‘260

209 1320 277 1350 250

209 1380 275 1410 504

316 178 399 220 144
945 177 1204 223 RELIQVIAE

312 291 455 330 Romae
483 291 679 341 regnauit,
707 292 805 329 situs
827 292 975 330 suisset.
1012 293 1051 330 in
1073 292 1209 331 eadem
1230 292 1351 332 libros
1379 294 1464 332 eius
1485 299 1661 344 repertos
1683 293 1721 333 P.
1744 294 1834 333 Cor-

312 356 413 395 nelio
442 356 480 394 L.
510 357 532 394 l'.
561 356 747 407 Cethego,
775 356 822 394 M.
844 356 987 395 Baebio
1014 357 1056 403 Q.
1080 358 1102 396 l'.
1125 357 1327 409 Tamphilo
1355 371 1451 398 coss,
1484 382 1531 386 -—
1563 372 1707 410 eosque
1732 373 1834 399 com-

311 422 447 460 bustos
474 435 493 460 a
520 421 563 466 Q.
585 421 723 460 Petilio
749 428 947 473 praetore,
981 423 1069 473 quia
1103 423 1371 474 philosophiae
1402 426 1546 475 scripta
1575 431 1716 463 essent.
1763 426 1834 464 hoc

311 487 414 526 idem
434 486 553 526 tradit
566 487 655 525 Piso
671 487 882 526 Censorius
903 489 1029 539 primo
1051 490 1434 540 commentariorum,
1456 490 1524 528 sed
1545 490 1663 528 libros
1685 497 1833 542 septem

310 554 407 591 iuris
434 553 627 603 pontificii
659 551 899 604 totidemque
926 553 1202 603 Pythagoricos
1229 554 1363 606 fuisse,
1389 555 1606 594 Tuditanus
1634 562 1833 607 quattuor·
1861 569 1874 594 5

310 617 436 656 decim
464 617 611 656 Numae
640 617 888 657 decretorum
916 618 1048 657 fuisse.
1077 641 1130 645 -—
1158 619 1265 658 Inter
1292 631 1427 657 omnes
1454 632 1549 658 uero
1571 622 1757 659 conuenit
1777 621 1834 659 Si-

308 682 451 734 byllam
484 682 531 722 ad
564 683 821 734 Tarquinium
855 683 1075 734 Superbum
1110 690 1190 722 tres
1223 683 1343 722 libros
1377 684 1581 736 adtulisse,
1614 698 1659 724 ex
1693 686 1834 736 quibus

309 748 384 786 duo
405 749 484 787 sint
511 750 674 787 cremati
695 748 741 787 ab
768 750 850 800 ipsa
859 779 869 799 ,
897 750 1036 787 tertius
1065 762 1152 788 cum
1175 746 1366 801 Capitolio
1388 749 1559 788 Sullanis
1580 750 1833 801 temporibus.

396 810 441 854 4.
488 816 633 853 Asson.
661 817 702 853 in
735 815 861 853 Cicer.
895 815 1049 853 Cornel.
1074 828 1117 864 p.
1141 815 1196 853 68
1217 817 1266 853 K.
1294 816 1351 853 60
1371 816 1426 854 Sl.
1466 816 1649 854 Ceterum
1676 816 1833 867 quidam

308 891 384 917 non
407 878 481 918 duo
503 879 683 918 tribunos
704 879 840 930 plebis,
868 885 910 917 ut
930 879 1067 918 Cicero
1090 880 1195 931 dicit,
1219 880 1288 919 sed
1309 882 1482 932 quinque
1505 881 1662 920 tradunt
1683 888 1833 921 creatos
1861 899 1894 922 ιο

308 951 389 983 tum
421 942 482 996 [in
516 951 648 984 monle
678 942 820 997 sacro]
859 957 963 996 esse,
1003 945 1177 996 singulos
1216 958 1262 984 ex
1299 946 1463 996 singulis
1497 945 1698 985 classibus.
1744 953 1835 985 sunt

308 1016 454 1061 tamen,
486 1011 552 1061 qui
586 1010 755 1048 eundem
787 1009 897 1048 illum
931 1009 1096 1049 duorum
1130 1023 1338 1050 numerum
1366 1023 1483 1061 quern
1513 1010 1650 1049 Cicero
1677 1018 1833 1063 ponant,

306 1076 410 1114 inter
431 1088 528 1126 quos
555 1075 773 1114 Tuditanus
801 1081 838 1113 et
865 1075 1101 1126 Pomponius
1128 1076 1279 1114 Atticus
1306 1075 1521 1127 Liuiusque
1548 1082 1693 1115 noster.
1728 1076 1833 1115 idem

305 1141 368 1179 1110
390 1147 429 1179 et
448 1140 665 1179 Tuditanus
687 1140 873 1191 adiciunt,
894 1146 974 1179 tres
995 1146 1200 1191 praeterea
1227 1141 1273 1179 ab
1299 1141 1377 1180 illis
1398 1141 1549 1180 duobus
1570 1141 1646 1180 sihi
1667 1141 1834 1193 collegas

305 1212 458 1245 creatos
499 1218 597 1245 esse.
649 1207 805 1244 nomina
846 1205 1029 1255 duorum,
1069 1207 1135 1257 qui
1174 1207 1292 1257 primi
1328 1208 1449 1246 creati
1483 1212 1590 1258 sunt,
1629 1207 1724 1245 haec
1755 1213 1832 1245 tra·
1861 1223 1891 1248 15

305 1271 469 1310 duntur:
497 1271 537 1309 L.
560 1271 732 1310 Sicinius
759 1270 799 1309 L.
822 1272 845 1308 f.
868 1271 1045 1322 Velutus‚
1073 1271 1112 1309 L.
1133 1271 1312 1310 Albinius
1339 1271 1378 1311 C.
1399 1272 1422 1310 s.
1444 1271 1684 1310 paterculus.

393 1333 751 1377 5ss.Gell.71‚Att.
774 1338 810 1386 7,
832 1338 870 1385 4,
890 1338 926 1376 I.
961 1336 1072 1382 Quod
1093 1338 1187 1375 satis
1208 1336 1363 1376 celebre
1384 1343 1444 1376 est
1468 1336 1514 1376 de
1535 1337 1650 1376 Atilio
1674 1337 1749 1375 Rev
1730 1337 1831 1388 gulo,

304 1401 342 1440 id
369 1403 597 1480 nuperrime
626 1403 817 1453 scriptum
844 1401 1010 1452 legimus
1038 1403 1077 1440 in
1099 1401 1284 1440 Tuditani
1305 1401 1434 1441 liblis:
1461 1402 1653 1453 Regulum
1675 1408 1831 1453 captum

399 1510 437 1545 4.
473 1511 550 1546 Vzd.
578 1511 652 1545 Pis
680 1511 726 1553 fr
747 1513 796 1546 23
821 1515 854 1545 et
878 1511 1002 1545 adnot.
1042 1511 1152 1545 Attie.
1178 1512 1226 1554 fr
1248 1514 1280 1545 3
1317 1511 1404 1545 Lice.
1425 1513 1460 1553 2,
1481 1513 1539 1553 33
1558 1514 1593 1547 2

398 1559 435 1593 5.
466 1560 519 1593 M.
548 1559 706 1593 Atilium
738 1558 919 1604 Reyztlum
945 1571 968 1593 α
1001 1558 1364 1603 Carthaffl'niensibus
1391 1559 1533 1604 uigiliis
1560 1560 1682 1602 (etiam
1704 1560 1830 1604 palpe-

303 1607 376 1641 bris
401 1607 541 1641 resectis
570 1606 640 1642 Cic.
669 1607 709 1639 m
732 1607 857 1641 Pison.
887 1608 943 1648 19,
964 1608 1025 1649 43)
1056 1610 1087 1640 et
1112 1606 1208 1649 fame
1233 1606 1425 1641 crudeliter
1449 1611 1616 1641 necatum
1641 1608 1715 1640 iam
1738 1607 1830 1642 Cice-

300 1656 402 1689 ronis
415 1658 529 1689 aetate
550 1664 620 1688 esse
638 1654 749 1698 uulqo
769 1653 944 1688 creditmn
963 1658 996 1688 et
1014 1657 1210 1688 narratum
1229 1665 1300 1688 esse
1319 1654 1443 1688 multis
1461 1655 1674 1689 testimoniis
1692 1659 1832 1689 constat

303 1702 394 1743 (uid.
417 1701 567 1737 Rohden
587 1701 630 1735 R.
646 1700 685 1736 E.
709 1703 763 1736 II
778 1704 948 1744 (12089).
980 1701 1075 1736 hane
1097 1702 1345 1736 crudelitatem
1369 1702 1507 1737 Tubero
1527 1702 1586 1745 (fr.
1605 1706 1644 1744 9)
1665 1707 1831 1744 auxerat,

301 1761 402 1793 quem
428 1750 566 1784 Liuius
595 1753 737 1784 secutus
768 1753 833 1790 est,
870 1750 914 1791 ef.
936 1749 1093 1793 pere'oeh.
1116 1752 1173 1783 18.
1214 1749 1321 1784 Eutr.
1348 1752 1390 1791 2,
1409 1752 1467 1784 25.
1508 1749 1612 1784 Flor.
1640 1753 1672 1792 1,
1693 1752 1752 1790 18,
1770 1752 1829 1784 23.

304 1797 402 1832 Otffos
424 1799 596 1839 4,1o,1.·
621 1796 709 1830 Post
734 1795 827 1830 haec
852 1795 941 1830 fessi
965 1797 1020 1830 tot
1045 1795 1153 1830 malis
1174 1776 1499 1841 Carthaginienses
1525 1797 1725 1840 petendam
1752 1808 1830 1831 esse

301 1856 322 1878 a
348 1844 524 1879 Romanis
550 1854 681 1888 pacem
707 1843 962 1878 decreuerunt.
1001 1843 1049 1877 ad
1076 1854 1189 1887 quam
1214 1855 1292 1878 rem
1315 1843 1472 1878 Atilium
1491 1843 1692 1889 Regulum,
1720 1846 1831 1878 antea

301 1893 433 1926 ducem
461 1892 684 1933 Romanuin
718 1902 827 1935 quem
853 1891 928 1925 iam
953 1901 1020 1935 per
1046 1891 1233 1935 quinque
1239 1902 1356 1925 annos
1383 1891 1573 1936 captiuum
1599 1891 1829 1933 detinebant

301 1939 397 1974 inter
416 1942 557 1974 ceteros
577 1939 723 1984 legatos
740 1938 939 1983 praecipue
959 1938 1184 1973 mittendum
1203 1941 1440 1983 putauerunt.
1481 1951 1590 1983 quem
1616 1950 1689 1974 non
1714 1939 1828 1983 impe-

300 1989 396 2021 trata
426 1997 519 2032 pace
551 1987 598 2021 ab
625 1986 731 2021 Italia
762 1997 950 2021 reuersum
976 1986 1124 2020 resectis
1155 1985 1344 2030 palpebris
1370 1986 1569 2031 inligatum
1594 1986 1632 2020 in
1658 1986 1831 2021 machina

300 2035 494 2079 uigilando
522 2035 760 2069 necauerunt.
808 2035 884 2068 Val.
908 2035 1014 2068 Max.
1042 2036 1082 2076 9,
1101 2037 1126 2069 2
1151 2038 1218 2069 ert.
1248 2037 1289 2068 1:
1317 2034 1647 2078 Karthaginienses
1673 2034 1829 2068 Atilium

300 2082 484 2128 Regulum
496 2081 698 2153 palpebris
724 2081 877 2116 resectis
896 2081 1107 2123 machinae,
1134 2081 1171 2114 111
1198 2092 1272 2125 qua
1291 2081 1455 2125 undique
1475 2082 1668 2126 praeacuti
1688 2081 1829 2116 stimuli

390 2184 434 2239 3,
464 2190 486 2226 5
515 2188 701 2227 uditanus
728 2188 839 2225 Letd.
854 2188 945 2226 Par.
961 2188 1003 2225 E
1022 2187 1134 2226 Vinci.
1243 2190 1277 2225 5.
1296 2188 1318 2225 6
1349 2188 1663 2236 quattuordecim
1690 2189 1828 2235 scripsi

299 2251 345 2296 cf.
360 2261 401 2295 p.
425 2260 553 2286 caan
571 2251 596 2286 4
622 2250 740 2286 tertio
768 2247 929 2285 decumo
953 2248 1063 2285 Mon.
1078 2248 1190 2285 Leia.
1204 2247 1295 2285 Par.
1312 2247 1353 2284 E
1370 2248 1566 2294 Detlefsen
1592 2250 1624 2284 et
1649 2248 1834 2296 IlIayleosJ'

299 2308 417 2346 XIIII
441 2309 545 2346 Ricc.
585 2310 728 2357 quarto
761 2307 923 2344 decumo
949 2306 1062 2355 lstlliy
1184 2307 1206 2343 6
1241 2319 1356 2344 11111110
1383 2307 1486 2344 Rz‘cc.
1508 2307 1622 2345 Vind.
1655 2320 1749 2344 num
1782 2319 1827 2344 ac

301 2368 414 2406 Lmtd.

388 2422 433 2478 4,
463 2428 516 2465 14
543 2426 733 2465 tudianus
759 2425 929 2474 (apoyr.)
955 2425 1140 2473 swam.)
1167 2429 1200 2463 et
1222 2424 1391 2474 (apogr.)
1410 2422 1583 2476 P(oyfflssi)
1611 2426 1825 2463 tuclitanus

298 2486 572 2534 M(ontepulc.)
634 2488 707 2524 tris
731 2487 769 2524 P
850 2485 924 2523 sibi
944 2485 1143 2534 Ktesslz'nq
1168 2488 1202 2523 et
1224 2485 1370 2523 &choen
1396 2485 1463 2533 qui
1482 2484 1512 2522 S
1536 2498 1612 2533 que
1638 2486 1692 2522 M
1706 2485 1831 2522 om.P

387 2545 535 2596 college
555 2545 643 2583 SM
688 2545 850 2594 duobus,
871 2544 942 2594 qui
962 2544 1136 2594 collegae
1156 2542 1316 2594 (essent,
1337 2556 1380 2582 ex
1399 2541 1504 2594 leffe>
1525 2546 1676 2582 creatos
1690 2544 1827 2592 Stangl

390 2618 441 2655 16
469 2612 531 2668 L.]
560 2616 611 2653 ·1·
631 2616 661 2654 S
700 2615 856 2654 Sicinus
875 2615 963 2653 SM
1000 2614 1051 2652 ·I·
1074 2615 1099 2652 f.
1119 2614 1150 2653 S
1187 2614 1368 2652 Bellutus
1393 2615 1603 2653 Manutius
1658 2615 1700 2654 L.
1715 2615 1825 2653 Albi-

299 2673 404 2727 nius]
425 2676 606 2723 Siyomzcs
637 2675 808 2713 labinius
828 2677 881 2713 M
908 2674 1134 2712 lauiniusP
1160 2674 1322 2712 libinius
1342 2674 1372 2712 S
1401 2674 1442 2712 L.
1459 2674 1596 2712 Tunius
1616 2676 1826 2713 Manutius

298 2739 344 2784 cf.
370 2736 546 2773 Niebuhr
571 2736 623 2774 H.
643 2737 691 2775 R.
712 2736 742 2773 I
754 2747 796 2783 10.
815 2737 899 2773 646

388 2791 433 2845 5,
463 2796 513 2831 17
543 2795 838 2842 Diserepanta'ae
864 2796 912 2832 ab
932 2793 1090 2831 Hertzio
1118 2805 1161 2830 ex
1185 2793 1276 2830 solis
1299 2792 1523 2841 tumeam)
1551 2796 1583 2831 et
1602 2793 1823 2841 Pam-istun)

296 2857 450 2893 notatae
473 2857 565 2891 sunt
