2002 3342
159 606 175 632 5

139 931 172 956 10

138 1256 170 1281 15

135 1581 169 1606 20

133 1907 166 1932 25

402 218 441 260 Q.
463 218 590 253 FABII
615 217 831 253 PICTORIS
858 215 1082 252 GRAECAE
1109 214 1377 250 HISTORIAE.
1417 214 1460 250 fr.
1483 218 1524 248 16
1671 214 1726 256 29

290 326 362 370 16.
396 331 560 378 Dionys.
592 330 627 379 7,
650 330 716 377 71,
739 329 775 368 1.
809 324 921 378 Ἐγώ
955 323 1013 375 δ’,
1053 324 1126 366 ἵνα
1157 326 1215 378 μή
1247 339 1310 373 τις
1343 323 1512 378 ἀσθενῆ
1544 324 1625 376 τὴν
1659 325 1728 365 πί-

199 403 296 433 στιν
328 387 440 433 εἶναι
472 392 637 444 ταύτην
668 389 868 445 ὑπολάβῃ
904 389 1026 444 [εἴτε]
1058 388 1150 430 κατ’
1181 387 1353 442 ἐκείνην
1384 389 1465 442 τὴν
1502 388 1727 429 ἀπίθανον

196 458 438 511 ὑπόληψιν,
466 457 531 498 ὅτι
558 457 721 505 παντὸς
746 461 824 497 τοῦ
845 454 1104 508 Ἑλληνικοῦ
1130 456 1424 507 κρατήσαντες
1450 453 1646 506 ἀσμένως
1672 454 1727 495 ἂν

196 523 247 562 τὰ
286 524 465 575 κρείττω
504 520 754 573 μετέμαθον
791 518 874 574 ἔθη
912 527 1001 561 τῶν
1043 519 1289 573 ἐπιχωρίων
1333 519 1637 572 ὑπεριδόντες,
1684 518 1725 568 ἐξ

197 586 365 629 ἐκείνου
392 588 628 640 ποιήσομαι
654 592 732 627 τοῦ
753 587 916 640 χρόνου
943 586 1023 638 τὴν
1043 583 1293 638 τέκμαρσιν,
1320 580 1382 625 ὅτ’
1408 584 1529 624 οὔπω
1551 584 1632 637 τὴν
1651 590 1727 637 τῆς

190 650 398 701 Ἑλλάδος
424 649 544 705 εἶχον
569 652 810 704 ἡγεμονίαν
836 650 941 691 οὐδὲ
967 651 1106 703 ἄλλην
1133 649 1393 690 διαπόντιον
1413 648 1625 703 οὐδεμίαν
1651 648 1726 702 ἀρ-

194 719 294 771 χήν,
328 719 502 773 Κοΐντῳ
532 718 681 773 Φαβίῳ
714 717 930 770 βεβαιωτῇ
963 713 1185 769 χρώμενος
1211 712 1282 755 καὶ
1310 713 1517 768 οὐδεμιᾶς
1543 711 1606 754 ἔτι
1633 714 1726 755 δεό-

193 797 324 835 μενος
349 785 534 831 πίστεως
561 780 723 835 ἑτέρας·
769 783 1059 829 παλαιότατος
1085 779 1169 833 γὰρ
1196 778 1306 832 ἀνὴρ
1328 786 1417 820 τῶν
1442 779 1494 819 τὰ
1514 777 1727 831 Ῥωμαϊκὰ

194 846 530 901 συνταξαμένων
556 845 628 888 καὶ
654 847 804 888 πίστιν
830 845 910 887 οὐκ
938 844 980 895 ἐξ
1008 839 1072 885 ὧν
1097 845 1258 898 ἤκουσε
1286 846 1425 896 μόνον
1451 842 1561 885 ἀλλὰ
1584 845 1656 886 καὶ
1683 843 1724 894 ἐξ

193 908 255 953 ὧν
281 912 412 962 αὐτὸς
439 915 550 965 ε”γνω
577 913 884 966 παρεχόμενος.

287 978 460 1031 Ταύτην
492 978 544 1031 δὴ
583 978 664 1031 τὴν
701 976 858 1030 ἑορτὴν
896 976 1140 1030 ἐψηφίσατο
1173 972 1254 1027 μὲν
1285 974 1310 1027 ἡ
1345 975 1483 1028 βουλὴ
1517 981 1605 1016 τῶν
1632 973 1726 1016 Ῥω-

191 1045 333 1094 μαίων
359 1043 498 1096 ἄγειν,
525 1043 583 1092 ὡς
608 1041 679 1083 καὶ
706 1043 924 1096 πρότερον
949 1039 1078 1095 ἔφην,
1105 1040 1212 1082 κατὰ
1238 1041 1314 1088 τὰς
1339 1039 1577 1093 γενομένας
1598 1040 1726 1094 εὐχὰς

190 1107 276 1149 ὑπὸ
297 1114 376 1149 τοῦ
398 1108 654 1161 δικτάτορος
675 1108 828 1148 Αὔλου
851 1107 1121 1159 Ποστομίου,
1146 1103 1206 1147 ὅτ’
1234 1107 1412 1159 ἔμελλεν
1433 1104 1725 1158 ἀγωνίζεσθαι

190 1173 299 1225 πρὸς
335 1173 411 1222 τὰς
450 1172 698 1221 ἀποστάσας
736 1174 941 1214 Λατίνων
981 1173 1127 1221 πόλεις
1171 1171 1377 1224 κατάγειν
1421 1169 1726 1224 ἐπιχειρούσας

198 1239 444 1290 Ταρκύνιον
471 1237 540 1279 ἐπὶ
566 1239 647 1292 τὴν
673 1238 828 1292 ἀρχήν·
874 1237 1153 1279 ἀναλοῦσθαι
1186 1235 1225 1277 δ’
1258 1235 1378 1286 ἔταξε
1407 1233 1508 1277 καθ’
1541 1235 1725 1277 ἕκαστον

191 1302 396 1345 ἐνιαυτὸν
428 1307 488 1352 εἰς
521 1319 565 1344 τε
597 1304 672 1352 τὰς
703 1304 866 1351 θυσίας
897 1301 967 1344 καὶ
995 1305 1099 1351 τοὺς
1126 1302 1299 1356 ἀγῶνας
1325 1301 1542 1355 ἀργυρίου
1568 1316 1723 1342 πεντα-

190 1369 338 1417 κοσίας
363 1377 490 1421 μνᾶς·
536 1369 606 1410 καὶ
632 1367 759 1423 μέχρι
784 1374 863 1409 τοῦ
895 1370 1155 1409 Φοινικικοῦ
1188 1366 1381 1420 πολέμου
1413 1365 1533 1407 τοῦτ’
1564 1364 1723 1408 ἐδαπά-

190 1449 280 1474 νων
307 1434 369 1482 ει’ς
394 1435 474 1487 τὴν
500 1431 668 1488 ἑορτήν.
720 1433 767 1475 ἐν
800 1430 847 1474 δὲ
880 1440 974 1482 ταῖς
1007 1434 1143 1487 ἱεραῖς
1175 1432 1353 1487 ἡμέραις
1378 1432 1557 1480 ταύταις
1582 1433 1723 1474 πολλὰ

189 1498 270 1551 μὲν
294 1499 365 1539 καὶ
390 1499 499 1540 ἄλλα
519 1499 686 1552 ἐγίνετο
708 1500 859 1553 νόμοις
872 1497 1146 1552 Ἑλληνικοῖς
1165 1498 1273 1539 κατά
1293 1512 1338 1539 τε
1358 1499 1723 1551 πανηγυρισμοὺς

189 1563 260 1604 καὶ
293 1562 430 1613 ξένων
461 1564 682 1618 ὑποδοχὰς
715 1563 787 1605 καὶ
820 1562 1074 1618 ἐκεχειρίας,
1108 1563 1134 1604 ἃ
1165 1564 1280 1605 πολὺ
1313 1562 1368 1603 ἂν
1401 1564 1533 1616 ἔργον
1564 1566 1630 1616 εἴη
1659 1561 1722 1604 λε’-

189 1641 301 1681 γειν·
346 1629 398 1670 τὰ
436 1629 485 1670 δὲ
522 1630 620 1682 περὶ
658 1631 837 1683 πομπήν
874 1645 919 1670 τε
957 1629 1029 1670 καὶ
1066 1633 1236 1670 θυσίαν
1274 1626 1344 1669 καὶ
1384 1628 1436 1669 τὰ
1474 1628 1581 1668 κατὰ
1619 1629 1722 1676 τοὺς

189 1693 362 1747 ἀγῶνας
388 1693 576 1750 (ἀπόχρη
603 1695 686 1748 γάρ
715 1694 760 1737 ἐκ
787 1695 958 1736 τούτων
989 1693 1060 1735 καὶ
1090 1695 1141 1736 τὰ
1167 1694 1224 1747 μὴ
1253 1692 1466 1747 λεχθέντα
1494 1691 1720 1748 ἐξετάζειν)

187 1758 350 1800 τοιάδε·

278 1827 385 1876 (cap.
415 1827 488 1874 72)
535 1823 655 1878 Πρὶν
693 1825 910 1878 ἄρξασθαι
951 1832 1040 1866 τῶν
1078 1824 1264 1878 ἀγώνων
1301 1824 1480 1877 πομπὴν
1514 1821 1721 1865 ἔστελλον

187 1895 278 1938 τοῖς
303 1894 427 1938 θεοῖς
452 1890 493 1931 οἱ
519 1891 600 1943 τὴν
625 1891 835 1944 μεγίστην
861 1892 1034 1944 ἔχοντες
1059 1888 1278 1942 ἐξουσίαν,
1307 1888 1389 1930 ἀπὸ
1417 1895 1495 1930 τοῦ
1517 1890 1720 1930 Καπιτω-

187 1956 285 1995 λιόυ
317 1970 363 1995 τε
399 1954 470 1995 καὶ
511 1953 566 1996 δι’
606 1955 769 2010 ἀγορᾶς
807 1956 988 2008 ἄγοντες
1027 1954 1096 1997 ἐπὶ
1134 1956 1212 1997 τὸν
1249 1954 1387 2009 μέγαν
1426 1954 1720 2008 ἱππόδρομον·

186 2019 377 2072 ἡγοῦντο
405 2020 453 2061 δὲ
479 2026 554 2073 τῆς
579 2027 752 2075 πομπῆς
777 2029 954 2075 πρῶτον
979 2018 1060 2075 μὲν
1092 2021 1134 2062 οἱ
1160 2021 1312 2069 παῖδες
1345 2020 1492 2061 αὐτῶν
1518 2020 1560 2060 οἱ
1585 2021 1720 2072 πρόσ-

186 2085 290 2136 ηβοί
317 2100 363 2125 τε
394 2084 466 2125 καὶ
499 2091 577 2127 τοῦ
609 2086 849 2138 πομπεύειν
882 2088 1054 2140 ἔχοντες
1079 2086 1273 2140 ἡλικίαν,
1311 2086 1456 2133 ἱππεῖς
1481 2082 1562 2138 μὲν
1588 2081 1651 2126 ὧν
1677 2084 1723 2125 οἱ

185 2148 365 2201 πατέρες
391 2152 607 2204 τιμήματα
635 2151 801 2192 ἱππέων
828 2146 967 2205 εἶχον,
999 2150 1118 2202 πεζοὶ
1152 2151 1200 2192 δὲ
1227 2151 1269 2192 οἱ
1295 2151 1527 2205 μέλλοντες
1553 2149 1601 2191 έν
1627 2157 1718 2198 τοῖς

282 2305 345 2341 16.
376 2307 491 2342 Οηηῗεί
515 2319 607 2351 quae
631 2308 674 2343 de
702 2307 841 2344 Graeco
873 2320 969 2343 more
999 2310 1153 2344 inseruit
1180 2310 1397 2354 Dionysius.
1447 2308 1509 2342 sed
1542 2309 1649 2342 etiam
1675 2319 1717 2343 ea

185 2365 277 2398 quae
302 2355 344 2388 de
370 2355 537 2390 Romano
564 2360 729 2398 enarrat,
764 2367 839 2390 non
864 2358 1006 2401 integra
1032 2368 1075 2391 ea:
1101 2357 1222 2391 Fabio
1248 2356 1474 2401 Dionysium
1500 2357 1716 2399 transscrip-

184 2403 272 2436 sisse
295 2402 357 2436 sed
383 2414 425 2437 eae
449 2414 515 2437 suo
541 2404 690 2438 consilio
718 2404 794 2437 alia
814 2405 1111 2448 praetermisisse,
1137 2405 1215 2438 alia
1240 2408 1306 2438 aat
1327 2404 1499 2447 pluribus
1525 2414 1718 2438 exornasse

186 2453 251 2483 aut
277 2449 404 2484 leuiter
433 2450 574 2493 fleoeisse
595 2455 677 2494 post
702 2452 796 2486 alios
820 2452 1029 2486 monuimus
1048 2463 1087 2496 p.
1105 2461 1254 2486 LXXVII.
1287 2451 1329 2486 de
1349 2452 1522 2495 impensis
1549 2450 1717 2485 ludorum

185 2507 264 2531 cum
290 2497 473 2542 Dionysio
499 2499 696 2533 consentire
723 2498 1087 2533 Pseudo-Asconium
1113 2500 1170 2542 (in
1196 2503 1263 2534 act.
1285 2500 1311 2532 Ι
1332 2499 1373 2533 in
1400 2499 1437 2533 0.
1467 2499 1565 2533 Verr.
1587 2509 1623 2542 p.
1646 2501 1718 2533 142

278 2626 353 2681 16,
384 2633 406 2669 2
433 2632 506 2671 εἴτε
532 2634 603 2671 del.
623 2634 773 2672 Portus.
807 2634 879 2672 εἴτε
905 2630 989 2672 κατ’
1012 2632 1134 2684 ἄλλην
1161 2634 1232 2673 εῖτε
1259 2629 1343 2672 κατ’
1366 2633 1521 2684 ἐκείνην
1545 2634 1716 2672 Simonis

184 2691 274 2727 Em.
295 2691 412 2728 Dion.
433 2692 516 2729 III
523 2705 564 2740 p.
583 2695 637 2730 10
736 2694 759 2731 8
788 2691 887 2745 ἀνὴρ
911 2695 1109 2741 Kiessliny
1141 2692 1161 2733 ὁ
1189 2692 1289 2744 ἀνὴρ
1319 2694 1419 2732 Oltis.
1452 2692 1553 2743 ἀνὴρ
1582 2693 1714 2731 Vrbin.

188 2751 239 2787 16
268 2748 357 2787 εἴτε
381 2751 480 2789 07ιί5.
545 2753 596 2790 19
625 2752 975 2803 πανηγυριασμοὺς
994 2753 1124 2791 Γνόἰη.
1190 2755 1244 2792 20
1270 2751 1499 2803 ἐκκεχειρίας
1523 2753 1653 2790 Vrbin.

185 2806 234 2845 ἂν
260 2807 373 2859 ἔργον
397 2810 528 2849 Vrbin.
562 2809 676 2862 ἔργον
696 2809 746 2849 ἂν
766 2815 830 2849 cet.
850 2812 955 2850 codd.
1047 2813 1099 2850 25
1129 2811 1269 2851 οὐσίαν
1295 2813 1515 2850 Blommsen
1540 2813 1601 2850 De
1627 2813 1713 2850 trib.

178 2881 220 2915 2).
245 2869 300 2905 66
422 2871 488 2907 27.
511 2872 564 2907 28
593 2869 632 2908 οἱ
656 2869 849 2922 πρόσηβοι
875 2872 1005 2910 Vrbin.
1033 2873 1241 2909 articulum
1267 2883 1338 2909 om.
1359 2875 1423 2910 cet.
1446 2872 1536 2910 libri

1753 301 1823 332 490

1754 361 1822 391 264
