2002 3342
547 157 582 192 C.
604 156 763 192 LICINII
790 155 940 191 MACRI
967 155 1204 190 ANNALES.
1243 155 1286 190 fr.
1310 160 1399 190 1—4
1652 155 1738 197 299

209 265 387 320 τρέφειν
414 267 516 315 τοὺς
543 263 626 306 ἀπὸ
654 271 731 306 τοῦ
759 265 878 318 ἄλφα
904 262 1085 319 ἔχοντας
1116 265 1165 306 τὸ
1193 264 1333 317 ὄνομα
1359 262 1430 305 καὶ
1459 264 1615 305 λοιπὸν
1642 263 1743 305 ἀκο-

209 332 386 380 λούθως
418 330 496 379 ἕως
523 336 601 371 τοῦ
629 331 880 371 τελευταίου
909 330 1171 383 γράμματος,
1204 329 1412 378 κελεύσας
1438 328 1511 370 καὶ
1537 330 1618 383 τὴν
1644 327 1743 370 ἑαυ-

208 402 285 438 τοῦ
311 398 558 449 σύγκλητον
578 394 743 449 θρέψαι
764 400 824 451 τῷ
845 394 962 450 αὐτῷ
984 396 1179 448 σχήματι.
1212 393 1283 435 καὶ
1305 392 1504 447 ἔθρεψαν
1523 393 1594 435 καὶ
1616 395 1742 436 αὐτοὶ

208 463 284 503 τὸν
305 462 493 513 στρατὸν
513 461 684 502 ἅπαντα
704 458 775 500 καὶ
797 459 875 508 οὓς
895 459 1148 513 ἐβούλοντο.
1183 460 1228 501 οἱ
1245 457 1327 501 οὖν
1348 458 1531 501 ἑκάστου
1547 459 1742 512 ἀριθμοῦ

171 551 186 575 5
206 527 453 580 πανὸοῦροι
480 525 563 567 ἀπὸ
592 524 775 578 ἑσπέρας
802 524 1005 573 ἀπιόντες
1032 526 1092 573 εἰς
1119 528 1220 574 τοὺς
1247 525 1396 574 οἴκους
1422 533 1511 566 τῶν
1534 526 1741 567 καλεσάν-

206 608 295 633 των
328 591 489 640 αὐτοὺς
521 589 585 632 ἐπ’
617 590 780 646 ἀρίστῳ
814 591 876 639 εἰς
908 591 989 643 τὴν
1022 588 1119 643 ἑξῆς
1150 591 1320 643 ηὔλουν
1350 591 1461 645 πρὸς
1494 591 1541 631 τὸ
1577 598 1743 644 γνῶναι

208 656 390 710 ἐκεῖνον,
417 657 483 698 ὅτι
509 654 609 709 παρ’
644 655 760 711 αὐτῷ
788 654 1027 708 τρέφονται
1054 655 1223 707 αὔριον.
1263 655 1336 696 καὶ
1362 655 1542 709 κατέσχε
1570 657 1617 696 τὸ
1638 654 1744 705 ἔθος

205 729 294 764 τῶν
320 723 613 776 Βρουμαλίων
647 721 694 762 ἐν
720 727 771 775 τῇ
794 718 1019 774 Ῥωμαίων
1048 720 1245 774 πολιτείᾳ
1272 718 1351 768 ἕως
1377 726 1453 773 τῆς
1478 725 1574 760 νῦν.
1613 726 1743 761 τοῦτο

207 785 254 829 δὲ
282 787 487 839 ἐποίησεν
514 786 536 828 ὁ
559 786 689 835 αὐτὸς
704 785 878 838 Ῥῶμος,
906 784 1054 826 θέλων
1075 783 1297 834 ἐξαλεῖψαι
1318 785 1398 838 τὴν
1419 783 1576 826 ἑαυτοῦ
1598 785 1743 839 ὕβριν,

154 878 186 901 1.)
207 853 274 894 ὅτι
310 853 356 894 οῖ
386 853 582 904 Ῥωμαῖοι
619 850 773 906 ἐχθροὶ
807 851 944 892 αὐτοῦ
978 851 1101 899 ὄντες
1133 849 1205 891 καὶ
1237 856 1472 903 μισοῦντες
1505 851 1641 892 αὐτὸν
1672 852 1743 892 καὶ

208 918 517 972 λοιδοροῦντες
542 914 711 970 ἔλεγον,
746 917 811 958 ὅτι
839 916 920 957 οὐκ
947 915 1078 970 ἐχρῆν
1108 914 1244 956 αὐτὸν
1276 916 1536 968 βασιλεῦσαι
1569 914 1744 969 ἐνυβρι-

206 981 370 1037 σμένον
391 984 512 1036 ὄντα,
539 983 652 1023 διότι
675 981 716 1032 ἐξ
739 981 984 1035 ἀλλοτρίων
1005 980 1258 1035 ἐτράφησαν
1279 981 1321 1021 οἱ
1343 981 1424 1022 δύο
1447 979 1642 1035 ἀδελφοί,
1665 980 1745 1030 ἕως

207 1045 259 1090 οὗ
292 1051 457 1096 τελειάς
488 1048 656 1101 ἡλικίας
689 1045 895 1100 ἐγένοντο
923 1044 994 1087 καὶ
1022 1044 1328 1099 ἐβασίλευσανἳ
1365 1048 1650 1099 σημαίνοντες
1678 1045 1745 1087 ὅτι

206 1113 291 1154 ὑπὸ
320 1119 398 1154 τοῦ
424 1113 632 1154 Φαύστου
658 1118 737 1154 τοῦ
765 1117 965 1165 γεωργοῦ
992 1111 1061 1152 καὶ
1089 1117 1163 1165 τῆς
1190 1111 1401 1164 γυναικὸς
1423 1110 1559 1152 αὐτοῦ
1588 1112 1746 1152 Λυκαί-

160 1202 190 1227 15
206 1195 285 1232 νης
312 1177 566 1233 ἐτράφησαν
593 1176 639 1219 ἐκ
666 1185 754 1220 τῶν
782 1176 1028 1231 ἀλλοτρίων
1048 1175 1291 1229 ἐσθίοντες,
1319 1176 1377 1225 ὡς
1397 1175 1744 1231 προγέγραπται·

207 1244 379 1293 ὄνειδος
407 1244 488 1297 γὰρ
516 1243 683 1298 ὑπῆρχε
710 1243 826 1296 παρὰ
842 1241 1066 1296 Ῥωμαίοις
1089 1240 1160 1283 καὶ
1181 1250 1286 1283 πᾶσι
1308 1247 1400 1290 τοῖς
1420 1240 1618 1297 ἀρχαίοις
1638 1242 1743 1283 ποτὲ

206 1309 254 1350 τὸ
283 1308 329 1351 ἐκ
355 1317 444 1350 τῶν
471 1309 715 1363 ἀλλοτρίων
741 1306 988 1363 τρέφεσθαί
1012 1323 1122 1349 τινα.
1163 1307 1273 1348 ὅθεν
1299 1304 1371 1347 καὶ
1399 1305 1446 1348 ἐν
1467 1312 1558 1355 τοῖς
1578 1318 1743 1360 συμπο-

207 1374 320 1423 σίοις
352 1381 444 1424 τοῖς
477 1373 730 1428 λεγομένοις
762 1376 956 1427 φιλικοῖς
989 1371 1169 1421 ἕκαστος
1201 1379 1291 1413 τῶν
1322 1371 1659 1427 συνερχομένων
1686 1374 1745 1421 εἰς

207 1440 255 1481 τὸ
284 1442 531 1492 συμπόσιον
558 1440 605 1480 τὸ
634 1440 751 1480 ἴδιον
778 1438 915 1480 αὐτοῦ
943 1441 1095 1493 βρῶμα
1122 1437 1194 1479 καὶ
1219 1439 1337 1492 πόμα
1363 1436 1461 1492 μεθ’
1490 1436 1649 1479 ἑαυτοῦ
1674 1454 1746 1479 κο-

160 1529 194 1553 20
208 1506 316 1559 μίζει
343 1505 415 1546 καὶ
442 1507 502 1554 εἰς
535 1505 765 1546 τὸκοινὸν
790 1505 933 1546 πάντα
959 1506 1250 1558 παρατίθεται
1274 1503 1346 1544 καὶ
1367 1502 1571 1544 ἐσθίουσι
1593 1505 1746 1557 κρατή-

208 1582 362 1620 σαντες
390 1572 436 1612 τὸ
466 1570 651 1625 ἀρχαῖον
678 1568 783 1619 ἔθος
809 1569 888 1618 ἕως
914 1576 988 1623 τῆς
1014 1575 1114 1622 νῦν,
1147 1569 1194 1609 τὸ
1228 1569 1285 1622 μὴ
1316 1566 1496 1609 ἀκούειν
1522 1567 1746 1622 ἀλλοτριο-

208 1635 354 1690 φάγοι.
394 1637 554 1678 τούτου
587 1636 715 1690 χάριν
750 1634 957 1688 ἐπενόησε
991 1640 1122 1676 τοῦτο
1156 1633 1178 1676 ὁ
1213 1633 1343 1682 αὐτὸς
1366 1631 1526 1685 Ῥῶμος
1558 1634 1666 1686 πρὸς
1698 1635 1745 1674 τὸ

207 1700 525 1750 ἑξιλεώσασθαι
551 1703 631 1754 τὴν
657 1701 791 1756 ὕβριν
819 1699 993 1751 ἑαυτοῦ,
1020 1698 1205 1748 καλέσας
1230 1698 1302 1739 καὶ
1322 1700 1370 1740 τὸ
1393 1700 1533 1753 ὄνομα
1553 1705 1631 1740 τοῦ
1653 1698 1747 1753 ἀρί-

208 1778 313 1808 στου
348 1767 561 1820 ῥωμαϊστὶ
588 1766 914 1821 βρουμάλιουμ,
949 1765 1100 1813 καθὼς
1132 1764 1154 1806 ὁ
1183 1765 1439 1819 σοφώτατος
1467 1765 1696 1813 Λικίννιος
1723 1764 1745 1806 ὁ

154 1855 185 1879 25
203 1830 423 1886 Ῥωμαίων
450 1830 759 1886 χρονογράφος
787 1830 972 1880 ἐξέθετο.

299 1896 338 1939 3.
379 1901 538 1939 Censor.
568 1901 604 1938 d.
635 1902 671 1938 d.
699 1912 736 1937 η.
765 1899 839 1947 20,
864 1899 898 1937 2.
945 1900 1101 1936 Annum
1133 1902 1359 1936 uertentem
1392 1897 1536 1935 Romae
1572 1897 1746 1936 Licinius

209 1964 366 2016 quidem
394 1965 523 2003 Macer
554 1970 591 2003 et
618 1970 753 2015 postea
780 1963 999 2003 Fenestella
1030 1964 1161 2001 statim
1189 1962 1235 2001 ab
1263 1963 1376 2001 initio
1405 1962 1611 2001 duodecim
1638 1975 1746 2001 men-

208 2043 294 2069 sum
323 2032 445 2069 fuisse
473 2031 729 2081 scripserunt,
757 2029 827 2068 sed
854 2031 978 2079 magis
1000 2028 1110 2067 Iunio
1133 2027 1360 2066 Gracchano
1383 2032 1421 2066 et
1442 2027 1580 2065 Fuluio
1602 2027 1747 2066 etvar—

209 2097 295 2134 roni
323 2102 357 2134 et
387 2096 574 2134 Suetonio
604 2095 768 2146 aliisque
796 2094 1057 2143 credendum,
1092 2095 1159 2144 qui
1188 2093 1323 2131 decem
1351 2105 1531 2131 mensum
1561 2098 1748 2143 putarunt

155 2181 188 2205 50
210 2162 343 2212 fuisse,
370 2167 412 2200 ut
439 2167 532 2200 tunc
559 2161 717 2199 Albanis
745 2165 840 2211 erat,
867 2159 971 2199 unde
1001 2160 1076 2197 orti
1103 2158 1279 2197 Romani.

298 2223 370 2267 4²³³.
404 2227 587 2266 Macrob.
609 2233 682 2265 sal.
701 2227 737 2274 l,
755 2226 821 2274 13,
841 2227 905 2263 20.
940 2224 1104 2270 Quando
1126 2230 1256 2263 autem
1279 2225 1450 2274 primum
1475 2222 1746 2261 intercalatum

305 2353 342 2388 4.
373 2354 539 2389 Concinit
571 2364 651 2387 cum
677 2354 722 2396 fr.
746 2355 778 2388 3.
819 2353 861 2386 de
892 2352 978 2386 aliis
1007 2351 1245 2396 opinionibus
1283 2350 1327 2391 cf.
1353 2350 1450 2384 Cass.
1471 2350 1517 2391 fr.
1537 2352 1591 2383 13.
1624 2348 1746 2382 Tudit.

208 2402 254 2444 fr.
273 2404 304 2435 7.
345 2403 432 2436 Ant.
454 2401 501 2443 fr.
523 2404 544 2435 5
564 2411 591 2434 c.
616 2405 685 2435 not.

301 2522 325 2558 4
362 2520 515 2558 ἅπαντα
549 2518 707 2565 ἕκαστος
744 2516 813 2564 οὓς
850 2516 1036 2568 ἠβούλετο
1078 2515 1217 2555 Chron.
1343 2516 1364 2551 5
1403 2513 1457 2560 εἰς
1490 2514 1580 2560 τοὺς
1614 2513 1747 2559 οἴκους

211 2577 390 2626 ἀπιόντες
410 2585 486 2617 τῶν
508 2577 735 2617 καλούντων
757 2575 826 2624 οὓς
846 2575 993 2626 ’ἤθελον
1021 2571 1079 2614 ἐπ’
1104 2573 1246 2629 ἀρίστῳ
1277 2574 1416 2612 Clzron.
1538 2575 1588 2611 13
1617 2571 1745 2620 ἐβασί-

211 2641 352 2677 λευσαν
383 2639 519 2677 Clzron.
560 2638 796 2689 βασίλευσαν
822 2637 1000 2674 Malam
1027 2635 1087 2682 (in
1115 2636 1170 2673 ed.
1195 2633 1332 2681 Oxou.)
1484 2635 1535 2670 14
1572 2633 1746 2670 Φαυστο-

145 2738 155 2743 χ
212 2697 329 2748 λόγου
358 2698 536 2736 Chronica·
562 2698 640 2736 cod.
664 2697 874 2734 Vaiicames
965 2696 1016 2732 24
1044 2693 1276 2745 βρουμάλια,
1304 2692 1325 2730 ὅ
1352 2690 1453 2730 ἐστιν
1480 2697 1678 2742 τραφῆναι
1705 2690 1746 2730 ἐκ

212 2762 288 2794 τῶν
315 2755 526 2807 ἀλλοτρίων
551 2754 689 2802 καθὼς
718 2757 855 2795 Cleron.

303 2811 346 2855 3.
378 2816 435 2863 Cf.
463 2817 612 2855 Fenest.
639 2817 689 2863 fr.
712 2817 748 2853 3.
790 2815 869 2852 Vol.
891 2815 946 2851 II
961 2826 1001 2861 p.
1027 2815 1080 2850 79
1205 2813 1272 2849 27.
1290 2813 1342 2850 28
1372 2812 1564 2849 mensium
1592 2810 1675 2848 Vat.
