2002 3342
290 209 413 239 CLXX
623 194 686 229 DE
715 193 1021 228 SCRIPTORVM
1048 193 1172 228 VITIS
1200 193 1261 228 ΕΤ
1287 193 1496 228 SCRIPTIS

288 319 423 345 ueram
464 307 568 344 eruit
605 304 706 343 Roth
743 300 803 357 (in
836 317 935 343 mus.
963 304 1086 343 Rhen.
1113 317 1151 343 n.
1172 304 1254 342 VIII
1280 317 1317 355 p.
1339 299 1465 358 615),
1505 316 1593 343 curn
1633 304 1827 343 scriberet

294 373 465 420 Conqus,
492 382 591 421 quae
613 369 836 408 emendatio
859 371 1114 408 confirmatur
1135 369 1295 408 scholiis
1316 368 1590 420 Bobiensibus,
1616 370 1657 408 in
1684 369 1826 420 quibus

288 437 397 475 hisce
418 436 552 475 uerbis
573 435 682 474 locus
702 434 767 473 ille
788 434 1019 473 Plancianae
1041 434 1277 485 explicatur:
1304 464 1408 473 .....
1431 437 1560 483 iqitur
1579 437 1621 473 in
1646 435 1825 473 Cassium

284 502 401 551 faeta
429 501 483 540 M.
510 501 662 539 Tullius
686 505 820 549 negat,
840 502 1048 549 populum,
1075 502 1120 539 id
1144 505 1202 538 est
1228 502 1379 548 uulqus
1403 502 1694 549 imperitorum,
1721 501 1825 538 iudi-

289 579 388 606 care
404 569 603 616 paenitus
629 567 678 604 de
700 565 887 614 familiae
914 567 1106 604 clarioris
1133 566 1344 603 nobilitate
1360 567 1562 614 potuisse,
1596 571 1640 603 ut
1665 567 1829 604 nonnisi

280 634 504 681 peritiores
524 633 739 669 uetustatis
760 636 797 669 et
818 633 888 679 qui
908 633 1192 678 antiquitatem
1205 642 1287 679 per
1306 631 1500 669 historias
1520 632 1706 678 leqerint,
1726 631 1829 668 haec

288 700 396 736 seire
417 698 616 746 facillime
632 699 804 745 possint.
845 701 966 744 atque
993 697 1083 734 ideo
1108 697 1348 734 mentionem
1375 696 1499 734 Conci
1519 696 1684 734 uidetur
1703 698 1828 734 inter-

280 765 478 812 posuisse,
499 764 569 810 qui
586 774 667 811 per
688 763 789 800 illud
809 767 962 809 tempus
983 762 1227 809 decesserat,
1254 761 1368 799 homo
1391 763 1579 799 curiosus
1598 766 1636 799 et
1657 762 1831 809 diliqens

290 829 497 866 eruendae
523 829 749 866 uetustatis
794 838 888 864 nam
914 827 1134 864 historicus
1154 855 1282 864 .....
1309 820 1481 877 (reliqua
1507 821 1829 877 interciderunt).

291 892 460 943 denique
488 904 578 930 eum
606 904 652 930 ex
678 891 881 930 Iuniorum
911 889 1055 928 familia
1082 891 1276 940 originem
1305 889 1462 928 duxisse
1488 896 1527 928 et
1547 890 1668 928 fuisse
1689 889 1831 928 Lucilii

291 963 415 996 aetate
451 957 639 995 discimus
674 969 719 995 ex
754 968 875 994 uersu
909 954 1078 1006 quodam
1114 954 1221 993 illius
1254 960 1392 1006 poetae
1426 967 1445 993 a
1479 954 1669 993 Cicerone
1703 955 1831 1005 citato,

291 1029 374 1061 tum
403 1035 422 1061 a
450 1022 576 1060 Plinio
604 1018 700 1075 (nat.
728 1021 818 1059 hist.
845 1020 967 1071 praef.
998 1016 1041 1074 T)
1070 1026 1245 1070 seruato,
1273 1033 1349 1071 quo
1376 1020 1533 1058 Iunium
1561 1020 1738 1071 Congum
1763 1033 1831 1071 po-

292 1089 491 1127 tissimum
529 1092 572 1125 ut
606 1099 750 1125 uersus
787 1098 878 1124 suos
913 1085 1032 1136 legat,
1070 1086 1217 1136 expetit
1244 1082 1310 1138 (cf.
1332 1085 1434 1123 Roth
1461 1084 1484 1123 l.
1507 1097 1535 1123 s.
1559 1098 1587 1123 s.
1615 1098 1651 1136 p.
1674 1082 1758 1124 613
1775 1097 1830 1136 sq.

291 1153 352 1192 Fr.
374 1153 482 1191 Marx
510 1153 638 1191 Lucil.
665 1152 681 1190 I
714 1165 750 1203 p.
773 1149 840 1190 41.
875 1151 907 1189 II
933 1164 969 1202 p.
991 1148 1078 1189 220
1093 1146 1208 1203 sqq.)
1260 1151 1394 1189 nancti
1429 1151 1551 1201 igitur
1586 1162 1722 1189 sumus
1763 1162 1831 1189 no-

292 1231 386 1257 uum
427 1224 465 1256 et
504 1218 769 1268 antiquarium
810 1222 848 1255 et
886 1217 1119 1254 historicum
1159 1216 1342 1254 Iunium
1391 1215 1614 1267 Congum,
1654 1215 1832 1254 Cassium

293 1283 525 1334 Longinum,
554 1282 757 1321 Ciceronis
785 1281 1000 1332 aequalem,
1029 1282 1245 1320 amisimus.

369 1349 558 1399 'Denique
586 1348 626 1386 L.
650 1348 808 1386 Cassius
831 1347 1044 1386 Censorius
1071 1346 1230 1397 quidam
1258 1348 1399 1385 citatus
1428 1352 1487 1384 est
1512 1348 1553 1384 in
1581 1346 1742 1385 scholiis
1762 1346 1833 1384 Ve-

294 1413 530 1452 ronensibus
554 1408 619 1466 (fr.
642 1408 701 1466 5),
729 1414 797 1463 qui
823 1412 932 1451 locus
961 1425 1006 1450 ex
1036 1411 1148 1450 docta
1176 1411 1304 1462 aliqua
1333 1411 1597 1462 disputatione
1624 1417 1834 1463 excerptus

293 1485 364 1529 est,
392 1478 461 1518 sed
488 1491 627 1530 parum
656 1477 878 1529 diligenter.
923 1490 1013 1516 nam
1041 1483 1080 1516 et
1106 1490 1176 1528 pro
1202 1479 1475 1516 humanarum
1501 1476 1602 1515 libro
1631 1477 1835 1516 substituit

292 1546 485 1583 historias
518 1549 557 1582 et
590 1543 629 1581 C.
658 1543 838 1582 Cassium
874 1544 1109 1582 Censorium
1145 1542 1357 1593 appellauit
1396 1547 1435 1580 et
1474 1555 1520 1580 ex
1559 1555 1635 1593 quo
1676 1547 1834 1581 auctore

295 1615 475 1660 quartam
502 1614 655 1660 partem
683 1609 936 1659 sumpsisset,
969 1610 1103 1646 tacuit.
1149 1608 1261 1646 illum
1291 1612 1422 1646 autem
1449 1607 1607 1646 titulum
1635 1608 1835 1659 corrigen-

298 1675 391 1713 dum
425 1687 512 1713 esse
546 1686 592 1713 ex
627 1673 765 1712 Seruio
800 1679 912 1712 aucto
940 1670 1007 1722 (ad
1033 1674 1127 1712 Aen.
1148 1671 1187 1723 2,
1209 1668 1313 1726 636>
1343 1679 1521 1724 apparet,
1556 1672 1625 1711 ubi
1658 1672 1835 1711 eiusdem

296 1741 354 1778 rei
387 1741 499 1779 testis
533 1739 638 1777 idem
668 1737 824 1778 ‘Varro
857 1751 994 1778 rerum
1026 1736 1313 1777 humanarum’
1342 1737 1524 1776 laudatur
1557 1733 1656 1791 (uid.
1686 1737 1731 1776 de
1764 1738 1837 1776 hac

295 1818 337 1844 re
365 1806 482 1843 etiam
512 1804 725 1842 Diodorum
753 1804 817 1842 VII
846 1804 890 1842 fr.
911 1800 1007 1858 41),
1032 1803 1153 1842 altero
1180 1803 1277 1853 loco,
1304 1815 1380 1854 quo
1408 1816 1485 1841 non
1512 1804 1656 1854 pietate
1683 1804 1836 1841 Aeneae

296 1870 365 1909 sed
403 1869 594 1908 miraculo
635 1870 720 1908 eius
760 1869 1010 1907 incolumitas
1050 1868 1285 1919 explicatur,
1324 1868 1387 1907 Fr.
1414 1868 1566 1907 Ritschl
1594 1865 1757 1922 (Opusc.
1785 1869 1836 1907 ΠΙ

296 1949 332 1987 p.
353 1932 438 1973 448
455 1931 531 1989 sq.)
560 1940 648 1973 ante
683 1936 873 1973 Censorio
900 1934 1083 1972 Pisonem
1111 1933 1362 1978 intercidisse
1399 1935 1582 1985 opinatus
1615 1940 1690 1984 est,
1724 1935 1836 1973 cuius

296 2003 336 2039 in
364 2000 524 2039 scholiis
551 1999 784 2050 Vergilianis
811 1999 872 2038 bis
899 2001 1048 2038 mentio
1076 2000 1119 2038 fit
1144 1999 1263 2050 idque
1297 2001 1382 2038 sine
1416 2000 1667 2050 cognomine,
1699 1999 1836 2038 ultimo

296 2067 370 2104 hoc
396 2078 519 2104 unum
551 2070 703 2104 constat
724 2065 916 2115 Cassium,
945 2066 1011 2116 qui
1039 2066 1242 2116 proximus
1271 2070 1359 2103 ante
1386 2065 1610 2103 nominatus
1639 2070 1734 2115 erat,
1761 2064 1839 2103 dici

297 2144 375 2170 non
407 2132 601 2182 potuisse,
635 2132 820 2181 quoniam
854 2131 939 2169 eius
972 2131 1190 2168 narrationi
1222 2129 1319 2168 nihil
1347 2130 1426 2168 nisi
1452 2129 1643 2180 quaedam
1676 2129 1838 2180 addidit,

299 2196 396 2235 duos
423 2196 524 2234 filios
545 2196 698 2234 Aeneae
725 2195 911 2234 bracchio
938 2196 1095 2234 innixos
1123 2200 1211 2233 ante
1236 2207 1303 2233 ora
1324 2195 1497 2233 hostium
1518 2200 1837 2245 praetergressos

299 2274 386 2300 esse
413 2266 529 2312 atque
557 2262 675 2299 etiam
703 2273 825 2299 naues
854 2260 900 2299 ab
928 2260 1088 2299 Achiuis
1116 2261 1151 2298 ei
1180 2272 1408 2310 concessas,
1439 2266 1571 2299 cetera
1598 2261 1727 2298 iterat.
1773 2260 1837 2298 hic

299 2325 435 2365 ‘idem'
474 2332 604 2364 tamen
632 2327 836 2364 continuat
863 2333 901 2364 et
928 2325 1084 2376 supplet
1120 2338 1182 2376 ea,
1218 2338 1316 2376 quae
1350 2325 1558 2364 scholiasta
1592 2337 1638 2363 ex
1667 2325 1837 2364 Varrone

299 2393 425 2443 primo
452 2391 536 2429 loco
565 2393 773 2442 excerpsit,
800 2396 854 2441 ut,
883 2392 957 2429 etsi
976 2390 1166 2429 Wissowa
1193 2386 1413 2443 (Abltandl.
1436 2403 1472 2441 p.
1496 2387 1579 2428 106
1595 2386 1672 2443 sq.)
1699 2390 1837 2429 aduer-

300 2463 425 2507 satur,
461 2468 581 2507 super
608 2456 787 2494 Cassium
821 2461 858 2494 et
883 2456 1056 2494 Atticum
1088 2457 1355 2495 historiarum
1381 2457 1528 2495 librum
1555 2456 1607 2494 II
1628 2452 1705 2508 (sic
1732 2457 1838 2494 enim

300 2521 555 2561 scribendum
595 2517 672 2575 est)
713 2522 839 2560 citans
879 2521 926 2560 ad
958 2521 1145 2559 Varronis
1183 2521 1438 2559 historiarum
1476 2519 1541 2559 uel
1576 2520 1837 2559 humanarum

300 2587 445 2625 librum
473 2585 692 2625 seeundum
719 2586 871 2625 redisse
897 2586 1090 2625 uideatur.
1102 2582 1134 2639 1)

390 2651 552 2690 Restant
586 2663 631 2689 ex
659 2650 805 2689 Cassiis
838 2651 1038 2690 historicis
1067 2650 1160 2701 duo,
1193 2650 1351 2689 Cassius
1378 2650 1466 2701 Dio,
1500 2651 1615 2689 cuius
1641 2650 1734 2689 libri
1759 2664 1839 2690 ma-

302 2729 415 2768 gnam
437 2722 591 2768 partem
612 2715 659 2754 ad
683 2728 753 2754 nos
775 2722 1056 2767 peruenerunt,
1079 2722 1118 2755 et
1139 2715 1298 2754 Cassius
1321 2715 1519 2766 Longinus
1542 2715 1711 2766 quidam,
1727 2717 1839 2755 cuius

401 2858 433 2899 1)
460 2855 595 2888 Parum
614 2853 859 2898 probabiliter
880 2854 1081 2889 Schmitter
1106 2866 1141 2898 p.
1164 2857 1207 2888 20
1229 2853 1432 2888 Tuberonis
1452 2864 1587 2887 nomen
1606 2853 1838 2898 interposuit.
