2002 3342
621 191 659 232 Q.
682 189 918 224 LVTATIVS
947 188 1164 224 CATVLVS
1490 202 1660 233 CCLXIH

218 303 271 340 lta
299 316 395 353 opus
424 308 506 340 erat
532 301 643 339 Marii
670 300 825 350 auxilio,
859 305 901 338 ut
928 299 1176 338 Cimbrorum
1202 301 1367 351 impetui
1394 302 1658 339 resisteretur.

128 370 160 406 is
194 369 374 418 quintum
415 367 551 405 consul
590 371 745 405 creatus
779 367 938 404 ineunte
975 377 1006 403 3.
1039 363 1131 404 101.
1166 363 1250 404 653
1284 367 1415 416 copias
1447 378 1537 404 suas
1571 378 1660 404 cum

129 432 276 482 Catulo,
309 434 373 470 cui
399 432 609 482 imperium
638 435 889 481 prorogatum
916 435 1011 479 erat,
1038 431 1241 468 coniunxit
1274 431 1499 482 Padumque
1534 437 1660 469 trans-

128 510 288 549 gressus
333 499 373 535 in
418 497 566 547 campis
610 495 771 534 Raudiis
816 507 936 546 prope
976 494 1170 533 Vercellas
1209 495 1388 535 Cimbros
1434 496 1661 535 felicissimo

129 562 278 613 proelio
306 561 404 600 l'udit
432 562 671 611 fugauitque.
717 561 828 599 cuius
856 561 1045 598 uictoriae
1066 566 1216 611 partem
1245 562 1320 599 etsi
1347 567 1479 611 postea
1502 561 1661 600 Catulus

129 628 374 678 optimatium
402 628 442 664 in
469 626 633 665 Marium
662 625 810 664 inuidia
831 625 999 675 adiutus,
1026 637 1115 663 cum
1136 625 1286 664 mediae
1309 627 1407 664 aciei
1428 628 1664 677 praefuisset

130 698 168 731 et
204 694 286 743 ipse
322 693 571 743 potissimum
607 704 697 729 cum
734 690 904 729 Cimbris
941 703 1024 729 rem
1060 691 1259 741 gessisset,
1296 697 1334 729 et
1366 691 1476 730 libris
1510 694 1592 731 suis
1626 698 1665 731 et

129 757 338 807 aedificiis,
375 769 473 808 quae
510 758 550 795 111
586 758 671 795 eius
707 756 800 794 belli
835 757 1066 794 memoriam
1099 757 1293 795 exstruxit
1328 751 1446 809 (plut.
1475 757 1566 796 Mar.
1595 756 1662 796 23.

130 822 252 861 Valer.
275 822 372 861 Max.
394 821 431 872 o,
454 820 491 872 3,
515 818 571 875 1),
599 821 647 859 ad
674 833 715 859 se
741 821 899 859 trahere
927 820 1077 859 studuit
1103 821 1372 872 triumphique
1399 822 1547 860 honore
1576 835 1664 860 cum

130 887 250 926 Mario
285 887 465 938 dignatus
493 893 553 925 est
587 882 705 939 (Plut.
727 886 819 924 Mar.
843 883 909 924 27.
930 884 1020 939 44),
1052 885 1170 936 uulgo
1197 892 1328 924 tamen
1356 886 1456 924 fama
1484 886 1666 937 obtinuit,

131 965 206 1004 qua
233 954 302 991 uni
323 952 444 990 Mario
473 952 567 990 baec
595 951 679 990 laus
707 951 965 990 tribuebatur.
1004 952 1114 989 Anno
1142 953 1369 1002 insequenti
1389 952 1548 990 Catulus
1577 965 1666 990 cum

132 1019 274 1057 ceteris
294 1017 510 1056 nobilitatis
531 1017 779 1068 principibus
801 1029 908 1055 arma
930 1022 1064 1055 contra
1081 1016 1338 1055 Saturninum
1356 1019 1478 1069 cepit,
1500 1022 1582 1056 tum
1597 1030 1668 1068 per

133 1082 268 1121 decem
296 1084 377 1121 sere
405 1095 528 1121 annos
556 1083 641 1121 eius
669 1083 750 1120 uita
782 1082 886 1132 latet,
925 1081 1043 1120 credo
1077 1083 1167 1132 quia
1196 1081 1339 1120 litteris
1366 1084 1482 1121 unice
1513 1082 1667 1121 deditus

133 1154 227 1198 erat,
256 1147 377 1186 donec
398 1147 500 1186 bello
521 1148 697 1198 Marsico,
724 1159 773 1186 ne
798 1149 855 1186 rei
882 1160 917 1198 p.
941 1147 1107 1198 deesset,
1134 1146 1180 1185 ad
1201 1147 1382 1186 militiam
1403 1153 1588 1186 euocatus
1616 1148 1667 1186 16-

133 1214 211 1264 gati
243 1225 406 1252 munere
440 1214 597 1251 functus
632 1218 702 1251 est.
748 1214 865 1251 etiam
893 1214 933 1250 in
959 1212 1061 1251 bello
1089 1213 1208 1262 ciuili,
1236 1212 1339 1263 quod
1365 1213 1575 1252 Marsicum
1604 1226 1668 1252 ex-

134 1280 249 1330 cepit,
270 1284 308 1317 et
328 1279 504 1316 oratione
526 1284 564 1316 et
584 1290 702 1316 manu
722 1290 818 1317 usus
840 1279 1086 1328 optimatium
1108 1283 1240 1329 partes
1258 1278 1417 1317 uidetur
1433 1278 1668 1317 defendisse.

134 1349 240 1383 certe
275 1343 422 1382 Marius
458 1356 546 1382 cum
586 1345 626 1381 in
662 1343 802 1382 urbem
835 1345 1038 1394 ingressus
1071 1345 1272 1394 principes
1309 1343 1535 1395 nobilitatis,
1572 1357 1669 1395 quos

134 1410 310 1447 nancisci
336 1416 480 1459 posset,
512 1408 658 1447 indicta
692 1421 808 1447 causa
835 1408 1069 1457 trucidaret,
1102 1408 1280 1447 Catulum
1308 1411 1447 1460 capitis
1474 1409 1575 1460 apud
1603 1422 1669 1460 po-

134 1473 271 1525 pulum
305 1473 507 1512 tribunum
541 1473 736 1524 quendam
770 1486 955 1512 accusare
988 1475 1120 1523 iussit,
1153 1486 1402 1525 quamquam,
1436 1476 1469 1513 si
1500 1474 1670 1513 Diodoro

136 1538 348 1589 credimus,
375 1545 487 1577 autea
509 1538 678 1589 benigno
699 1540 738 1577 111
761 1551 851 1577 611111
873 1539 999 1577 fuerat
1020 1536 1200 1592 animost)
1235 1539 1489 1591 intellegebat
1509 1540 1670 1579 Catulus

136 1604 235 1642 hanc
257 1605 546 1643 accusationem
568 1604 666 1642 nihil
687 1604 846 1642 differre
868 1617 887 1642 a
909 1604 1234 1643 condemnatione
1257 1611 1305 1654 et,
1327 1617 1415 1643 cum
1435 1607 1672 1644 necessariis

137 1671 222 1708 eius
241 1670 362 1708 uitam
385 1669 686 1720 deprecantibus
711 1670 784 1708 hoc
804 1682 926 1708 unum
948 1669 1094 1708 Marius
1117 1669 1386 1720 respondisset
1408 1667 1672 1722 Moriatur2>,

137 1736 221 1785 ipse
243 1734 318 1773 sibi
339 1730 389 1787 (a.
407 1732 474 1772 81.
491 1732 596 1786 667)
618 1741 784 1773 mortem
807 1731 1054 1788 consciuit3).
1088 1741 1327 1786 peruenerat
1346 1747 1442 1774 uero
1465 1736 1672 1774 minimum

137 1812 261 1851 usque
290 1799 337 1838 ad
364 1812 510 1838 aunum
537 1801 674 1838 aetatis
703 1802 991 1851 sexagesimum
1025 1800 1203 1838 alterum.
1244 1813 1334 1838 nam
1362 1801 1545 1851 quoniam
1573 1813 1672 1839 anno

141 1862 235 1903 107.
258 1862 341 1903 647
376 1865 547 1916 primum
581 1865 825 1904 consulatum
859 1867 1010 1916 petiuit,
1044 1871 1132 1904 ante
1167 1878 1312 1904 annum
1349 1864 1442 1904 149.
1464 1863 1550 1904 605
1583 1878 1674 1904 eum

139 1936 273 1969 natum
307 1942 393 1968 esse
426 1931 620 1980 sequitur,
654 1943 730 1981 quo
764 1943 854 1969 cum
885 1936 1062 1982 tempore
1097 1932 1177 1969 sere
1205 1931 1418 1981 consentit,
1452 1930 1556 1981 quod
1584 1943 1673 1969 eum

140 1995 276 2034 Cicero
305 1994 351 2033 de
379 2000 531 2033 oratore
565 1993 602 2045 2,
624 1994 662 2046 3,
688 1994 740 2033 12
768 1991 835 2049 (cf.
857 1996 904 2034 ad
930 1997 1005 2034 Att.
1032 1994 1095 2046 13,
1125 1993 1189 2046 19,
1211 1992 1271 2049 4),
1306 1995 1408 2046 quod
1436 1995 1674 2047 colloquium

141 2073 172 2098 a.
195 2058 262 2099 91.
284 2057 369 2099 663
396 2059 573 2098 habitum
601 2073 687 2099 esse
714 2061 812 2109 uult,
839 2073 974 2099 senem
1004 2061 1108 2100 dicit.

229 2124 356 2163 Mores
383 2131 513 2163 autem
540 2125 666 2164 Catuli
694 2125 955 2165 diuersissimi
982 2131 1093 2165 erant
1120 2132 1159 2165 et
1184 2139 1204 2165 a
1232 2126 1378 2165 Scauro
1403 2132 1441 2165 et
1468 2139 1488 2164 a
1514 2125 1672 2164 Rutilio.

142 2202 294 2228 summa
327 2191 433 2229 enim
465 2191 505 2228 in
538 2203 583 2228 eo
616 2197 700 2229 erat
733 2193 906 2242 comitas,
941 2191 1146 2242 elegantia,
1180 2192 1413 2242 humanitas,
1446 2191 1600 2241 lenitas,
1632 2196 1676 2229 ut

140 2315 337 2350 uictoriam
364 2315 586 2351 Cimbricam
611 2316 648 2350 in
677 2316 801 2351 Catuli
827 2317 976 2352 domum
1002 2320 1235 2362 reportatum
1261 2328 1340 2352 esse
1368 2317 1518 2359 adiecit,
1546 2319 1675 2351 aucto-

142 2380 219 2403 rem
245 2369 335 2403 satis
363 2374 489 2412 aperte
516 2370 596 2414 ipse
623 2371 851 2415 significauit
878 2371 936 2415 (cf.
959 2372 1001 2405 fr.
1024 2375 1068 2413 3).

240 2424 271 2466 1)
300 2425 354 2466 38,
376 2426 408 2463 4,
430 2427 467 2456 3:
496 2422 514 2457 ὁ
542 2422 582 2458 δὲ
608 2424 648 2458 τὸ
676 2424 742 2468 μὲν
769 2424 980 2468 ἔμπροσθεν
1008 2422 1168 2468 ἐγεγόνει
1195 2423 1312 2468 φίλος,
1338 2424 1418 2459 τότε
1445 2422 1480 2458 δ’
1513 2424 1551 2458 ἔκ
1577 2437 1678 2464 τινος

144 2475 311 2519 ὑποψίας
337 2474 534 2519 ἀλλοτρίως
563 2476 654 2521 ἔχων
679 2477 770 2519 πρὸς
797 2477 911 2512 αὐτὸν
937 2479 1010 2511 κτλ.

240 2531 273 2573 2)
301 2528 373 2563 016.
401 2528 506 2564 Tusa.
535 2534 566 2571 5,
590 2534 644 2571 19,
666 2534 720 2564 56.
761 2531 860 2575 apud
887 2530 1091 2565 Diodorum
1116 2529 1139 2564 1.
1167 2542 1193 2564 s.
1221 2530 1299 2574 ipse
1327 2529 1479 2564 Catulus
1518 2530 1677 2564 Marium

148 2582 316 2626 precibus
343 2582 447 2625 adiit,
474 2594 633 2626 quocum
660 2584 781 2618 faeere
808 2584 959 2618 uidetur
985 2583 1110 2619 Cicero
1139 2583 1183 2617 de
1210 2585 1301 2618 orat.
1324 2588 1357 2626 3,
1378 2587 1410 2626 3,
1431 2588 1463 2618 9.

242 2637 277 2679 3)
304 2635 427 2670 Cicero
455 2635 579 2670 multis
606 2636 683 2670 eius
709 2639 927 2671 memoriam
954 2637 1156 2671 honoribus
1189 2636 1347 2678 ornauit,
1380 2636 1494 2671 etiam
1526 2637 1678 2680 propter

147 2688 265 2722 filium
296 2692 495 2732 patronum
522 2701 627 2723 suum
655 2701 857 2734 ueramque
885 2691 1002 2735 patris
1031 2690 1193 2733 effigiem
1219 2692 1338 2733 (mort.
1361 2700 1393 2724 a.
1416 2693 1471 2723 60.
1493 2692 1586 2731 694),
1613 2688 1677 2732 qui

148 2752 258 2786 saepe
284 2752 366 2775 eum
393 2742 431 2776 in
459 2745 590 2777 senatu
616 2746 761 2787 patrem
791 2743 936 2787 patriae
969 2742 1193 2784 nominauit;
1228 2742 1327 2777 locos
1360 2742 1536 2776 collectos
1563 2741 1677 2776 habes

149 2795 187 2828 in
211 2794 340 2828 Orellii
366 2796 594 2830 onomastieo
622 2809 656 2840 p.
680 2800 745 2831 367
774 2808 853 2840 sqq.
874 2798 910 2830 et
936 2797 975 2830 in
996 2796 1152 2839 Kayseri
1173 2795 1295 2830 indice
1322 2807 1356 2839 p.
1380 2799 1446 2829 360
1474 2807 1553 2839 sqq.
1581 2806 1677 2828 mors

148 2847 265 2892 patris
293 2848 549 2883 crudelissima
576 2860 685 2893 saepe
713 2849 759 2884 ab
787 2860 829 2884 eo
856 2849 1015 2893 aliisque
1041 2849 1228 2892 descripta
1255 2852 1292 2882 et,
1318 2849 1513 2893 deplorata
1540 2851 1605 2882 est.
