<?xml version="1.0" encoding="UTF-8"?>
<!DOCTYPE html PUBLIC "-//W3C//DTD XHTML 1.0 Transitional//EN"
    "http://www.w3.org/TR/xhtml1/DTD/xhtml1-transitional.dtd">
<html xmlns="http://www.w3.org/1999/xhtml" xml:lang="en" lang="en">
 <head>
  <title>
</title>
<meta http-equiv="Content-Type" content="text/html;charset=utf-8" />
  <meta name='ocr-system' content='tesseract 3.04.00' />
  <meta name='ocr-capabilities' content='ocr_page ocr_carea ocr_par ocr_line ocrx_word'/>
</head>
<body>
  <div class='ocr_page' id='page_1' title='image "./historicorumroma01peteuoft_0348.png"; bbox 0 0 2002 3342; ppageno 0'>
   <div class='ocr_carea' id='block_1_1' title="bbox 669 677 1440 743">
    <p class='ocr_par' dir='ltr' id='par_1_1' title="bbox 669 677 1440 743">
     <span class='ocr_line' id='line_1_1' title="bbox 669 677 1440 743; baseline 0.001 -19"><span class='ocrx_word' id='word_1_1' title='bbox 669 679 719 725; x_wconf 88' lang='lat' dir='ltr'>L.</span> <span class='ocrx_word' id='word_1_2' title='bbox 748 678 1100 726; x_wconf 76' lang='lat' dir='ltr'>CORNELIVS</span> <span class='ocrx_word' id='word_1_3' title='bbox 1129 677 1440 743; x_wconf 77' lang='lat' dir='ltr'>SISENNA1)</span> 
     </span>
    </p>
   </div>
   <div class='ocr_carea' id='block_1_2' title="bbox 282 782 1819 2076">
    <p class='ocr_par' dir='ltr' id='par_1_2' title="bbox 285 782 1819 1230">
     <span class='ocr_line' id='line_1_2' title="bbox 377 782 1819 839; baseline 0.002 -16"><span class='ocrx_word' id='word_1_4' title='bbox 377 784 431 823; x_wconf 92' lang='lat' dir='ltr'>De</span> <span class='ocrx_word' id='word_1_5' title='bbox 458 786 565 823; x_wconf 82' lang='lat' dir='ltr'>uita</span> <span class='ocrx_word' id='word_1_6' title='bbox 593 785 633 823; x_wconf 91' lang='lat' dir='ltr'>L.</span> <span class='ocrx_word' id='word_1_7' title='bbox 662 785 833 824; x_wconf 84' lang='lat' dir='ltr'>Cornelii</span> <span class='ocrx_word' id='word_1_8' title='bbox 861 782 1094 839; x_wconf 76' lang='lat' dir='ltr'>Sisen11ae2)</span> <span class='ocrx_word' id='word_1_9' title='bbox 1128 787 1394 824; x_wconf 85' lang='lat' dir='ltr'>certissimum</span> <span class='ocrx_word' id='word_1_10' title='bbox 1426 786 1616 825; x_wconf 87' lang='lat' dir='ltr'>habemus</span> <span class='ocrx_word' id='word_1_11' title='bbox 1645 788 1819 826; x_wconf 79' lang='lat' dir='ltr'>testimo·</span> 
     </span>
     <span class='ocr_line' id='line_1_3' title="bbox 287 850 1818 904; baseline 0.002 -16"><span class='ocrx_word' id='word_1_12' title='bbox 287 851 397 888; x_wconf 90' lang='lat' dir='ltr'>nium</span> <span class='ocrx_word' id='word_1_13' title='bbox 425 856 584 889; x_wconf 85' lang='lat' dir='ltr'>senatus</span> <span class='ocrx_word' id='word_1_14' title='bbox 611 850 832 889; x_wconf 89' lang='lat' dir='ltr'>consultum</span> <span class='ocrx_word' id='word_1_15' title='bbox 857 852 938 889; x_wconf 83' lang='lat' dir='ltr'>aeri</span> <span class='ocrx_word' id='word_1_16' title='bbox 959 852 1129 890; x_wconf 85' lang='lat' dir='ltr'>incisum</span> <span class='ocrx_word' id='word_1_17' title='bbox 1151 851 1197 890; x_wconf 91' lang='lat' dir='ltr'>de</span> <span class='ocrx_word' id='word_1_18' title='bbox 1218 851 1459 902; x_wconf 79' lang='lat' dir='ltr'>Asclepiade,</span> <span class='ocrx_word' id='word_1_19' title='bbox 1486 852 1714 904; x_wconf 70' lang='lat' dir='ltr'>Polystrato,</span> <span class='ocrx_word' id='word_1_20' title='bbox 1740 852 1818 891; x_wconf 93' lang='lat' dir='ltr'>Me-</span> 
     </span>
     <span class='ocr_line' id='line_1_4' title="bbox 286 915 1819 969; baseline 0.003 -17"><span class='ocrx_word' id='word_1_21' title='bbox 286 915 396 954; x_wconf 87' lang='lat' dir='ltr'>nisco</span> <span class='ocrx_word' id='word_1_22' title='bbox 424 916 463 953; x_wconf 90' lang='lat' dir='ltr'>in</span> <span class='ocrx_word' id='word_1_23' title='bbox 492 916 705 954; x_wconf 84' lang='lat' dir='ltr'>amicorum</span> <span class='ocrx_word' id='word_1_24' title='bbox 735 916 940 954; x_wconf 85' lang='lat' dir='ltr'>formulam</span> <span class='ocrx_word' id='word_1_25' title='bbox 969 916 1200 967; x_wconf 81' lang='lat' dir='ltr'>referendis,</span> <span class='ocrx_word' id='word_1_26' title='bbox 1227 916 1330 968; x_wconf 86' lang='lat' dir='ltr'>quod</span> <span class='ocrx_word' id='word_1_27' title='bbox 1356 929 1462 956; x_wconf 89' lang='lat' dir='ltr'>nunc</span> <span class='ocrx_word' id='word_1_28' title='bbox 1487 918 1527 956; x_wconf 90' lang='lat' dir='ltr'>in</span> <span class='ocrx_word' id='word_1_29' title='bbox 1554 930 1689 956; x_wconf 86' lang='lat' dir='ltr'>museo</span> <span class='ocrx_word' id='word_1_30' title='bbox 1711 920 1819 969; x_wconf 83' lang='lat' dir='ltr'>regio</span> 
     </span>
     <span class='ocr_line' id='line_1_5' title="bbox 286 977 1818 1034; baseline 0.002 -16"><span class='ocrx_word' id='word_1_31' title='bbox 286 979 541 1031; x_wconf 83' lang='lat' dir='ltr'>Neapolitano</span> <span class='ocrx_word' id='word_1_32' title='bbox 569 977 845 1034; x_wconf 59' lang='lat' dir='ltr'>asseruatuinss)</span> <span class='ocrx_word' id='word_1_33' title='bbox 886 982 1153 1032; x_wconf 83' lang='lat' dir='ltr'>conscriptum</span> <span class='ocrx_word' id='word_1_34' title='bbox 1180 986 1264 1020; x_wconf 85' lang='lat' dir='ltr'>erat</span> <span class='ocrx_word' id='word_1_35' title='bbox 1284 986 1324 1020; x_wconf 91' lang='lat' dir='ltr'>et</span> <span class='ocrx_word' id='word_1_36' title='bbox 1346 981 1482 1020; x_wconf 81' lang='lat' dir='ltr'>Latine</span> <span class='ocrx_word' id='word_1_37' title='bbox 1505 988 1542 1020; x_wconf 90' lang='lat' dir='ltr'>et</span> <span class='ocrx_word' id='word_1_38' title='bbox 1563 981 1722 1031; x_wconf 88' lang='lat' dir='ltr'>Graece,</span> <span class='ocrx_word' id='word_1_39' title='bbox 1749 983 1818 1021; x_wconf 92' lang='lat' dir='ltr'>sed</span> 
     </span>
     <span class='ocr_line' id='line_1_6' title="bbox 285 1045 1817 1098; baseline 0.001 -14"><span class='ocrx_word' id='word_1_40' title='bbox 285 1047 483 1084; x_wconf 88' lang='lat' dir='ltr'>uersionis</span> <span class='ocrx_word' id='word_1_41' title='bbox 504 1045 663 1085; x_wconf 81' lang='lat' dir='ltr'>Latinae</span> <span class='ocrx_word' id='word_1_42' title='bbox 685 1048 794 1097; x_wconf 89' lang='lat' dir='ltr'>prior</span> <span class='ocrx_word' id='word_1_43' title='bbox 813 1059 904 1097; x_wconf 83' lang='lat' dir='ltr'>pars</span> <span class='ocrx_word' id='word_1_44' title='bbox 924 1051 1002 1085; x_wconf 84' lang='lat' dir='ltr'>tota</span> <span class='ocrx_word' id='word_1_45' title='bbox 1025 1046 1204 1098; x_wconf 79' lang='lat' dir='ltr'>deperiit,</span> <span class='ocrx_word' id='word_1_46' title='bbox 1231 1047 1351 1085; x_wconf 82' lang='lat' dir='ltr'>altera</span> <span class='ocrx_word' id='word_1_47' title='bbox 1373 1048 1454 1086; x_wconf 90' lang='lat' dir='ltr'>fere</span> <span class='ocrx_word' id='word_1_48' title='bbox 1478 1046 1648 1098; x_wconf 83' lang='lat' dir='ltr'>dimidia,</span> <span class='ocrx_word' id='word_1_49' title='bbox 1671 1047 1817 1087; x_wconf 87' lang='lat' dir='ltr'>Graeca</span> 
     </span>
     <span class='ocr_line' id='line_1_7' title="bbox 285 1111 1819 1163; baseline 0.002 -14"><span class='ocrx_word' id='word_1_50' title='bbox 285 1112 494 1161; x_wconf 83' lang='lat' dir='ltr'>perpaucis</span> <span class='ocrx_word' id='word_1_51' title='bbox 527 1111 669 1150; x_wconf 85' lang='lat' dir='ltr'>litteris</span> <span class='ocrx_word' id='word_1_52' title='bbox 704 1111 841 1150; x_wconf 82' lang='lat' dir='ltr'>deletis</span> <span class='ocrx_word' id='word_1_53' title='bbox 872 1113 1023 1162; x_wconf 79' lang='lat' dir='ltr'>integra</span> <span class='ocrx_word' id='word_1_54' title='bbox 1051 1111 1098 1150; x_wconf 86' lang='lat' dir='ltr'>ad</span> <span class='ocrx_word' id='word_1_55' title='bbox 1125 1125 1194 1150; x_wconf 89' lang='lat' dir='ltr'>nos</span> <span class='ocrx_word' id='word_1_56' title='bbox 1220 1114 1415 1163; x_wconf 86' lang='lat' dir='ltr'>peruenit.</span> <span class='ocrx_word' id='word_1_57' title='bbox 1455 1112 1572 1151; x_wconf 89' lang='lat' dir='ltr'>huius</span> <span class='ocrx_word' id='word_1_58' title='bbox 1599 1114 1719 1163; x_wconf 81' lang='lat' dir='ltr'>igitur</span> <span class='ocrx_word' id='word_1_59' title='bbox 1744 1113 1819 1152; x_wconf 85' lang='lat' dir='ltr'>hoc</span> 
     </span>
     <span class='ocr_line' id='line_1_8' title="bbox 285 1173 589 1230; baseline 0.003 -16"><span class='ocrx_word' id='word_1_60' title='bbox 285 1181 345 1214; x_wconf 87' lang='lat' dir='ltr'>est</span> <span class='ocrx_word' id='word_1_61' title='bbox 370 1173 589 1230; x_wconf 71' lang='lat' dir='ltr'>initium4):</span> 
     </span>
    </p>

    <p class='ocr_par' dir='ltr' id='par_1_3' title="bbox 283 1237 1819 1489">
     <span class='ocr_line' id='line_1_9' title="bbox 368 1237 1816 1282; baseline 0.001 -2"><span class='ocrx_word' id='word_1_62' title='bbox 368 1237 465 1280; x_wconf 81' lang='grc' dir='ltr'>Ἐπὶ</span> <span class='ocrx_word' id='word_1_63' title='bbox 497 1239 677 1280; x_wconf 79' lang='grc' dir='ltr'><em>ὑπάτων</em></span> <span class='ocrx_word' id='word_1_64' title='bbox 703 1241 898 1281; x_wconf 81' lang='grc' dir='ltr'><em>Κοΐντου</em></span> <span class='ocrx_word' id='word_1_65' title='bbox 927 1241 1149 1281; x_wconf 78' lang='grc' dir='ltr'><em>Λυτατίου</em></span> <span class='ocrx_word' id='word_1_66' title='bbox 1177 1242 1370 1281; x_wconf 79' lang='grc' dir='ltr'><em>Κοΐντου</em></span> <span class='ocrx_word' id='word_1_67' title='bbox 1405 1241 1506 1282; x_wconf 70' lang='grc' dir='ltr'>υἱοῦ</span> <span class='ocrx_word' id='word_1_68' title='bbox 1538 1240 1714 1282; x_wconf 75' lang='grc' dir='ltr'><em>Κάτλου</em></span> <span class='ocrx_word' id='word_1_69' title='bbox 1744 1241 1816 1282; x_wconf 78' lang='grc' dir='ltr'>καὶ.</span> 
     </span>
     <span class='ocr_line' id='line_1_10' title="bbox 289 1304 1819 1360; baseline 0.002 -16"><span class='ocrx_word' id='word_1_70' title='bbox 289 1304 476 1358; x_wconf 78' lang='grc' dir='ltr'><em>Μάρκου</em></span> <span class='ocrx_word' id='word_1_71' title='bbox 514 1304 742 1359; x_wconf 83' lang='grc' dir='ltr'><strong><em>Αἰμι[λίου</em></strong></span> <span class='ocrx_word' id='word_1_72' title='bbox 783 1304 997 1360; x_wconf 82' lang='grc' dir='ltr'><em>Κοΐντου]</em></span> <span class='ocrx_word' id='word_1_73' title='bbox 1034 1305 1136 1347; x_wconf 76' lang='grc' dir='ltr'>υΐοῦ</span> <span class='ocrx_word' id='word_1_74' title='bbox 1173 1305 1364 1359; x_wconf 76' lang='grc' dir='ltr'><em>Μάρκου</em></span> <span class='ocrx_word' id='word_1_75' title='bbox 1406 1306 1575 1347; x_wconf 79' lang='grc' dir='ltr'>υἱωνοῦ</span> <span class='ocrx_word' id='word_1_76' title='bbox 1620 1307 1819 1348; x_wconf 77' lang='grc' dir='ltr'><em>Λεπίδου</em></span> 
     </span>
     <span class='ocr_line' id='line_1_11' title="bbox 285 1367 1817 1425; baseline 0.002 -16"><span class='ocrx_word' id='word_1_77' title='bbox 285 1367 502 1422; x_wconf 76' lang='grc' dir='ltr'>[Λιπέὸου</span> <span class='ocrx_word' id='word_1_78' title='bbox 519 1369 620 1424; x_wconf 75' lang='lat' dir='ltr'>aes],</span> <span class='ocrx_word' id='word_1_79' title='bbox 640 1377 887 1425; x_wconf 75' lang='grc' dir='ltr'><em>στρατηγοῦ</em></span> <span class='ocrx_word' id='word_1_80' title='bbox 909 1370 957 1411; x_wconf 77' lang='grc' dir='ltr'>ὁὲ</span> <span class='ocrx_word' id='word_1_81' title='bbox 978 1371 1085 1411; x_wconf 70' lang='grc' dir='ltr'>κατὰ</span> <span class='ocrx_word' id='word_1_82' title='bbox 1104 1372 1237 1412; x_wconf 76' lang='grc' dir='ltr'><em>πόλιν</em></span> <span class='ocrx_word' id='word_1_83' title='bbox 1257 1370 1328 1411; x_wconf 78' lang='grc' dir='ltr'>καὶ</span> <span class='ocrx_word' id='word_1_84' title='bbox 1350 1369 1419 1411; x_wconf 79' lang='grc' dir='ltr'>ἐπὶ</span> <span class='ocrx_word' id='word_1_85' title='bbox 1441 1377 1529 1411; x_wconf 83' lang='grc' dir='ltr'>τῶν</span> <span class='ocrx_word' id='word_1_86' title='bbox 1550 1369 1687 1419; x_wconf 81' lang='grc' dir='ltr'><em>ξένων</em></span> <span class='ocrx_word' id='word_1_87' title='bbox 1705 1373 1817 1412; x_wconf 66' lang='lat' dir='ltr'>Aev—</span> 
     </span>
     <span class='ocr_line' id='line_1_12' title="bbox 283 1435 1660 1489; baseline 0.001 -14"><span class='ocrx_word' id='word_1_88' title='bbox 283 1435 383 1475; x_wconf 83' lang='grc' dir='ltr'><strong><em>κίου</em></strong></span> <span class='ocrx_word' id='word_1_89' title='bbox 411 1435 685 1489; x_wconf 59' lang='grc' dir='ltr'><em>Κορνηλίοῇν</em></span> <span class='ocrx_word' id='word_1_90' title='bbox 708 1468 924 1477; x_wconf 89' lang='grc'><strong>........</strong></span> <span class='ocrx_word' id='word_1_91' title='bbox 946 1436 1066 1487; x_wconf 85' lang='grc' dir='ltr'>υἱοῦ]</span> <span class='ocrx_word' id='word_1_92' title='bbox 1097 1436 1305 1488; x_wconf 67' lang='grc' dir='ltr'><em>Σισέννα,</em></span> <span class='ocrx_word' id='word_1_93' title='bbox 1331 1436 1468 1489; x_wconf 80' lang='grc' dir='ltr'><em>μηνὸς</em></span> <span class='ocrx_word' id='word_1_94' title='bbox 1494 1438 1660 1478; x_wconf 59' lang='grc' dir='ltr'><em>[Μαΐου.</em></span> 
     </span>
    </p>

    <p class='ocr_par' dir='ltr' id='par_1_4' title="bbox 283 1501 1815 1683">
     <span class='ocr_line' id='line_1_13' title="bbox 373 1501 1815 1554; baseline 0.001 -14"><span class='ocrx_word' id='word_1_95' title='bbox 373 1514 419 1540; x_wconf 84' lang='lat' dir='ltr'>ex</span> <span class='ocrx_word' id='word_1_96' title='bbox 447 1502 589 1553; x_wconf 83' lang='lat' dir='ltr'>quibus</span> <span class='ocrx_word' id='word_1_97' title='bbox 615 1503 750 1542; x_wconf 88' lang='lat' dir='ltr'>uerbis</span> <span class='ocrx_word' id='word_1_98' title='bbox 778 1516 809 1542; x_wconf 82' lang='lat' dir='ltr'>a.</span> <span class='ocrx_word' id='word_1_99' title='bbox 834 1501 899 1542; x_wconf 75' lang='lat'>78.</span> <span class='ocrx_word' id='word_1_100' title='bbox 922 1501 1006 1542; x_wconf 74' lang='grc'>676</span> <span class='ocrx_word' id='word_1_101' title='bbox 1038 1503 1077 1541; x_wconf 90' lang='lat' dir='ltr'>L.</span> <span class='ocrx_word' id='word_1_102' title='bbox 1106 1502 1332 1542; x_wconf 84' lang='lat' dir='ltr'>Cornelium</span> <span class='ocrx_word' id='word_1_103' title='bbox 1360 1503 1565 1541; x_wconf 86' lang='lat' dir='ltr'>Sisennam</span> <span class='ocrx_word' id='word_1_104' title='bbox 1593 1509 1815 1554; x_wconf 86' lang='lat' dir='ltr'>praetorem</span> 
     </span>
     <span class='ocr_line' id='line_1_14' title="bbox 284 1564 1815 1622; baseline 0.001 -17"><span class='ocrx_word' id='word_1_105' title='bbox 284 1567 405 1606; x_wconf 86' lang='lat' dir='ltr'>fuisse</span> <span class='ocrx_word' id='word_1_106' title='bbox 440 1573 477 1606; x_wconf 82' lang='lat' dir='ltr'>et</span> <span class='ocrx_word' id='word_1_107' title='bbox 509 1569 606 1606; x_wconf 80' lang='lat' dir='ltr'>iuris</span> <span class='ocrx_word' id='word_1_108' title='bbox 641 1568 810 1607; x_wconf 78' lang='lat' dir='ltr'>dictione</span> <span class='ocrx_word' id='word_1_109' title='bbox 845 1574 884 1607; x_wconf 86' lang='lat' dir='ltr'>et</span> <span class='ocrx_word' id='word_1_110' title='bbox 908 1568 1058 1607; x_wconf 85' lang='lat' dir='ltr'>urbana</span> <span class='ocrx_word' id='word_1_111' title='bbox 1088 1574 1125 1607; x_wconf 89' lang='lat' dir='ltr'>et</span> <span class='ocrx_word' id='word_1_112' title='bbox 1158 1564 1410 1622; x_wconf 77' lang='lat' dir='ltr'>peregrina5)</span> <span class='ocrx_word' id='word_1_113' title='bbox 1438 1568 1615 1607; x_wconf 81' lang='lat' dir='ltr'>functum</span> <span class='ocrx_word' id='word_1_114' title='bbox 1643 1580 1730 1607; x_wconf 88' lang='lat' dir='ltr'>esse</span> <span class='ocrx_word' id='word_1_115' title='bbox 1756 1569 1815 1607; x_wconf 91' lang='lat' dir='ltr'>in-</span> 
     </span>
     <span class='ocr_line' id='line_1_15' title="bbox 283 1632 516 1683; baseline 0.009 -13"><span class='ocrx_word' id='word_1_116' title='bbox 283 1632 516 1683; x_wconf 83' lang='lat' dir='ltr'>tellegimns.</span> 
     </span>
    </p>

    <p class='ocr_par' dir='ltr' id='par_1_5' title="bbox 282 1698 1815 2076">
     <span class='ocr_line' id='line_1_16' title="bbox 371 1698 1814 1750; baseline 0.001 -14"><span class='ocrx_word' id='word_1_117' title='bbox 371 1698 484 1737; x_wconf 89' lang='lat' dir='ltr'>Hunc</span> <span class='ocrx_word' id='word_1_118' title='bbox 510 1711 606 1737; x_wconf 88' lang='lat' dir='ltr'>uero</span> <span class='ocrx_word' id='word_1_119' title='bbox 628 1699 834 1738; x_wconf 82' lang='lat' dir='ltr'>Sisennam</span> <span class='ocrx_word' id='word_1_120' title='bbox 862 1699 1031 1738; x_wconf 89' lang='lat' dir='ltr'>eundem</span> <span class='ocrx_word' id='word_1_121' title='bbox 1053 1712 1139 1738; x_wconf 89' lang='lat' dir='ltr'>esse</span> <span class='ocrx_word' id='word_1_122' title='bbox 1161 1705 1275 1750; x_wconf 87' lang='lat' dir='ltr'>atque</span> <span class='ocrx_word' id='word_1_123' title='bbox 1297 1712 1399 1750; x_wconf 88' lang='lat' dir='ltr'>eum,</span> <span class='ocrx_word' id='word_1_124' title='bbox 1426 1700 1493 1750; x_wconf 86' lang='lat' dir='ltr'>qui</span> <span class='ocrx_word' id='word_1_125' title='bbox 1515 1700 1673 1749; x_wconf 81' lang='lat' dir='ltr'>scripsit</span> <span class='ocrx_word' id='word_1_126' title='bbox 1693 1699 1814 1737; x_wconf 88' lang='lat' dir='ltr'>histo-</span> 
     </span>
     <span class='ocr_line' id='line_1_17' title="bbox 283 1764 1815 1815; baseline 0.001 -14"><span class='ocrx_word' id='word_1_127' title='bbox 283 1764 378 1814; x_wconf 87' lang='lat' dir='ltr'>rias,</span> <span class='ocrx_word' id='word_1_128' title='bbox 412 1776 457 1802; x_wconf 82' lang='lat' dir='ltr'>ex</span> <span class='ocrx_word' id='word_1_129' title='bbox 492 1764 710 1815; x_wconf 86' lang='lat' dir='ltr'>fragmento</span> <span class='ocrx_word' id='word_1_130' title='bbox 744 1764 911 1815; x_wconf 83' lang='lat' dir='ltr'>quodam</span> <span class='ocrx_word' id='word_1_131' title='bbox 943 1766 1131 1803; x_wconf 85' lang='lat' dir='ltr'>orationis</span> <span class='ocrx_word' id='word_1_132' title='bbox 1159 1764 1360 1803; x_wconf 82' lang='lat' dir='ltr'>Ciceronis</span> <span class='ocrx_word' id='word_1_133' title='bbox 1388 1764 1643 1803; x_wconf 86' lang='lat' dir='ltr'>Cornelianae</span> <span class='ocrx_word' id='word_1_134' title='bbox 1678 1765 1815 1815; x_wconf 89' lang='lat' dir='ltr'>eisque</span> 
     </span>
     <span class='ocr_line' id='line_1_18' title="bbox 282 1828 1814 1879; baseline 0 -12"><span class='ocrx_word' id='word_1_135' title='bbox 282 1841 380 1879; x_wconf 81' lang='lat' dir='ltr'>quae</span> <span class='ocrx_word' id='word_1_136' title='bbox 409 1828 556 1868; x_wconf 84' lang='lat' dir='ltr'>addidit</span> <span class='ocrx_word' id='word_1_137' title='bbox 578 1830 770 1868; x_wconf 85' lang='lat' dir='ltr'>Asconius</span> <span class='ocrx_word' id='word_1_138' title='bbox 799 1830 997 1869; x_wconf 84' lang='lat' dir='ltr'>discimus.</span> <span class='ocrx_word' id='word_1_139' title='bbox 1038 1830 1190 1868; x_wconf 77' lang='lat' dir='ltr'>tulerat</span> <span class='ocrx_word' id='word_1_140' title='bbox 1207 1831 1312 1868; x_wconf 88' lang='lat' dir='ltr'>enim</span> <span class='ocrx_word' id='word_1_141' title='bbox 1336 1829 1374 1868; x_wconf 89' lang='lat' dir='ltr'>C.</span> <span class='ocrx_word' id='word_1_142' title='bbox 1397 1829 1602 1868; x_wconf 87' lang='lat' dir='ltr'>Cornelius</span> <span class='ocrx_word' id='word_1_143' title='bbox 1630 1828 1814 1867; x_wconf 88' lang='lat' dir='ltr'>tribunus</span> 
     </span>
     <span class='ocr_line' id='line_1_19' title="bbox 283 1892 1814 1946; baseline 0 -14"><span class='ocrx_word' id='word_1_144' title='bbox 283 1893 409 1944; x_wconf 86' lang='lat' dir='ltr'>plebis</span> <span class='ocrx_word' id='word_1_145' title='bbox 436 1907 466 1932; x_wconf 89' lang='lat' dir='ltr'>a.</span> <span class='ocrx_word' id='word_1_146' title='bbox 489 1892 556 1932; x_wconf 83' lang='grc'>67.</span> <span class='ocrx_word' id='word_1_147' title='bbox 579 1892 663 1933; x_wconf 78' lang='grc'>687</span> <span class='ocrx_word' id='word_1_148' title='bbox 691 1894 835 1946; x_wconf 83' lang='lat' dir='ltr'>legem,</span> <span class='ocrx_word' id='word_1_149' title='bbox 867 1900 910 1934; x_wconf 89' lang='lat' dir='ltr'>ut</span> <span class='ocrx_word' id='word_1_150' title='bbox 942 1901 1146 1946; x_wconf 85' lang='lat' dir='ltr'>praetores</span> <span class='ocrx_word' id='word_1_151' title='bbox 1173 1908 1219 1934; x_wconf 83' lang='lat' dir='ltr'>ex</span> <span class='ocrx_word' id='word_1_152' title='bbox 1247 1895 1387 1933; x_wconf 86' lang='lat' dir='ltr'>edictis</span> <span class='ocrx_word' id='word_1_153' title='bbox 1415 1896 1496 1934; x_wconf 85' lang='lat' dir='ltr'>suis</span> <span class='ocrx_word' id='word_1_154' title='bbox 1522 1895 1725 1946; x_wconf 87' lang='lat' dir='ltr'>perpetuis</span> <span class='ocrx_word' id='word_1_155' title='bbox 1752 1896 1814 1932; x_wconf 90' lang='lat' dir='ltr'>ius</span> 
     </span>
     <span class='ocr_line' id='line_1_20' title="bbox 283 1956 1813 2013; baseline 0 -16"><span class='ocrx_word' id='word_1_156' title='bbox 283 1959 461 1998; x_wconf 87' lang='lat' dir='ltr'>dicerent</span> <span class='ocrx_word' id='word_1_157' title='bbox 494 1956 651 2012; x_wconf 79' lang='lat' dir='ltr'>(Ascon.</span> <span class='ocrx_word' id='word_1_158' title='bbox 679 1973 825 2011; x_wconf 81' lang='lat' dir='ltr'>argum.</span> <span class='ocrx_word' id='word_1_159' title='bbox 848 1962 887 1998; x_wconf 94' lang='lat' dir='ltr'>in</span> <span class='ocrx_word' id='word_1_160' title='bbox 909 1960 1023 1999; x_wconf 84' lang='lat' dir='ltr'>Corn.</span> <span class='ocrx_word' id='word_1_161' title='bbox 1050 1974 1085 2011; x_wconf 93' lang='lat' dir='ltr'>p.</span> <span class='ocrx_word' id='word_1_162' title='bbox 1109 1958 1333 2000; x_wconf 71' lang='lat' dir='ltr'>521{.-Scl1.</span> <span class='ocrx_word' id='word_1_163' title='bbox 1361 1973 1395 2011; x_wconf 89' lang='lat' dir='ltr'>p.</span> <span class='ocrx_word' id='word_1_164' title='bbox 1411 1957 1467 1998; x_wconf 79' lang='lat'>48</span> <span class='ocrx_word' id='word_1_165' title='bbox 1485 1956 1572 2013; x_wconf 59' lang='lat' dir='ltr'>St).</span> <span class='ocrx_word' id='word_1_166' title='bbox 1618 1972 1715 2010; x_wconf 87' lang='lat' dir='ltr'>quae</span> <span class='ocrx_word' id='word_1_167' title='bbox 1751 1959 1813 1997; x_wconf 86' lang='lat' dir='ltr'>lex</span> 
     </span>
     <span class='ocr_line' id='line_1_21' title="bbox 282 2025 1813 2076; baseline 0 -14"><span class='ocrx_word' id='word_1_168' title='bbox 282 2036 397 2075; x_wconf 86' lang='lat' dir='ltr'>quam</span> <span class='ocrx_word' id='word_1_169' title='bbox 426 2030 512 2076; x_wconf 84' lang='lat' dir='ltr'>apta</span> <span class='ocrx_word' id='word_1_170' title='bbox 541 2031 656 2076; x_wconf 82' lang='lat' dir='ltr'>esset,</span> <span class='ocrx_word' id='word_1_171' title='bbox 682 2026 732 2064; x_wconf 87' lang='lat' dir='ltr'>ita</span> <span class='ocrx_word' id='word_1_172' title='bbox 755 2025 892 2064; x_wconf 86' lang='lat' dir='ltr'>Cicero</span> <span class='ocrx_word' id='word_1_173' title='bbox 919 2025 1214 2076; x_wconf 83' lang='lat' dir='ltr'>demonstrauit,</span> <span class='ocrx_word' id='word_1_174' title='bbox 1241 2031 1285 2064; x_wconf 84' lang='lat' dir='ltr'>ut</span> <span class='ocrx_word' id='word_1_175' title='bbox 1305 2025 1452 2076; x_wconf 84' lang='lat' dir='ltr'>aliquot</span> <span class='ocrx_word' id='word_1_176' title='bbox 1477 2032 1678 2076; x_wconf 84' lang='lat' dir='ltr'>praetores</span> <span class='ocrx_word' id='word_1_177' title='bbox 1699 2025 1813 2063; x_wconf 78' lang='lat' dir='ltr'>affer-</span> 
     </span>
    </p>
   </div>
   <div class='ocr_carea' id='block_1_3' title="bbox 278 2146 1814 2884">
    <p class='ocr_par' dir='ltr' id='par_1_6' title="bbox 280 2146 1814 2404">
     <span class='ocr_line' id='line_1_22' title="bbox 379 2146 1812 2190; baseline 0 -11"><span class='ocrx_word' id='word_1_178' title='bbox 379 2148 411 2190; x_wconf 88' lang='lat'>1)</span> <span class='ocrx_word' id='word_1_179' title='bbox 438 2147 480 2180; x_wconf 90' lang='lat' dir='ltr'>A.</span> <span class='ocrx_word' id='word_1_180' title='bbox 496 2146 605 2180; x_wconf 83' lang='lat' dir='ltr'>Riese</span> <span class='ocrx_word' id='word_1_181' title='bbox 640 2147 749 2181; x_wconf 76' lang='lat' dir='ltr'>Ueber</span> <span class='ocrx_word' id='word_1_182' title='bbox 774 2147 841 2181; x_wconf 79' lang='lat' dir='ltr'>das</span> <span class='ocrx_word' id='word_1_183' title='bbox 863 2146 1159 2181; x_wconf 39' lang='lat' dir='ltr'>Geschsichtswerk</span> <span class='ocrx_word' id='word_1_184' title='bbox 1184 2147 1245 2181; x_wconf 82' lang='lat' dir='ltr'>des</span> <span class='ocrx_word' id='word_1_185' title='bbox 1263 2147 1308 2180; x_wconf 89' lang='lat' dir='ltr'>L.</span> <span class='ocrx_word' id='word_1_186' title='bbox 1332 2147 1369 2181; x_wconf 80' lang='lat' dir='ltr'>C.</span> <span class='ocrx_word' id='word_1_187' title='bbox 1390 2146 1426 2181; x_wconf 78' lang='lat' dir='ltr'>S.</span> <span class='ocrx_word' id='word_1_188' title='bbox 1450 2146 1488 2179; x_wconf 85' lang='lat' dir='ltr'>in</span> <span class='ocrx_word' id='word_1_189' title='bbox 1509 2146 1727 2188; x_wconf 72' lang='lat' dir='ltr'>Festschrift</span> <span class='ocrx_word' id='word_1_190' title='bbox 1745 2156 1812 2179; x_wconf 69' lang='lat' dir='ltr'>zur</span> 
     </span>
     <span class='ocr_line' id='line_1_23' title="bbox 280 2199 1814 2246; baseline 0 -13"><span class='ocrx_word' id='word_1_191' title='bbox 280 2200 526 2245; x_wconf 66' lang='lat' dir='ltr'>Beyruessmzy</span> <span class='ocrx_word' id='word_1_192' title='bbox 553 2200 616 2234; x_wconf 79' lang='lat' dir='ltr'>der</span> <span class='ocrx_word' id='word_1_193' title='bbox 635 2202 692 2233; x_wconf 71' lang='lat'>24.</span> <span class='ocrx_word' id='word_1_194' title='bbox 717 2201 990 2244; x_wconf 66' lang='lat' dir='ltr'>VersammZuny</span> <span class='ocrx_word' id='word_1_195' title='bbox 1011 2200 1193 2234; x_wconf 73' lang='lat' dir='ltr'>(lezctscher</span> <span class='ocrx_word' id='word_1_196' title='bbox 1213 2200 1423 2246; x_wconf 70' lang='lat' dir='ltr'>Philoloyen</span> <span class='ocrx_word' id='word_1_197' title='bbox 1445 2227 1451 2234; x_wconf 89' lang='lat'>.</span> <span class='ocrx_word' id='word_1_198' title='bbox 1469 2228 1474 2233; x_wconf 92' lang='lat'>.</span> <span class='ocrx_word' id='word_1_199' title='bbox 1492 2227 1499 2233; x_wconf 92' lang='lat'>.</span> <span class='ocrx_word' id='word_1_200' title='bbox 1520 2210 1567 2233; x_wconf 64' lang='lat' dir='ltr'>zu</span> <span class='ocrx_word' id='word_1_201' title='bbox 1587 2199 1814 2244; x_wconf 68' lang='lat' dir='ltr'>Heidelberg).</span> 
     </span>
     <span class='ocr_line' id='line_1_24' title="bbox 283 2252 1812 2298; baseline -0.001 -12"><span class='ocrx_word' id='word_1_202' title='bbox 283 2256 383 2287; x_wconf 82' lang='grc'><strong>1865.</strong></span> <span class='ocrx_word' id='word_1_203' title='bbox 424 2254 464 2286; x_wconf 90' lang='lat' dir='ltr'>A.</span> <span class='ocrx_word' id='word_1_204' title='bbox 482 2253 684 2287; x_wconf 84' lang='lat' dir='ltr'>Schneider</span> <span class='ocrx_word' id='word_1_205' title='bbox 709 2253 768 2288; x_wconf 80' lang='lat' dir='ltr'>De</span> <span class='ocrx_word' id='word_1_206' title='bbox 788 2253 831 2287; x_wconf 87' lang='lat' dir='ltr'>L.</span> <span class='ocrx_word' id='word_1_207' title='bbox 857 2254 892 2288; x_wconf 80' lang='lat' dir='ltr'>C.</span> <span class='ocrx_word' id='word_1_208' title='bbox 915 2253 949 2287; x_wconf 82' lang='lat' dir='ltr'>S.</span> <span class='ocrx_word' id='word_1_209' title='bbox 970 2254 1205 2288; x_wconf 73' lang='lat' dir='ltr'>historiarum</span> <span class='ocrx_word' id='word_1_210' title='bbox 1232 2254 1397 2298; x_wconf 70' lang='lat' dir='ltr'>reliquiis</span> <span class='ocrx_word' id='word_1_211' title='bbox 1423 2253 1588 2297; x_wconf 85' lang='lat' dir='ltr'>(Dissert.</span> <span class='ocrx_word' id='word_1_212' title='bbox 1611 2252 1685 2287; x_wconf 86' lang='lat' dir='ltr'>Ien.</span> <span class='ocrx_word' id='word_1_213' title='bbox 1709 2255 1812 2293; x_wconf 80' lang='lat'>1882,</span> 
     </span>
     <span class='ocr_line' id='line_1_25' title="bbox 280 2305 1809 2351; baseline -0.001 -12"><span class='ocrx_word' id='word_1_214' title='bbox 280 2305 318 2339; x_wconf 86' lang='lat' dir='ltr'>in</span> <span class='ocrx_word' id='word_1_215' title='bbox 345 2306 574 2350; x_wconf 78' lang='lat' dir='ltr'>explicandis</span> <span class='ocrx_word' id='word_1_216' title='bbox 601 2306 822 2351; x_wconf 74' lang='lat' dir='ltr'>fragmentis</span> <span class='ocrx_word' id='word_1_217' title='bbox 848 2307 1041 2349; x_wconf 51' lang='lat' dir='ltr'>uersaturff.</span> <span class='ocrx_word' id='word_1_218' title='bbox 1083 2305 1161 2340; x_wconf 77' lang='lat' dir='ltr'>Caii</span> <span class='ocrx_word' id='word_1_219' title='bbox 1187 2306 1246 2340; x_wconf 84' lang='lat' dir='ltr'>La</span> <span class='ocrx_word' id='word_1_220' title='bbox 1271 2307 1346 2340; x_wconf 71' lang='lat' dir='ltr'>vita</span> <span class='ocrx_word' id='word_1_221' title='bbox 1373 2317 1389 2340; x_wconf 83' lang='lat' dir='ltr'>e</span> <span class='ocrx_word' id='word_1_222' title='bbox 1416 2306 1446 2339; x_wconf 78' lang='lat' dir='ltr'>le</span> <span class='ocrx_word' id='word_1_223' title='bbox 1466 2316 1568 2349; x_wconf 76' lang='lat' dir='ltr'>opere</span> <span class='ocrx_word' id='word_1_224' title='bbox 1588 2305 1628 2339; x_wconf 69' lang='lat' dir='ltr'>cli</span> <span class='ocrx_word' id='word_1_225' title='bbox 1648 2305 1693 2339; x_wconf 91' lang='lat' dir='ltr'>L.</span> <span class='ocrx_word' id='word_1_226' title='bbox 1717 2305 1751 2339; x_wconf 79' lang='lat' dir='ltr'>C.</span> <span class='ocrx_word' id='word_1_227' title='bbox 1774 2305 1809 2340; x_wconf 83' lang='lat' dir='ltr'>S.</span> 
     </span>
     <span class='ocr_line' id='line_1_26' title="bbox 280 2358 902 2404; baseline 0.003 -12"><span class='ocrx_word' id='word_1_228' title='bbox 280 2358 436 2403; x_wconf 64' lang='lat' dir='ltr'>(Catane</span> <span class='ocrx_word' id='word_1_229' title='bbox 460 2363 560 2395; x_wconf 83' lang='grc'><strong>1894.</strong></span> <span class='ocrx_word' id='word_1_230' title='bbox 588 2359 680 2393; x_wconf 86' lang='lat' dir='ltr'>mihi</span> <span class='ocrx_word' id='word_1_231' title='bbox 706 2360 902 2404; x_wconf 84' lang='lat' dir='ltr'>ignotum).</span> 
     </span>
    </p>

    <p class='ocr_par' dir='ltr' id='par_1_7' title="bbox 279 2411 1811 2554">
     <span class='ocr_line' id='line_1_27' title="bbox 376 2411 1811 2457; baseline 0.001 -12"><span class='ocrx_word' id='word_1_232' title='bbox 376 2414 411 2456; x_wconf 74' lang='lat'>2)</span> <span class='ocrx_word' id='word_1_233' title='bbox 437 2414 481 2447; x_wconf 81' lang='lat' dir='ltr'>L.</span> <span class='ocrx_word' id='word_1_234' title='bbox 500 2414 660 2448; x_wconf 59' lang='lat' dir='ltr'>Cornelii</span> <span class='ocrx_word' id='word_1_235' title='bbox 672 2413 708 2448; x_wconf 80' lang='lat' dir='ltr'>S.</span> <span class='ocrx_word' id='word_1_236' title='bbox 722 2414 885 2448; x_wconf 70' lang='lat' dir='ltr'>historici</span> <span class='ocrx_word' id='word_1_237' title='bbox 906 2414 1067 2448; x_wconf 75' lang='lat' dir='ltr'>Romani</span> <span class='ocrx_word' id='word_1_238' title='bbox 1085 2414 1203 2448; x_wconf 81' lang='lat' dir='ltr'>uitam</span> <span class='ocrx_word' id='word_1_239' title='bbox 1223 2414 1435 2457; x_wconf 70' lang='lat' dir='ltr'>conscripsit</span> <span class='ocrx_word' id='word_1_240' title='bbox 1450 2411 1486 2446; x_wconf 81' lang='lat' dir='ltr'>C.</span> <span class='ocrx_word' id='word_1_241' title='bbox 1503 2411 1546 2445; x_wconf 92' lang='lat' dir='ltr'>L.</span> <span class='ocrx_word' id='word_1_242' title='bbox 1563 2412 1670 2446; x_wconf 84' lang='lat' dir='ltr'>Roth.</span> <span class='ocrx_word' id='word_1_243' title='bbox 1696 2411 1811 2446; x_wconf 80' lang='lat' dir='ltr'>Basil.</span> 
     </span>
     <span class='ocr_line' id='line_1_28' title="bbox 282 2464 1810 2511; baseline -0.001 -12"><span class='ocrx_word' id='word_1_244' title='bbox 282 2469 383 2508; x_wconf 84' lang='lat'>1834,</span> <span class='ocrx_word' id='word_1_245' title='bbox 411 2466 474 2510; x_wconf 81' lang='lat' dir='ltr'>qui</span> <span class='ocrx_word' id='word_1_246' title='bbox 502 2468 609 2500; x_wconf 78' lang='lat' dir='ltr'>caute</span> <span class='ocrx_word' id='word_1_247' title='bbox 636 2468 672 2501; x_wconf 87' lang='lat' dir='ltr'>et</span> <span class='ocrx_word' id='word_1_248' title='bbox 702 2466 902 2511; x_wconf 76' lang='lat' dir='ltr'>diligenter</span> <span class='ocrx_word' id='word_1_249' title='bbox 926 2478 1004 2500; x_wconf 84' lang='lat' dir='ltr'>rem</span> <span class='ocrx_word' id='word_1_250' title='bbox 1036 2466 1219 2511; x_wconf 70' lang='lat' dir='ltr'>transegit</span> <span class='ocrx_word' id='word_1_251' title='bbox 1246 2467 1358 2509; x_wconf 78' lang='lat' dir='ltr'>atque</span> <span class='ocrx_word' id='word_1_252' title='bbox 1384 2465 1421 2499; x_wconf 86' lang='lat' dir='ltr'>in</span> <span class='ocrx_word' id='word_1_253' title='bbox 1447 2464 1635 2509; x_wconf 83' lang='lat' dir='ltr'>plerisque</span> <span class='ocrx_word' id='word_1_254' title='bbox 1661 2476 1718 2498; x_wconf 91' lang='lat' dir='ltr'>me</span> <span class='ocrx_word' id='word_1_255' title='bbox 1744 2464 1810 2498; x_wconf 77' lang='lat' dir='ltr'>ha.-</span> 
     </span>
     <span class='ocr_line' id='line_1_29' title="bbox 279 2519 664 2554; baseline 0.003 -1"><span class='ocrx_word' id='word_1_256' title='bbox 279 2519 362 2553; x_wconf 88' lang='lat' dir='ltr'>buit</span> <span class='ocrx_word' id='word_1_257' title='bbox 388 2520 664 2554; x_wconf 74' lang='lat' dir='ltr'>assentientem.</span> 
     </span>
    </p>

    <p class='ocr_par' dir='ltr' id='par_1_8' title="bbox 280 2571 1810 2724">
     <span class='ocr_line' id='line_1_30' title="bbox 375 2571 1810 2618; baseline -0.001 -12"><span class='ocrx_word' id='word_1_258' title='bbox 375 2578 409 2616; x_wconf 85' lang='lat'>3)</span> <span class='ocrx_word' id='word_1_259' title='bbox 436 2574 565 2617; x_wconf 82' lang='lat' dir='ltr'>Itaque</span> <span class='ocrx_word' id='word_1_260' title='bbox 598 2573 735 2608; x_wconf 81' lang='lat' dir='ltr'>iniuria</span> <span class='ocrx_word' id='word_1_261' title='bbox 761 2574 860 2618; x_wconf 85' lang='lat' dir='ltr'>quod</span> <span class='ocrx_word' id='word_1_262' title='bbox 891 2573 990 2618; x_wconf 80' lang='lat' dir='ltr'>apud</span> <span class='ocrx_word' id='word_1_263' title='bbox 1018 2572 1214 2608; x_wconf 76' lang='lat' dir='ltr'>Gruterum</span> <span class='ocrx_word' id='word_1_264' title='bbox 1241 2573 1361 2617; x_wconf 85' lang='lat' dir='ltr'>(inser.</span> <span class='ocrx_word' id='word_1_265' title='bbox 1382 2584 1418 2616; x_wconf 89' lang='lat' dir='ltr'>p.</span> <span class='ocrx_word' id='word_1_266' title='bbox 1434 2575 1501 2605; x_wconf 82' lang='lat'>503</span> <span class='ocrx_word' id='word_1_267' title='bbox 1514 2574 1581 2616; x_wconf 81' lang='lat' dir='ltr'>sq.)</span> <span class='ocrx_word' id='word_1_268' title='bbox 1608 2571 1722 2605; x_wconf 80' lang='lat' dir='ltr'>dubia</span> <span class='ocrx_word' id='word_1_269' title='bbox 1742 2571 1810 2605; x_wconf 86' lang='lat' dir='ltr'>Vr-</span> 
     </span>
     <span class='ocr_line' id='line_1_31' title="bbox 280 2623 1810 2670; baseline -0.002 -10"><span class='ocrx_word' id='word_1_270' title='bbox 280 2626 351 2660; x_wconf 85' lang='lat' dir='ltr'>sini</span> <span class='ocrx_word' id='word_1_271' title='bbox 379 2626 602 2661; x_wconf 81' lang='lat' dir='ltr'>auctoritate</span> <span class='ocrx_word' id='word_1_272' title='bbox 628 2628 807 2669; x_wconf 76' lang='lat' dir='ltr'>uteretur,</span> <span class='ocrx_word' id='word_1_273' title='bbox 834 2627 931 2661; x_wconf 87' lang='lat' dir='ltr'>hunc</span> <span class='ocrx_word' id='word_1_274' title='bbox 962 2626 1114 2661; x_wconf 87' lang='lat' dir='ltr'>titulum</span> <span class='ocrx_word' id='word_1_275' title='bbox 1139 2626 1176 2660; x_wconf 87' lang='lat' dir='ltr'>in</span> <span class='ocrx_word' id='word_1_276' title='bbox 1205 2625 1452 2670; x_wconf 82' lang='lat' dir='ltr'>suspicionem</span> <span class='ocrx_word' id='word_1_277' title='bbox 1477 2625 1627 2659; x_wconf 84' lang='lat' dir='ltr'>uocauit</span> <span class='ocrx_word' id='word_1_278' title='bbox 1652 2623 1810 2669; x_wconf 79' lang='lat' dir='ltr'>Maduig</span> 
     </span>
     <span class='ocr_line' id='line_1_32' title="bbox 280 2679 564 2724; baseline 0.004 -11"><span class='ocrx_word' id='word_1_279' title='bbox 280 2679 413 2724; x_wconf 87' lang='lat' dir='ltr'>Opusc.</span> <span class='ocrx_word' id='word_1_280' title='bbox 435 2692 469 2724; x_wconf 90' lang='lat' dir='ltr'>p.</span> <span class='ocrx_word' id='word_1_281' title='bbox 487 2684 564 2715; x_wconf 89' lang='lat'>100.</span> 
     </span>
    </p>

    <p class='ocr_par' dir='ltr' id='par_1_9' title="bbox 374 2731 1807 2778">
     <span class='ocr_line' id='line_1_33' title="bbox 374 2731 1807 2778; baseline 0 -13"><span class='ocrx_word' id='word_1_282' title='bbox 374 2735 407 2775; x_wconf 77' lang='lat'>4)</span> <span class='ocrx_word' id='word_1_283' title='bbox 434 2733 640 2767; x_wconf 85' lang='lat' dir='ltr'>Mommsen</span> <span class='ocrx_word' id='word_1_284' title='bbox 653 2733 729 2768; x_wconf 80' lang='lat' dir='ltr'>C.1.</span> <span class='ocrx_word' id='word_1_285' title='bbox 746 2734 783 2768; x_wconf 90' lang='lat' dir='ltr'>L.</span> <span class='ocrx_word' id='word_1_286' title='bbox 805 2734 869 2778; x_wconf 85' lang='lat' dir='ltr'>Ip.</span> <span class='ocrx_word' id='word_1_287' title='bbox 882 2738 946 2767; x_wconf 86' lang='lat'>111</span> <span class='ocrx_word' id='word_1_288' title='bbox 963 2736 1085 2767; x_wconf 69' lang='lat' dir='ltr'>n.‘203.</span> <span class='ocrx_word' id='word_1_289' title='bbox 1107 2732 1226 2767; x_wconf 86' lang='lat' dir='ltr'>Bruns</span> <span class='ocrx_word' id='word_1_290' title='bbox 1241 2732 1373 2766; x_wconf 81' lang='lat' dir='ltr'>Fontes</span> <span class='ocrx_word' id='word_1_291' title='bbox 1387 2732 1454 2765; x_wconf 82' lang='lat' dir='ltr'>iur.</span> <span class='ocrx_word' id='word_1_292' title='bbox 1468 2731 1592 2766; x_wconf 79' lang='lat' dir='ltr'>Rom.⁵</span> <span class='ocrx_word' id='word_1_293' title='bbox 1604 2743 1641 2775; x_wconf 90' lang='lat' dir='ltr'>p.</span> <span class='ocrx_word' id='word_1_294' title='bbox 1653 2734 1717 2765; x_wconf 79' lang='lat'>158</span> <span class='ocrx_word' id='word_1_295' title='bbox 1727 2742 1807 2774; x_wconf 87' lang='lat' dir='ltr'>sqq.</span> 
     </span>
    </p>

    <p class='ocr_par' dir='ltr' id='par_1_10' title="bbox 278 2783 1808 2884">
     <span class='ocr_line' id='line_1_34' title="bbox 374 2783 1808 2831; baseline -0.002 -11"><span class='ocrx_word' id='word_1_296' title='bbox 374 2789 408 2830; x_wconf 82' lang='lat'>5)</span> <span class='ocrx_word' id='word_1_297' title='bbox 435 2786 544 2820; x_wconf 83' lang='lat' dir='ltr'>Falso</span> <span class='ocrx_word' id='word_1_298' title='bbox 566 2786 611 2820; x_wconf 91' lang='lat' dir='ltr'>de</span> <span class='ocrx_word' id='word_1_299' title='bbox 632 2786 711 2820; x_wconf 81' lang='lat' dir='ltr'>sola</span> <span class='ocrx_word' id='word_1_300' title='bbox 729 2786 820 2821; x_wconf 84' lang='lat' dir='ltr'>iuris</span> <span class='ocrx_word' id='word_1_301' title='bbox 842 2787 1005 2821; x_wconf 85' lang='lat' dir='ltr'>dictione</span> <span class='ocrx_word' id='word_1_302' title='bbox 1024 2786 1222 2831; x_wconf 76' lang='lat' dir='ltr'>peregrina</span> <span class='ocrx_word' id='word_1_303' title='bbox 1242 2784 1507 2820; x_wconf 76' lang='lat' dir='ltr'>intellexerunt</span> <span class='ocrx_word' id='word_1_304' title='bbox 1521 2783 1688 2827; x_wconf 67' lang='lat' dir='ltr'>Vrsinus,</span> <span class='ocrx_word' id='word_1_305' title='bbox 1716 2783 1808 2818; x_wconf 81' lang='lat' dir='ltr'>Gru-</span> 
     </span>
     <span class='ocr_line' id='line_1_35' title="bbox 278 2839 849 2884; baseline 0.002 -11"><span class='ocrx_word' id='word_1_306' title='bbox 278 2841 346 2883; x_wconf 83' lang='lat' dir='ltr'>ter,</span> <span class='ocrx_word' id='word_1_307' title='bbox 372 2839 523 2884; x_wconf 78' lang='lat' dir='ltr'>Popma.</span> <span class='ocrx_word' id='word_1_308' title='bbox 564 2840 609 2873; x_wconf 84' lang='lat' dir='ltr'>ef.</span> <span class='ocrx_word' id='word_1_309' title='bbox 624 2839 724 2874; x_wconf 86' lang='lat' dir='ltr'>Roth</span> <span class='ocrx_word' id='word_1_310' title='bbox 743 2851 778 2883; x_wconf 90' lang='lat' dir='ltr'>p.</span> <span class='ocrx_word' id='word_1_311' title='bbox 796 2844 849 2874; x_wconf 86' lang='lat'>17.</span> 
     </span>
    </p>
   </div>
   <div class='ocr_carea' id='block_1_4' title="bbox 1941 0 2002 3342">
    <p class='ocr_par' dir='ltr' id='par_1_11' title="bbox 1941 0 2002 3342">
     <span class='ocr_line' id='line_1_36' title="bbox 1941 0 2002 3342; baseline 0 0"><span class='ocrx_word' id='word_1_312' title='bbox 1941 0 2002 3342; x_wconf 95' lang='lat' dir='ltr'> </span> 
     </span>
    </p>
   </div>
  </div>
 </body>
</html>
