2002 3342
509 774 543 820 I.
582 773 666 820 DE
705 771 1077 819 ANNALIBVS
1116 769 1431 836 MAXIMIS1)

295 875 490 914 Historiae
517 874 714 913 Romanae
747 873 962 925 primordia
990 874 1117 924 repeti
1151 872 1277 911 solent
1304 885 1323 911 a
1350 872 1549 923 pontificis
1582 874 1742 911 maximi

206 940 412 981 annalibus
441 939 503 979 uel
530 939 736 978 annalibus
762 940 960 989 maximis,
995 937 1041 976 de
1069 937 1212 989 quibus
1242 937 1316 976 duo
1343 937 1533 976 habemus
1560 937 1742 976 inlustria

208 1007 442 1056 testimonia,
468 1017 591 1044 unum
619 1004 822 1043 Ciceronis
850 999 916 1057 (de
945 1010 1040 1042 orat.
1062 1001 1100 1052 2,
1119 999 1289 1057 1252),
1317 1002 1483 1042 alterum
1506 1002 1647 1053 Seruii,
1675 1005 1742 1054 qui

208 1071 353 1110 dicitur
372 1070 544 1109 Danielis
570 1069 635 1108 uel
661 1075 798 1108 auctus
827 1067 893 1121 (ad
914 1069 1025 1119 Verg.
1047 1069 1140 1107 Aen.
1164 1066 1199 1118 1,
1216 1064 1334 1122 373),
1361 1069 1413 1106 ita
1439 1074 1673 1118 comparata,
1699 1073 1744 1106 ut

208 1138 364 1187 egregie
393 1135 559 1174 alterum
587 1134 708 1173 altero
737 1140 802 1172 aut
829 1133 1060 1185 suppleatur
1086 1138 1152 1172 aut
1178 1134 1409 1183 corrigatur.
1449 1132 1513 1171 ille
1542 1134 1644 1171 enim
1667 1133 1743 1171 An-

206 1202 358 1240 tonium
386 1200 432 1239 de
453 1206 589 1239 uetere
610 1200 774 1238 historia
795 1198 968 1237 Romana
995 1200 1051 1237 sic
1074 1198 1338 1237 disserentem
1365 1198 1474 1236 facit:
1508 1199 1613 1237 Erat
1639 1201 1744 1237 enim

206 1268 379 1306 historia
405 1267 510 1305 m'he'l
535 1267 650 1304 aliud
674 1268 754 1303 nisi
780 1267 989 1303 annalium
1017 1264 1216 1314 confectio
1226 1278 1240 1310 ;
1273 1266 1391 1302 cuius
1416 1266 1480 1302 rei
1509 1266 1745 1302 memoriae-

206 1343 284 1382 que
301 1333 497 1381 publicae
523 1331 764 1369 retinendae
791 1342 918 1369 causa
946 1331 995 1368 ab
1023 1332 1139 1368 initio
1161 1341 1298 1367 rerum
1320 1329 1598 1367 Romanarum
1622 1340 1746 1377 usque

208 1399 264 1436 ad
288 1398 331 1435 P.
352 1397 535 1435 Mucium
558 1398 796 1445 pontificem
828 1397 1048 1433 marce'mum
1081 1406 1147 1433 res
1173 1405 1309 1432 omnes
1333 1396 1586 1442 singulorum
1620 1405 1745 1433 anno-

303 1525 336 1566 1)
364 1522 417 1556 De
445 1521 642 1556 annalibus
662 1520 834 1555 maximis
861 1522 1018 1565 egerunt
1036 1519 1289 1564 peculiaribus
1310 1519 1416 1553 libris
1435 1518 1496 1553 uel
1517 1521 1746 1553 commenta-

208 1576 371 1611 tionibus
403 1576 429 1610 1.
452 1575 492 1610 G.
514 1574 715 1609 Hulleman
753 1575 970 1618 Disputatio
997 1575 1126 1608 critica
1152 1573 1194 1608 de
1219 1584 1308 1608 ann.
1334 1584 1431 1607 max.
1462 1572 1746 1617 (Amstelodami

209 1631 313 1673 1855)
342 1629 400 1673 (de
427 1639 501 1673 qua
531 1629 630 1662 recte
656 1627 843 1661 iudicauit
861 1627 905 1661 K.
926 1626 1127 1671 Niemeyer
1146 1626 1185 1660 in
1205 1626 1342 1661 Ztschr.
1361 1626 1389 1668 f.
1414 1625 1746 1671 Gymnasialzcesen

206 1683 274 1718 XII
295 1686 385 1717 1858
412 1694 446 1726 p.
463 1683 683 1725 423-428),
716 1681 756 1715 E.
778 1680 954 1715 Huebner
985 1681 1060 1715 Die
1085 1692 1172 1715 ann.
1194 1691 1290 1714 max.
1311 1680 1374 1714 cler
1395 1679 1545 1714 Roemer
1571 1679 1608 1712 in
1638 1678 1746 1713 Iahni

208 1736 331 1770 annal.
346 1735 494 1770 LXXIV
515 1736 634 1779 (1859)
656 1747 690 1779 p.
707 1737 915 1777 401—423,
941 1733 982 1769 O.
1004 1732 1121 1768 Seeck
1148 1733 1221 1767 Die
1242 1733 1520 1776 Kalerzdertafel
1539 1733 1603 1767 der
1617 1733 1746 1767 Ponti-

206 1791 288 1834 fices
314 1788 445 1834 (Berol.
468 1790 591 1831 1885),
622 1787 659 1823 C.
687 1787 878 1822 Cichorius
905 1788 952 1822 R.
973 1787 1021 1821 E.
1048 1786 1063 1820 Ι
1091 1799 1119 1822 c.
1141 1789 1410 1829 2248--2256,
1443 1786 1484 1820 G.
1507 1785 1636 1820 Soltau
1674 1787 1748 1821 Die

207 1855 294 1878 ann.
322 1853 418 1877 max.
451 1842 490 1876 in
522 1841 655 1876 Philol.
683 1841 745 1875 LV
771 1853 806 1885 p.
834 1844 1052 1883 255—276,
1089 1851 1163 1884 qua
1197 1839 1453 1884 disputatione
1484 1849 1544 1882 ea,
1581 1849 1675 1883 quae
1707 1840 1746 1873 in

207 1895 448 1941 chronologia
479 1895 648 1929 Romana
679 1907 715 1939 p.
736 1898 804 1929 445
821 1905 900 1937 sqq.
927 1893 1021 1928 mihi
1054 1893 1233 1928 adsensus
1265 1892 1482 1937 scripserat,
1514 1892 1747 1931 retractauit,

208 1951 249 1984 A.
270 1949 443 1983 Enmann
475 1949 548 1983 Die
574 1949 714 1983 aelteste
740 1948 946 1983 Redaction
965 1947 1028 1982 der
1054 1947 1418 1990 Pontificalcmnalen
1443 1946 1482 1980 in
1508 1958 1601 1980 mus.
1629 1946 1747 1980 Rhen.

209 2003 303 2037 LVII
328 2015 363 2047 p.
386 2005 589 2044 517-533,
621 2001 662 2036 Ε.
684 2001 922 2036 Kornemann
956 2002 1034 2036 Der
1059 2001 1332 2036 Prz‘estercodex
1362 2000 1403 2033 in
1435 2000 1498 2034 der
1525 2000 1643 2045 Regia
1668 2000 1747 2034 und

207 2057 265 2091 die
300 2056 533 2101 Entstehuny
570 2055 633 2090 der
664 2055 825 2090 altroem.
858 2054 1200 2100 Pseudoyeschiehte
1238 2057 1362 2095 (19123
1401 2052 1539 2087 frustra
1578 2053 1748 2097 quaesiui

206 2109 243 2144 L.
280 2108 484 2144 Cantarelli
523 2108 670 2154 Origine
702 2109 797 2154 deyli
831 2119 918 2143 amc.
947 2119 1044 2142 mam.
1084 2107 1230 2153 [Tutini
1265 2107 1370 2153 1898]
1405 2108 1442 2141 et
1483 2105 1523 2141 G.
1551 2106 1747 2141 Amatueci

210 2162 274 2197 Gli
298 2174 385 2197 ann.
406 2174 503 2197 masc.
530 2162 568 2196 in
589 2163 737 2196 Rivista
764 2161 860 2196 della
885 2161 924 2196 F
923 2161 961 2195 il.
983 2161 1085 2195 class.
1108 2160 1227 2194 XXIV
1246 2172 1282 2205 p.
1305 2161 1524 2204 208-233),
1556 2161 1750 2204 praeterea

206 2216 316 2250 multi
342 2215 409 2250 alii
434 2215 628 2250 occasione
649 2214 776 2249 oblata.
801 2214 886 2259 plus
912 2214 1084 2248 minusue
1111 2214 1271 2258 copiose,
1298 2224 1342 2248 ex
1369 2224 1441 2257 quo
1468 2224 1620 2247 numero
1651 2224 1749 2247 nuno

208 2269 358 2304 nomino
380 2268 655 2313 Schweglerum
674 2268 713 2302 in
733 2268 820 2302 hist.
836 2267 971 2302 Rom.l
992 2280 1025 2312 p.
1044 2271 1169 2309 7—12,
1191 2266 1227 2302 C.
1242 2266 1571 2301 Wachsmuthium
1591 2266 1630 2300 in
1650 2267 1748 2300 Ein-

207 2323 344 2368 leituny
369 2324 410 2357 in
436 2323 494 2357 die
513 2323 584 2357 alte
604 2322 808 2357 Gesehichte
834 2334 868 2366 p.
886 2324 952 2355 618
968 2332 1060 2365 sqq,
1087 2321 1127 2356 E.
1149 2320 1315 2355 Paisium
1340 2320 1465 2356 Storia
1485 2320 1525 2354 di
1545 2320 1662 2355 Roma
1690 2319 1706 2352 I
1728 2324 1745 2354 1

208 2388 241 2420 p.
263 2379 419 2419 27—38,
454 2375 498 2410 H.
519 2375 720 2410 Nissenum
759 2375 1080 2420 Untersuehunqen
1111 2375 1217 2409 ueber
1248 2375 1305 2408 (lie
1342 2373 1490 2419 Quellen
1521 2374 1582 2408 des
1614 2374 1747 2407 Livius

207 2441 242 2473 p.
265 2433 308 2463 86
325 2440 422 2473 sqq.,
456 2429 494 2462 L.
523 2428 767 2463 Wuelkerum
793 2429 1104 2473 Prodiyienuesen
1142 2428 1196 2463 bei
1228 2428 1297 2461 den
1326 2427 1505 2462 Roemern
1536 2438 1571 2471 p.
1594 2429 1747 2460 50—70.

208 2483 289 2527 ipse
320 2482 359 2516 in
385 2483 494 2516 tanta
526 2481 827 2516 testimoniorum
852 2480 996 2525 inopia,
1030 2482 1139 2515 tanta
1166 2480 1429 2525 opinationum
1455 2481 1493 2514 et
1519 2479 1749 2513 coniectura-

207 2547 288 2570 rum
318 2535 552 2570 abundantia
584 2535 794 2569 certissima
820 2545 989 2578 quaeque
1014 2544 1221 2578 proponere
1247 2533 1367 2567 malui
1393 2543 1505 2577 quam
1531 2532 1684 2566 haerere
1710 2532 1748 2565 in

208 2589 338 2623 multis
364 2589 528 2623 inuentis
554 2588 774 2629 refutandis,
802 2587 1022 2632 praesertim
1043 2599 1128 2622 cum
1153 2588 1229 2621 iam
1250 2586 1296 2620 ab
1318 2586 1541 2620 Hullemano
1564 2587 1600 2619 et
1620 2584 1748 2619 Hueb-

208 2652 296 2677 nero
331 2641 533 2676 maximam
569 2643 714 2686 partem
750 2641 905 2685 expulsa
938 2641 1023 2675 sint.
1074 2641 1202 2684 itaque
1234 2640 1277 2674 K.
1305 2639 1365 2673 W.
1392 2638 1576 2673 Nitzschii
1610 2637 1747 2672 librum

209 2695 283 2730 Die
308 2706 414 2730 roem.
436 2695 652 2730 Annalistik
672 2706 742 2729 von
765 2695 868 2729 ihren
887 2699 1003 2729 ersten
1023 2695 1225 2739 Awfiinqen
1251 2695 1304 2729 bis
1331 2694 1406 2736 auf
1426 2693 1594 2727 Valerius
1613 2693 1750 2726 Antias

210 2748 343 2792 (Berol.
373 2752 476 2792 1873)
508 2748 570 2782 hic
600 2748 714 2782 semel
740 2747 868 2790 eitaui,
895 2747 960 2791 qui
985 2747 1206 2781 memoriam
1227 2746 1435 2781 Romanam
1462 2756 1534 2779 non
1557 2745 1603 2778 ab
1630 2743 1747 2778 initiis

210 2801 425 2836 tabularum
451 2804 489 2836 et
515 2801 707 2835 annalium
733 2800 953 2846 pontificum
980 2800 1044 2834 sed
1066 2800 1111 2834 ab
1134 2799 1320 2834 aedilibus
1346 2798 1468 2843 plebis
1492 2797 1656 2841 repetiit,
1684 2796 1748 2839 qui

211 2854 351 2889 Cereris
378 2854 510 2899 templi
537 2855 727 2889 antistites
753 2855 913 2889 fuissent
940 2854 1040 2899 (uida
1056 2865 1091 2898 p.
1114 2856 1184 2887 204
1199 2854 1305 2896 sqq.).

1428 2910 1465 2944 μ.
