2002 3342
698 145 937 179 VALERIVS
965 145 1139 179 ANTIAS
1513 159 1682 187 (¹('('X111

150 261 191 296 in
220 259 405 296 Porsinae
433 256 534 295 bello
563 258 763 307 egregiam
790 268 948 307 operam
978 257 1033 293 rei
1062 256 1241 306 publicae
1276 256 1377 294 idem
1401 262 1530 307 nauat,
1558 268 1684 306 neque

149 325 262 374 prius
296 323 342 361 ad
370 328 528 373 pontem
556 321 766 360 sublicium
793 321 911 359 Tusci
938 326 1163 371 penetrant,
1198 334 1312 372 quam
1343 321 1404 359 ille
1433 321 1568 359 consul
1597 333 1685 371 pro-

150 378 330 439 pugnans
364 388 473 438 graui
507 387 672 425 uulnere
707 387 876 425 afflictus
910 399 954 424 ex
989 398 1117 436 pugna
1153 392 1375 437 asportatus
1409 392 1468 425 est
1495 384 1616 439 (nlo
1645 387 1684 423 in

151 454 222 492 bac
251 466 292 491 re
314 453 565 491 consentiens
593 464 680 490 cum
709 451 817 490 Dion.
840 447 987 503 5,23),
1016 452 1081 501 qui
1110 451 1220 489 breui
1250 458 1337 502 post.
1363 453 1507 502 optima
1534 451 1684 489 ualetu-

152 518 240 557 dine
273 530 368 556 usus
402 518 636 556 excursione
671 517 770 555 facta
805 518 978 567 quinque
1011 516 1182 555 hostium
1218 516 1323 554 milia
1352 516 1496 555 occidit
1523 512 1685 569 (017).

149 597 219 634 pax
256 589 383 622 autem
420 582 512 621 solis
540 581 760 633 Poplicolae
788 581 963 620 consiliis
998 588 1030 619 ei
1069 587 1151 620 arte
1180 581 1429 631 conciliatur,
1462 581 1579 632 idque
1608 587 1684 620 tam

150 650 285 699 aequis
307 647 617 697 condicionibus,
639 652 681 685 ut
702 648 818 685 etiam
843 652 969 685 castra
992 646 1174 685 omnibus
1197 648 1321 697 copiis
1343 648 1485 685 referta
1502 646 1685 685 Romanis

151 714 425 764 relinquantur
452 708 594 766 (0.18.
620 710 705 765 19).
745 718 828 751 tum
858 724 954 763 pace
986 712 1085 750 facta
1113 711 1159 750 ad
1187 711 1385 761 augendas
1412 713 1519 750 uires
1546 712 1685 750 Roma-

150 792 218 818 nas
241 780 406 830 Appium
434 778 639 816 Claudium
664 777 825 816 Romam
853 777 1018 815 aduocat
1039 774 1233 830 (e.21)1)
1256 783 1305 828 et,
1332 783 1586 828 posteaquam
1614 779 1686 816 ite-

151 857 237 883 rum
266 857 329 882 res
357 843 403 882 ad
431 856 536 882 arma
562 856 651 882 cum
680 843 836 881 Sabinis
862 843 984 893 uenit,
1018 842 1163 880 bellum
1191 843 1242 881 ita
1271 843 1383 893 gerit,
1410 848 1453 881 ut
1479 843 1685 881 uictoriam

149 922 286 947 omnes
323 908 369 947 ad
407 920 528 947 unum
569 908 806 959 Poplicolam
842 908 1028 946 reserant*
1052 904 1176 959 (ἑνὸς
1208 903 1342 959 ἔργον
1378 906 1569 959 ἡγοῦντο
1606 911 1686 946 τοῦ

150 977 396 1025 στρατηγοῦ
421 970 652 1025 γεγονέναι
681 987 712 1012 (·.
734 971 801 1012 22.
823 970 911 1024 23).
954 973 1122 1023 denique
1150 972 1254 1011 idern
1277 974 1428 1023 primus
1450 986 1493 1011 ex
1517 972 1686 1011 consuli-

149 1039 222 1077 bus
245 1039 512 1090 triumphauit,
534 1038 800 1077 laudationum
823 1050 972 1077 morem
993 1039 1167 1076 instituit
1182 1035 1232 1090 (c.
1250 1036 1309 1091 9),
1332 1038 1443 1077 ludos
1465 1038 1688 1077 saeculares

151 1110 333 1154 quartum
369 1104 504 1143 consul
532 1101 583 1156 (a.
599 1101 697 1143 505.
719 1100 825 1157 5249)
858 1105 1028 1142 instituit
1063 1100 1251 1157 (cem)
1286 1103 1508 1155 multasque
1537 1104 1688 1154 rogauit

250 1264 282 1294 1)
308 1257 414 1294 ταῦτ’
439 1258 507 1295 οὖν
533 1259 551 1294 ὁ
574 1259 811 1300 Ποπλικόλας
838 1261 881 1294 οὐ
908 1258 1025 1305 μόνον
1053 1259 1193 1294 εἰδέναι
1221 1260 1445 1304 ποιούμενος
1466 1260 1574 1304 ἔργον
1596 1259 1687 1294 ἀλλὰ

150 1315 213 1348 καὶ
246 1320 364 1348 κινεῖν
396 1314 459 1347 καὶ
493 1314 724 1358 συνεξορμᾶν
756 1314 823 1358 τὴν
851 1314 978 1348 στάσιν
1006 1311 1103 1359 εἶχεν
1130 1313 1272 1356 ἄνδρας
1298 1312 1549 1358 ἐπιτηδείους,
1576 1313 1612 1348 οἳ
1638 1316 1687 1360 τῷ

152 1367 309 1414 Κλαύσῳ
349 1365 556 1411 διελέγοντο
594 1364 688 1410 παρ’
724 1367 838 1402 αὐτοῦ
875 1373 1029 1401 τοιαῦτα
1056 1369 1127 1401 κτλ.
1181 1367 1225 1401 de
1262 1366 1319 1401 his
1359 1366 1554 1410 colloquiis
1588 1368 1689 1401 tacet

151 1421 363 1464 Dionysius.

247 1476 281 1518 2)
309 1474 495 1508 Ludorum
523 1474 770 1508 saecularium
797 1474 898 1518 apud
926 1474 1168 1508 Censorinum
1195 1476 1264 1519 (17,
1283 1477 1325 1508 10
1338 1475 1404 1517 sq.)
1435 1474 1473 1507 bi
1500 1474 1587 1507 anni
1615 1474 1688 1508 Va-

151 1527 233 1562 lerii
260 1527 426 1561 Antiatis
452 1527 677 1561 testimoniis
700 1527 906 1562 confirmati
927 1530 1029 1562 sunt:
1058 1527 1254 1561 tertiorum
1275 1538 1305 1561 a.
1329 1531 1406 1561 249.
1431 1531 1498 1561 505
1519 1527 1556 1561 P.
1580 1526 1687 1562 Clau-

152 1581 213 1615 dio
241 1580 399 1615 Pulchro
427 1580 465 1614 L.
490 1580 595 1614 Iunio
616 1580 724 1615 Pullo
752 1592 843 1615 coss,
865 1581 908 1615 fr.
930 1585 985 1624 22,
1013 1581 1229 1624 quartorum
1252 1591 1284 1614 a.
1302 1585 1378 1615 149,
1402 1584 1469 1615 605
1491 1581 1528 1614 L.
1549 1580 1688 1615 Marcio

152 1633 351 1668 Censorino
372 1633 432 1667 Μ’.
454 1633 610 1668 Manilio
638 1645 728 1668 coss.
757 1635 797 1667 fr.
822 1638 883 1677 553
911 1634 989 1668 sine
1018 1636 1168 1668 auctore
1194 1634 1396 1678 primorum
1424 1644 1456 1668 a.
1472 1637 1551 1668 509.
1574 1638 1641 1667 245
1667 1644 1689 1668 a

152 1687 302 1721 Valerio
319 1686 508 1730 Poplicola
528 1687 796 1730 institutorum,
812 1688 1059 1722 secundorum
1074 1698 1105 1721 a.
1123 1691 1202 1722 348.
1218 1690 1286 1721 406
1309 1687 1344 1721 Ρ.
1359 1686 1508 1721 Valerio
1525 1686 1641 1721 Coruo
1656 1687 1688 1721 ΙΙ

154 1741 190 1774 L.
217 1739 311 1774 Iulio
338 1739 503 1774 Poetelio
530 1751 621 1774 coss.
650 1740 870 1775 Censorinus
898 1744 1022 1776 tamen
1051 1752 1133 1775 cum
1159 1740 1267 1774 binas
1291 1740 1535 1775 auctoritates
1562 1741 1689 1785 singu-

151 1795 270 1828 lorum
297 1804 477 1828 annorum
505 1793 674 1828 attulerit
699 1794 1005 1839 inmiscueritque
1032 1794 1155 1838 spatia
1185 1794 1400 1828 centenaria
1426 1795 1538 1838 atque
1558 1794 1690 1828 XVui-

152 1859 275 1882 rorum
307 1847 521 1881 centenaria
553 1849 591 1882 et
619 1848 789 1891 denaria,
823 1848 937 1882 etiam
964 1847 1107 1882 librarii
1140 1847 1284 1881 lacunis
1312 1849 1348 1882 et
1374 1847 1518 1882 mendis
1545 1849 1688 1882 textum

153 1901 400 1945 corruperint,
426 1912 483 1935 res
510 1901 712 1935 admodum
739 1901 852 1936 dubia
878 1904 935 1936 est
960 1912 1081 1945 neque
1102 1901 1247 1936 definiri
1274 1901 1425 1945 poterit,
1451 1902 1575 1935 utrum
1603 1912 1688 1935 con-

153 1954 250 1988 sules
284 1964 305 1988 a
337 1953 444 1988 nobis
476 1954 641 1988 nondum
674 1956 981 1989 commemoratos
1013 1955 1061 1988 M.
1083 1954 1274 1988 Valerium
1303 1954 1363 1998 Sp.
1386 1953 1605 1999 Verginium
1641 1955 1688 1988 ad

152 2007 290 2051 primos
322 2007 430 2041 ludos
464 2018 511 2041 311
544 2008 591 2041 3(1
625 2009 806 2043 secundos
831 2008 1029 2043 rettulerit.
1070 2008 1164 2042 illud
1193 2009 1360 2042 constare
1386 2007 1537 2042 uidetur
1562 2008 1688 2053 negle-

153 2062 284 2105 genter
305 2071 387 2094 eum
409 2060 599 2103 scripsisse
620 2059 728 2095 ludos
750 2072 771 2094 a
792 2061 858 2105 (P.)
873 2061 1022 2095 Valerio
1043 2061 1236 2106 Poplicola
1255 2061 1416 2105 primum
1438 2072 1536 2095 cons.
1559 2072 1590 2095 a.
1608 2065 1687 2096 509.

153 2118 222 2148 ‘245
248 2113 442 2147 institutos
469 2123 549 2148 esse
576 2115 723 2157 (quarto
752 2114 947 2148 consulatu
975 2115 1085 2158 Plut.,
1110 2114 1185 2149 uid.
1208 2114 1333 2148 adnot.
1356 2114 1403 2148 ad
1424 2114 1465 2148 fr.
1485 2118 1540 2158 18)
1568 2125 1688 2158 neque

154 2178 269 2201 annos
295 2166 468 2201 ludorum
495 2167 688 2201 tertiorum
716 2170 753 2202 et
773 2170 990 2211 quartorum
1011 2179 1094 2202 cum
1120 2168 1177 2202 his
1205 2167 1426 2202 consentire.
1464 2167 1592 2212 itaque
1614 2168 1689 2212 pri-

155 2232 233 2255 mos
260 2220 306 2255 ab
335 2232 431 2254 anno
458 2223 537 2254 449.
559 2224 639 2263 305,
666 2232 739 2264 quo
761 2221 798 2255 L.
821 2221 993 2256 Valerius
1021 2221 1213 2266 Poplicola
1234 2222 1281 2255 M.
1303 2221 1481 2255 Horatius
1501 2221 1689 2256 Barbatus

155 2285 244 2309 coss.
266 2275 426 2316 fuerunt,
448 2275 490 2307 ut
509 2275 699 2309 uetustate
720 2274 811 2309 alios
832 2274 940 2309 ludos
956 2277 1184 2319 superarent,
1206 2285 1324 2318 usque
1346 2275 1393 2308 ad
1408 2274 1446 2308 P.
1462 2274 1542 2308 Val.
1564 2274 1688 2319 Popli-

155 2327 274 2362 colam
301 2329 460 2362 remotos
488 2338 567 2361 esse
594 2327 673 2362 ueri
700 2328 822 2362 simile
849 2330 914 2370 est,
946 2329 985 2362 id
1012 2329 1110 2372 quod
1139 2340 1222 2362 cum
1249 2327 1414 2362 Antiatis
1440 2327 1597 2362 historia
1623 2340 1689 2373 op-

153 2381 244 2415 time
272 2381 456 2416 conuenit.
484 2381 657 2415 distinxit
683 2383 809 2416 autem
834 2381 1018 2417 rationem
1045 2381 1285 2416 Valerianam
1312 2380 1446 2426 gentili
1473 2381 1599 2425 aliquo
1620 2382 1688 2415 mi-

156 2434 281 2468 raculo
302 2433 551 2468 instauratam
573 2434 631 2479 (cf.
647 2434 729 2469 Val.
746 2435 844 2470 Max.
865 2439 897 2475 2,
910 2440 943 2478 4,
958 2438 1003 2480 5),
1026 2446 1121 2479 quae
1144 2435 1189 2470 de
1209 2434 1423 2470 centenario
1443 2446 1595 2469 numero
1617 2435 1688 2470 sibi

155 2498 228 2522 non
256 2487 462 2529 constabat,
491 2487 555 2522 sed
582 2499 699 2531 usque
721 2488 767 2522 ad
789 2499 820 2522 a.
837 2492 916 2522 348.
937 2492 1006 2523 406
1034 2499 1160 2523 omnes
1187 2488 1294 2522 ludos
1316 2499 1337 2522 a
1358 2487 1518 2522 Valeriis
1539 2488 1690 2523 institu-

155 2543 212 2575 tos
240 2552 318 2576 esse
344 2541 490 2575 ferebat
517 2544 562 2586 (a.
584 2544 664 2576 509.
686 2545 766 2584 245,
793 2545 872 2577 504.
896 2546 975 2584 250,
1003 2546 1083 2576 456.
1105 2545 1190 2584 298,
1218 2541 1353 2586 quibus
1380 2553 1411 2576 a.
1433 2546 1512 2576 449.
1529 2545 1596 2576 305
1624 2543 1689 2576 3(1-

158 2594 300 2628 dendus
327 2596 407 2638 est),
434 2594 500 2629 Th.
521 2594 727 2629 Mommsen
753 2595 791 2628 in
819 2595 1001 2630 chronol.2
1021 2607 1056 2639 p.
1075 2598 1140 2629 180
1154 2607 1232 2639 sqq.
1257 2595 1316 2639 (cf.
1339 2595 1498 2630 Soltauii
1524 2595 1688 2630 chronol.

157 2659 190 2691 p.
207 2649 407 2691 386—391)
435 2647 482 2681 ab
509 2658 563 2690 ea,
591 2659 665 2691 qua
690 2647 771 2682 ludi
791 2648 982 2683 Terentini
1010 2660 1041 2683 3.
1064 2653 1141 2682 249.
1165 2651 1232 2682 505
1259 2648 1419 2693 primum
1447 2649 1625 2684 celebrati
1652 2652 1690 2683 et

157 2702 306 2734 centum
333 2701 440 2734 annis
466 2702 551 2745 post
576 2700 686 2735 relati
712 2703 808 2745 sunt,
834 2702 889 2736 ita
915 2704 957 2736 ut
982 2701 1090 2736 ludos
1117 2712 1149 2736 a.
1167 2705 1243 2736 146.
1267 2705 1334 2735 608
1355 2702 1514 2736 Hemina
1539 2702 1595 2746 (fr.
1619 2704 1689 2746 39),

159 2754 242 2787 Piso
263 2754 318 2797 (fr.
342 2755 411 2798 39),
440 2753 579 2788 Gellius
600 2754 657 2799 (fr.
680 2757 738 2799 28)
764 2756 952 2789 tertium
980 2755 1098 2790 factos
1125 2766 1205 2789 esse
1226 2754 1456 2790 affirmarent
1475 2766 1595 2799 neque
1615 2755 1689 2790 Va-

157 2807 238 2841 lerii
263 2807 361 2842 inter
386 2807 654 2842 instauratores
682 2811 951 2853 comparerent.
991 2809 1124 2843 Antias
1151 2810 1275 2843 tamen
1302 2810 1499 2852 utramque
1520 2809 1691 2843 confudit
