2002 3342
99 941 133 966 10

101 1269 133 1295 15

104 1596 138 1620 20

325 227 365 269 Q.
387 227 513 261 FABII
540 225 755 262 PICTORIS
782 226 1007 261 GRAECAE
1034 225 1305 261 HISTORIAE.
1344 225 1386 260 fr.
1409 229 1500 260 8—9
1625 225 1675 266 21

151 335 222 378 καὶ
254 339 439 390 Κίγκιον
469 332 602 377 οὐδὲν
630 341 804 377 τοιοῦτο
834 334 1063 389 γεγονέναι
1094 333 1316 388 λέγουσιν,
1349 334 1458 376 ἀλλὰ
1491 332 1682 387 φυλάξαι

151 403 230 455 τὴν
262 402 398 455 κόρην
429 402 787 453 διαβεβαιοῦνται
821 401 896 449 τὰς
928 399 1025 454 περὶ
1059 406 1134 453 τῆς
1165 401 1406 454 προδοσίας
1442 400 1682 452 συνθήκας.

151 468 201 508 τὰ
230 466 269 508 δ’
300 465 397 520 ἑξῆς
422 466 609 514 ἅπαντες
634 465 767 506 πάλιν
794 465 952 518 ὁμοίως
978 465 1218 518 γράφουσι·
1265 464 1373 517 φασὶ
1400 465 1482 517 γὰρ
1510 464 1576 505 ὅτι
1603 479 1682 504 πα-

152 531 450 586 ραγενομένου
478 531 560 572 σὺν
587 535 647 586 τῷ
673 532 887 587 κρατίστῳ
911 537 986 584 τῆς
1006 535 1209 583 στρατιᾶς
1229 528 1350 583 μέρει
1370 535 1448 570 τοῦ
1469 527 1682 582 βασιλέως

152 605 240 639 τῶν
267 599 476 650 Σαβίνων
502 596 786 650 φυλάττουσα
812 596 888 644 τὰς
919 594 1176 649 ὑποσχέσεις
1203 593 1228 647 ἡ
1263 595 1453 648 Τάρπεια
1485 601 1576 643 τοῖς
1605 594 1685 648 μὲν

151 664 374 716 πολεμίοις
395 660 552 716 ἀνέῳξε
572 662 652 714 τὴν
672 660 963 714 συγκειμένην
983 660 1162 709 πυλίδα,
1189 661 1292 708 τοὺς
1313 657 1353 699 δ’
1382 657 1428 699 ἐν
1454 665 1512 715 τῷ
1541 659 1683 714 χωρίῳ

153 729 352 782 φύλακας
379 726 660 779 ἀναστήσασα
683 725 924 779 διαταχέων
947 726 1099 776 σώζειν
1121 723 1304 773 ἑαυτοὺς
1324 723 1448 777 ἠξίου
1469 723 1570 765 καθ’
1600 722 1684 765 ἑτέ-

152 809 230 846 ρας
262 792 438 842 ἐξόδους
470 798 562 840 τοῖς
594 793 819 845 πολεμίοις
852 790 1054 844 ἀφανεῖς,
1091 790 1149 839 ὡς
1181 791 1455 843 κατεχόντων
1490 790 1570 842 ἤδη
1597 797 1686 830 τῶν

154 859 362 910 Σαβίνων
387 857 435 897 τὸ
462 856 699 910 φρούριον·
746 856 1059 909 διαφυγόντων
1085 855 1133 896 δὲ
1165 855 1335 896 τούτων
1361 855 1464 902 τοὺς
1490 851 1570 907 μὲν
1597 857 1687 895 Σα-

153 924 306 977 βίνους
333 921 610 978 ἀνεῳγμένοις
636 921 847 975 εὑρόντας
873 922 948 970 τὰς
974 921 1115 969 πύλας
1141 927 1374 974 κατασχεῖν
1397 919 1444 960 τὸ
1466 919 1687 973 φρούριον

152 986 317 1041 ἔρημον
342 995 430 1028 τῶν
457 987 682 1040 φυλάκων,
709 987 788 1040 τὴν
816 987 862 1027 δὲ
891 987 1111 1038 Τάρπειαν
1138 986 1195 1034 ὡς
1221 986 1273 1026 τὰ
1298 982 1398 1038 παρ’
1430 983 1584 1038 ἑαυτῆς
1606 984 1687 1025 ὅσα

154 1051 366 1095 συνέθετο
380 1051 711 1106 παρεσχημένην
725 1051 880 1101 ἀξιοῦν
902 1053 1005 1100 τοὺς
1024 1052 1215 1105 μισθοὺς
1235 1056 1309 1104 τῆς
1322 1050 1562 1104 προδοσίας
1581 1050 1689 1090 κατὰ

154 1121 256 1168 τοὺς
283 1118 440 1172 ὅρκους
466 1116 716 1170 ἀπολαβεῖν.

241 1186 303 1237 (c.
323 1186 392 1224 40.
423 1198 503 1234 seq.
529 1186 662 1223 Pe'son.
686 1185 741 1234 fr.
772 1183 839 1235 5.)
872 1182 917 1223 οἵ
946 1182 995 1223 δὲ
1029 1181 1128 1234 περὶ
1162 1182 1240 1222 τὸν
1275 1179 1449 1232 Φάβιον
1488 1178 1558 1220 ἐπὶ
1598 1187 1690 1228 τοῖς

156 1251 369 1303 Σαβίνοις
393 1253 572 1289 ποιοῦσι
599 1249 679 1301 τὴν
702 1255 790 1288 τῶν
811 1247 1058 1301 ὁμολογιῶν
1078 1246 1264 1299 ἀπάτην·
1300 1244 1403 1286 δέον
1424 1245 1506 1298 γὰρ
1529 1244 1690 1293 αὐτοὺς

154 1316 232 1357 τὸν
258 1315 437 1369 χρυσόν,
470 1314 613 1366 ὥσπερ
640 1312 666 1366 ἡ
701 1313 892 1366 Τάρπεια
918 1312 1058 1366 ἠξίου,
1090 1312 1198 1352 κατὰ
1223 1311 1298 1360 τὰς
1325 1309 1560 1364 ὁμολογίας
1587 1309 1690 1351 ἀπο-

156 1381 352 1429 διδόναι,
385 1381 728 1432 χαλεπαίνοντας
761 1376 826 1418 ἐπὶ
863 1382 922 1434 τῷ
949 1376 1124 1432 μεγέθει
1160 1382 1239 1418 τοῦ
1266 1380 1432 1430 μισθοῦ
1459 1375 1510 1416 τὰ
1539 1387 1690 1416 σκεπα-

156 1447 311 1498 στήρια
337 1443 428 1485 κατ’
460 1444 593 1496 αὐτῆς
618 1445 781 1496 βαλεῖν,
810 1443 867 1491 ὡς
892 1449 1029 1483 ταῦτα
1056 1443 1125 1484 ὅτε
1154 1443 1364 1495 ὤμνυσαν
1390 1440 1498 1495 αὐτῇ
1530 1441 1690 1481 δώσειν

157 1509 497 1563 ὑπεσχημένους.
541 1511 647 1562 <seq.
677 1512 810 1549 pison.
835 1511 889 1560 fr.
912 1508 979 1559 5.)

247 1574 291 1617 9.
326 1578 442 1616 Dion.
465 1577 504 1624 4,
521 1576 640 1624 15,1.
675 1577 826 1615 Διεῖλε
854 1571 898 1614 δὲ
927 1573 997 1614 καὶ
1024 1572 1217 1626 [Seruius
1242 1570 1412 1625 Tullius]
1438 1570 1518 1624 τὴν
1544 1570 1691 1624 χώραν

158 1641 351 1692 ἅπασαν,
390 1640 448 1688 ὡς
480 1636 560 1691 μὲν
596 1638 764 1691 Φάβιός
797 1650 953 1692 φησιν,
993 1639 1054 1687 εἰς
1086 1639 1241 1691 μοίρας
1273 1635 1315 1686 ἕξ
1342 1651 1387 1677 τε
1412 1634 1483 1676 καὶ
1512 1639 1692 1687 εἴκοσιν,

158 1705 208 1754 ἃς
239 1704 310 1746 καὶ
345 1705 478 1754 αὐτὰς
511 1707 636 1745 καλεῖ
666 1704 810 1757 φυλὰς
841 1702 911 1744 καὶ
947 1705 1022 1752 τὰς
1054 1702 1232 1751 ἀστικὰς
1257 1699 1514 1755 προστιθεὶς
1542 1700 1693 1749 αὐταῖς

159 1822 402 1862 δεικνύοντες.
449 1820 540 1855 ἀλλὰ
571 1819 743 1865 θυγάτηρ
776 1820 797 1864 ἡ
834 1818 1008 1863 Ταρπηΐα
1045 1824 1110 1853 τοῦ
1149 1818 1329 1864 ἄρχοντος
1367 1815 1459 1852 οὖσα
1499 1817 1693 1859 προῦδωκε

157 1876 235 1911 τοῖς
261 1869 452 1915 Σαβίνοις,
480 1867 743 1912 ἕπιθυμήσασα
768 1874 839 1902 τῶν
867 1873 1011 1912 χρυσῶν
1038 1865 1365 1912 βραχιονιστήρων,
1399 1864 1463 1905 οὓς
1491 1861 1565 1899 εἶδε
1592 1878 1693 1907 περι-

159 1916 368 1962 κειμένους,
401 1916 464 1951 καὶ
491 1913 598 1962 ᾔτησε
632 1915 770 1959 μισθὸν
803 1920 865 1960 τῆς
891 1912 1113 1958 προδοσίας,
1147 1912 1170 1947 ἃ
1198 1919 1352 1957 φοροῖεν
1379 1912 1418 1947 ἐν
1444 1918 1525 1952 ταῖς
1552 1912 1692 1955 ἀριστε-

160 1971 241 2008 ραῖς
271 1962 386 2010 χερσί·
433 1961 665 2007 συνθεμένου
702 1962 742 1997 δὲ
773 1968 838 1997 τοῦ
874 1961 1013 1996 Τατίου
1051 1962 1192 2004 νύκτωρ
1227 1960 1407 2002 ἀνοίξασα
1447 1959 1567 2004 πύλην
1605 1958 1695 2003 μίαν

159 2012 308 2054 ἐδέξατο
334 2012 420 2050 τοὺς
446 2009 645 2056 Σαβίνους.
690 2011 734 2045 οὐ
761 2008 874 2054 μόνος
899 2008 977 2051 οὖν,
1010 2010 1059 2048 ὡς
1085 2009 1215 2051 ἔοικεν,
1241 2006 1442 2052 Ἀντίγονος
1468 2007 1538 2051 ἔφη
1564 2009 1695 2049 προδι-

161 2058 296 2100 δόντας
322 2059 388 2102 μὲν
415 2060 547 2102 φιλεῖν,
573 2056 858 2101 προδεδωκότας
883 2058 923 2093 δὲ
951 2063 1084 2101 μισεῖν·
1107 2077 1150 2081 -
1172 2061 1279 2090 τοῦτο
1306 2055 1370 2089 καὶ
1395 2052 1489 2097 πρὸς
1507 2054 1574 2098 τὴν
1597 2057 1694 2096 Ταρ-

160 2106 276 2151 πηΐαν
306 2106 386 2141 τότε
418 2106 556 2139 παθὼν
583 2104 601 2139 ὁ
632 2104 767 2144 Τάτιος
794 2104 955 2140 ἐκέλευσε
988 2103 1239 2148 μεμνημένους
1270 2108 1342 2137 τῶν
1376 2101 1579 2146 ὁμολογιῶν
1610 2102 1696 2141 τοὺς

163 2154 351 2200 Σαβίνους
383 2153 542 2197 μηδενὸς
574 2153 666 2197 αὐτῇ
707 2155 885 2196 φθονεῖν,
925 2150 976 2186 ὧν
1008 2153 1048 2186 ἐν
1085 2157 1166 2191 ταῖς
1204 2151 1413 2193 ἀριστεραῖς
1453 2149 1587 2195 ἔχουσι.
1632 2149 1696 2183 καὶ

161 2208 306 2245 πρῶτος
337 2201 413 2245 ἅμα
451 2200 516 2234 τὸν
554 2200 841 2245 βραχιονιστῆρα
878 2205 941 2244 τῆς
978 2200 1098 2244 χειρὸς
1135 2198 1312 2240 περιελὼν
1351 2197 1414 2231 καὶ
1453 2198 1516 2231 τὸν
1554 2196 1696 2239 θυρεὸν

162 2248 350 2294 ἐπέρριψε.
400 2247 552 2282 πάντων
586 2246 626 2282 δὲ
659 2248 748 2282 αὐτὸ
780 2247 990 2282 ποιούντων
1023 2244 1226 2292 βαλλομένη
1258 2258 1295 2279 τε
1327 2247 1376 2291 τῷ
1398 2247 1518 2290 χρυσῷ
1540 2244 1604 2278 καὶ
1630 2257 1697 2278 κα-

161 2299 394 2342 ταχωσθεῖσα
428 2301 507 2335 τοῖς
546 2297 701 2338 θυρεοῖς
742 2292 813 2329 ὑπὸ
849 2294 1018 2337 πλήθους
1050 2294 1113 2327 καὶ
1146 2292 1285 2338 βάρους
1317 2291 1521 2326 ἀπέθανεν,
1568 2293 1628 2334 (ex
1659 2303 1697 2326 eo

163 2346 298 2380 Zonar.
320 2347 353 2386 7,
374 2346 424 2387 3.)

259 2392 297 2427 9.
325 2392 414 2426 Iure
437 2391 508 2424 huc
531 2390 641 2433 refert
666 2389 862 2435 Schweyler
889 2390 929 2431 (I
949 2400 986 2432 p.
1008 2391 1078 2423 737
1103 2392 1175 2422 not.
1197 2389 1237 2430 2)
1264 2388 1350 2421 haec
1382 2386 1560 2420 Varronis
1584 2387 1698 2421 uerba

165 2440 266 2483 apud
292 2439 389 2474 Non.
409 2450 437 2473 s.
457 2450 493 2472 u.
521 2437 664 2472 uiritim
684 2449 723 2481 p.
745 2440 809 2471 43:
836 2436 953 2470 Varro
981 2435 1026 2470 de
1052 2435 1133 2469 uita
1158 2433 1288 2478 populi
1314 2433 1472 2468 Romani
1497 2433 1561 2467 hb.
1582 2433 1613 2467 I:
1651 2433 1698 2467 Et

165 2489 270 2521 extra
294 2485 425 2520 urbem
450 2484 489 2518 in
509 2484 679 2529 regiones
701 2484 817 2518 XXVI
844 2494 952 2528 agros
971 2483 1113 2517 uiritim
1133 2482 1260 2516 liberis
1280 2480 1474 2515 adtribuit.
1501 2481 1546 2524 cf.
1571 2481 1696 2516 Calon.

164 2535 210 2577 fr.
231 2536 290 2568 23.
324 2533 485 2568 Vemzon.
511 2533 560 2575 fr.
584 2533 785 2566 Illommsen
810 2531 1031 2566 Staatsrecht
1056 2531 1132 2565 III
1146 2534 1164 2563 1
1188 2540 1226 2573 p.
1249 2532 1331 2564 169.

259 2649 280 2683 1
309 2649 486 2683 τοιοῦτον
513 2644 603 2682 libre·
615 2647 773 2691 praeter
794 2643 928 2681 Vrbin.
1008 2644 1031 2680 3
1060 2640 1113 2680 ἔτι
1136 2641 1236 2680 cleis.
1319 2644 1369 2678 11
1399 2634 1532 2691 τάπερ’
1557 2638 1699 2690 ἑαυτῆς

171 2705 272 2744 Chis.
395 2704 447 2742 17
475 2702 770 2754 χαλεπαίνοντες
800 2703 901 2741 Oltis.
930 2702 1062 2740 Vrbin.
1084 2712 1178 2738 corr.
1200 2700 1368 2748 Syzburq
1486 2701 1538 2737 18
1565 2699 1699 2749 βαλεῖν

167 2764 306 2802 Reiske
348 2762 504 2813 βάλλειν
529 2762 619 2799 libri

258 2819 304 2873 9,
327 2824 378 2861 21
407 2835 445 2860 τε
471 2821 560 2860 add.
582 2820 714 2861 Vrbin.
790 2823 842 2859 22
871 2818 992 2866 αὐτὰς
1013 2820 1145 2857 Vrbin.
1178 2816 1295 2864 αὐτὸς
1321 2821 1385 2857 cet.
1405 2817 1511 2856 codd.
1573 2815 1701 2855 ἐκάλει

169 2883 308 2920 Reiske
