2002 3342
108 921 142 946 10

102 1247 137 1272 15

98 1575 135 1600 20

453 209 647 243 VALERH
674 207 896 242 ANTIATIS
924 208 1160 243 ANNALES.
1202 208 1243 243 fr.
1266 212 1405 243 41-43
1618 210 1702 251 257

168 328 299 358 ‹ret-*ra
335 319 407 357 hoc
443 331 598 370 quoque
625 320 885 369 interrogatos
921 331 1026 368 esse,
1062 319 1166 358 unde
1203 319 1404 359 audissent
1441 322 1699 372 imperatores

170 385 362 423 Romanos
384 386 424 423 111
444 385 533 423 Asia
555 390 688 435 captos
709 383 755 421 ab
776 384 965 422 Antiocho
989 397 1079 435 rege
1102 391 1139 423 et
1161 387 1378 424 exercitum
1401 385 1571 425 deletum
1593 398 1700 438 esse3

168 450 323 488 Aetolos
351 449 601 501 respondisse
629 448 675 487 ab
701 451 782 487 suis
810 449 947 499 legatis
969 462 1022 499 se,
1051 451 1226 500 quicum
1250 451 1409 489 consule
1433 452 1590 502 suerint,
1617 464 1703 490 cer-

168 517 289 554 tiores
323 516 455 554 sactos.
494 516 665 553 rumoris
698 514 814 553 11111115
847 515 937 565 quia
964 516 1164 554 neminem
1192 515 1309 554 alium
1338 522 1537 555 auctorem
1565 517 1702 568 habeo,

168 593 294 632 neque
323 580 512 618 affirmata
541 592 604 618 res
631 592 717 618 mea
744 580 927 630 opinione
955 581 1005 618 sit
1027 592 1098 618 nec
1126 593 1196 631 pro
1223 593 1323 619 uana
1352 583 1639 632 praetermissa.
1728 604 1794 635 189

254 642 329 685 43.
363 645 450 684 Le'u.
472 646 623 693 37‚60,
640 646 676 683 1.
716 644 863 683 Eodem
896 645 978 683 fere
1007 650 1184 696 tempore
1213 651 1251 684 et
1278 646 1344 684 Cn.
1368 646 1533 685 Manlius
1561 647 1698 687 consul
1725 652 1799 694 535

165 712 203 749 in
225 711 355 749 Asiam
376 715 414 749 et
435 710 477 756 Q.
499 709 640 749 Fabius
662 709 789 748 Labeo
816 715 975 761 praetor
995 709 1043 749 ad
1064 710 1230 750 classem
1252 713 1372 750 uenit.
1410 718 1585 751 ceterum
1607 725 1700 751 con-

164 776 237 814 suli
267 788 343 814 non
366 775 498 814 deerat
518 788 607 814 011111
629 775 748 814 Gallis
775 774 867 814 belli
887 777 1068 828 materia3
1097 789 1205 814 mare
1230 782 1411 828 pacatum
1435 784 1517 816 erat
1539 778 1694 817 deuicto

163 841 364 891 Antiocho,
392 842 655 892 cogitantique
682 840 800 879 Fabio
829 842 892 879 rui
920 842 977 880 rei
1005 842 1254 892 potissimum
1279 843 1496 894 insisteret,
1524 856 1572 882 ne
1599 845 1698 882 otio-

164 919 245 945 sam
285 907 529 957 prouinciam
570 906 755 945 habuisse
795 905 924 945 uideri
962 912 1114 958 posset,
1153 908 1343 958 optimum
1379 909 1509 946 uisum
1553 914 1612 947 est
1658 910 1697 947 in

163 970 316 1010 Cretam
359 971 526 1010 insulam
566 973 745 1010 traicere.
791 971 1027 1022 Cydoniatae
1066 971 1213 1010 bellum
1255 972 1445 1011 aduersus
1489 973 1698 1025 Gortynios

162 1036 406 1088 Gnosiosque
442 1037 646 1088 gerebant,
682 1044 721 1076 et
756 1038 1002 1088 captiuorum
1035 1037 1300 1076 Romanorum
1339 1045 1454 1089 atque
1481 1039 1606 1078 Italici
1633 1052 1698 1090 ge-

160 1103 268 1141 neris
300 1115 465 1153 magnus
498 1115 686 1142 numerus
719 1104 759 1141 in
787 1104 979 1141 seruitute
1010 1115 1098 1142 esse
1131 1116 1203 1154 per
1235 1108 1356 1142 totam
1389 1104 1557 1143 insulam
1592 1104 1699 1144 dice·

160 1167 285 1206 batur.
324 1168 448 1207 classe
477 1168 522 1207 ab
550 1168 704 1220 Epheso
732 1170 930 1220 profectus
958 1181 1047 1207 011111
1075 1170 1248 1220 primum
1272 1168 1410 1208 Cretae
1438 1169 1530 1208 litus
1558 1172 1697 1221 attigit,

158 1234 317 1271 nuntios
351 1235 454 1272 circa
486 1235 667 1272 ciuitates
699 1235 822 1284 misit,
858 1240 902 1272 ut
934 1235 1054 1272 armis
1092 1233 1332 1273 absisterent
1363 1236 1619 1286 captiuosque
1656 1237 1695 1274 in

158 1299 239 1336 suis
272 1311 450 1350 quaeque
482 1298 649 1338 urbibus
688 1300 871 1350 agrisque
909 1300 1153 1350 conquisitos
1194 1299 1432 1339 reducerent
1471 1307 1508 1339 et
1547 1300 1694 1351 legatos

157 1364 359 1402 mitterent
379 1363 427 1402 ad
448 1376 500 1414 se,
528 1377 617 1403 011111
638 1364 780 1415 quibus
803 1364 849 1403 de
873 1364 990 1403 rebus
1012 1364 1059 1403 ad
1081 1364 1282 1404 Cretensis
1303 1367 1453 1417 pariter
1472 1365 1690 1405 Romanos-

157 1440 231 1479 que
258 1429 549 1480 pertinentibus
576 1436 720 1480 ageret.
760 1430 856 1468 1111111
889 1442 1129 1481 magnopere
1163 1443 1208 1469 ea
1235 1430 1444 1470 Cretenses
1471 1438 1692 1471 mouerunt.

156 1495 332 1544 captiuos
370 1500 529 1545 praeter
566 1494 775 1546 Gortynios
815 1495 912 1534 nulli
945 1495 1214 1535 reddiderunt.
1261 1495 1436 1535 Valerius
1470 1497 1603 1536 Antias
1647 1497 1695 1536 ad

156 1565 341 1609 quattuor
362 1559 467 1598 1111113
488 1562 747 1611 captiuorum,
775 1562 867 1611 quia
894 1560 986 1600 belli
1007 1562 1133 1600 minas
1154 1563 1370 1612 timuerint,
1398 1575 1442 1601 ex
1466 1568 1545 1601 tota
1566 1563 1693 1601 insula

156 1623 307 1663 reddita
335 1626 505 1676 scripsit,
533 1638 696 1677 eamque
725 1638 883 1665 causam
907 1625 1038 1676 Fabio,
1067 1638 1156 1665 cum
1184 1638 1267 1665 rem
1297 1626 1441 1665 nullam
1464 1627 1579 1666 aliam
1606 1640 1692 1679 ges-

138 1680 282 1739 sisset,
310 1690 500 1741 triumphi
525 1691 677 1730 naualis
704 1691 940 1742 impetrandi
967 1691 1013 1730 ab
1041 1697 1180 1730 senatu
1208 1692 1342 1731 fuisse.
1382 1705 1401 1731 a
1426 1692 1542 1732 Creta
1563 1693 1691 1745 Ephe·

155 1766 241 1793 511111
268 1754 411 1793 Fabius
439 1755 557 1808 redit,
590 1756 681 1795 inde
712 1756 838 1795 tribus
865 1756 1034 1796 nauibus
1060 1758 1101 1795 in
1127 1757 1317 1796 Thraciae
1345 1770 1453 1797 oram
1480 1759 1613 1798 missis
1642 1759 1688 1798 ab

149 1916 321 1960 equitatu
349 1928 433 1951 cum
458 1917 639 1962 reciperet
665 1928 756 1960 sese,
782 1917 817 1952 in
847 1929 889 1953 eo
917 1918 1111 1963 delapsum
1131 1919 1295 1954 tumultu
1315 1930 1359 1955 ex
1380 1931 1475 1965 equo
1496 1932 1578 1955 cum
1600 1922 1691 1956 duo-

150 1963 220 1997 bus
254 1964 441 2007 equitibus
474 1975 708 2009 oppressum,
741 1965 796 2000 ita
829 1966 876 1999 ad
909 1977 1034 2012 regem
1067 1967 1270 2001 deductum
1302 1978 1393 2003 esse.
1433 1980 1556 2003 eorum
1581 1970 1691 2014 prior

151 2016 202 2046 est
229 2013 406 2057 Polybius
432 2014 507 2054 (21,
523 2015 645 2056 12,1),
677 2013 768 2048 alter
792 2014 945 2056 fortasse
970 2015 1054 2049 item
1081 2016 1227 2049 Antias.
1262 2027 1353 2059 quae
1378 2017 1419 2050 in
1450 2017 1518 2051 hac
1550 2028 1686 2061 appen-

148 2059 228 2139 4117οῗ
260 2064 439 2094 narratur
468 2060 616 2102 fabula,
647 2061 733 2103 ficta
758 2065 825 2103 est,
856 2061 933 2096 uid.
960 2062 1097 2097 Nissen
1122 2073 1162 2106 p.
1181 2065 1261 2097 195.
1290 2066 1372 2098 197.
1416 2065 1618 2099 Mommsen
1644 2065 1686 2099 R.

152 2106 190 2141 F.
232 2107 243 2139 1
270 2118 303 2150 p.
321 2110 387 2141 515
400 2118 481 2150 sqq.

247 2152 311 2189 43.
348 2155 542 2199 Triumphi
571 2155 740 2190 Fabiani
778 2156 942 2190 meminit
977 2157 1114 2191 Liuius
1148 2158 1256 2191 etiam
1289 2160 1429 2200 38,47‚
1444 2162 1474 2193 5.
1515 2160 1560 2201 cf.
1587 2171 1686 2194 num.

148 2201 253 2244 apud
280 2201 484 2236 Blommsen
515 2203 558 2237 (Ie
588 2214 625 2237 re
655 2214 755 2236 num.
782 2214 817 2238 11.
842 2206 913 2237 146
947 2204 983 2238 C.
1011 2205 1043 2238 Ι.
1071 2205 1115 2239 L.
1136 2207 1258 2239 w343
1291 2206 1348 2248 (iu
1379 2217 1450 2249 quo
1481 2208 1689 2251 triumphus

152 2250 259 2283 Iouis
278 2250 436 2294 imayine
462 2253 494 2284 et
513 2260 627 2294 prora
651 2251 760 2285 nanis
777 2251 1038 2296 significatur).
1067 2252 1246 2287 Illuenzer
1264 2252 1306 2286 R.
1328 2252 1368 2287 E.
1396 2254 1452 2288 VI
1468 2265 1495 2288 c.
1509 2257 1603 2290 1773
1613 2267 1685 2300 sqq.

149 2296 284 2331 Nissen
307 2299 490 2341 1).;2()Osq.

243 2451 262 2486 1
293 2451 594 2499 iniperatotores
620 2451 761 2490 Bamb.
788 2463 824 2490 α.
845 2464 940 2490 corr.
1065 2454 1088 2489 2
1117 2452 1273 2491 delectu
1299 2455 1438 2492 Bamb.
1460 2466 1489 2492 s.
1511 2456 1576 2493 lin.

148 2510 175 2545 4
203 2521 378 2547 rumores
405 2510 545 2547 Bamb.
573 2523 607 2548 a.
630 2522 724 2547 corr.
849 2512 872 2549 5
901 2512 1042 2560 opione
1068 2512 1209 2550 Bamb.

240 2562 318 2618 43,
347 2569 370 2605 9
399 2570 592 2619 cogit-anti
620 2569 662 2614 Q.
684 2570 806 2607 Fabio
833 2571 939 2619 Moy.
1065 2574 1115 2608 11
1148 2571 1395 2620 Gydoniatae
1422 2573 1563 2611 Bamb.

151 2629 285 2664 11.1·2
316 2630 499 2677 cortynos
520 2629 678 2677 gnosios
699 2643 734 2679 g.
758 2630 900 2667 Bamb.
990 2632 1042 2668 13
1076 2628 1265 2682 insulam]
1295 2631 1456 2670 Italiam
1481 2633 1621 2672 Bamb.

153 2685 203 2722 15
233 2687 336 2723 cirea
360 2688 402 2723 inv
422 2687 562 2725 Bamb.
590 2689 647 2726 bis
666 2690 838 2735 positum
863 2690 906 2727 in
930 2690 1008 2736 fine
1034 2703 1071 2727 u.
1093 2692 1126 2727 et
1150 2692 1192 2728 in
1210 2692 1338 2738 princ.
1359 2703 1435 2739 seq.
1520 2693 1571 2730 19
1600 2705 1683 2731 cor-

146 2745 279 2792 t-'ynios
306 2745 446 2783 Bamb.
549 2748 613 2784 19.
631 2750 685 2786 20
712 2748 761 2785 ad
788 2748 869 2785 IIII
895 2751 997 2797 capt.
1025 2749 1166 2787 Bamb.
1267 2752 1321 2788 :20
1348 2751 1568 2789 timuerunt
1594 2753 1684 2790 libra·

145 2814 243 2841 corr.
264 2805 414 2842 Btlclcer
537 2808 588 2845 21
618 2806 793 2845 redditas
819 2808 959 2846 Bamb.
1084 2810 1136 2845 22
1172 2821 1194 2846 a
1221 2806 1345 2860 creta]
1374 2822 1419 2847 30
1444 2811 1585 2849 Bamb.
1613 2824 1681 2850 em.

147 2874 193 2900 ex
217 2863 323 2911 Moy.

219 2935 298 2962 Hiet.
312 2936 394 2962 Rom.
408 2937 459 2962 rel.
474 2937 496 2968 1,
518 2938 563 2963 ed.
577 2938 694 2963 Peter.
722 2938 777 2964 Ed.
791 2939 842 2965 alt.
1352 2938 1393 2969 17
