2002 3342
14 3170 31 3342 Tw*‘
15 3125 18 3142 ”’
16 3045 21 3090 “-*

635 204 673 239 L.
701 204 885 239 CINCIVS
912 205 1190 240 ALIMENTVS
1569 222 1677 251 exul

237 316 291 355 Ne
317 329 336 355 a
364 316 506 355 Lucio
541 315 697 367 quidem
733 314 895 353 Cincio
923 315 1156 355 Alimento
1191 316 1380 355 dubitatio
1408 330 1449 355 sc
1478 318 1677 358 abstinuit.

144 382 218 420 hoc
247 381 402 433 quidem
437 387 512 420 stat
543 381 647 419 hunc
681 380 882 431 aequalem
910 381 1019 419 Fabii
1044 381 1211 420 Pictoris
1245 383 1283 420 in
1318 382 1478 421 historia
1506 383 1676 422 Romana

143 453 345 485 uersatum
379 452 613 497 captumque
647 445 693 484 ab
727 445 943 484 Hannibale
976 458 1103 497 neque
1137 449 1221 485 eius
1255 449 1525 487 auctoritatem
1565 449 1675 488 dimi-

143 511 340 550 nuendam
368 524 472 563 esse,
513 510 608 549 illud
635 511 856 562 quaeritur,
892 523 984 549 num
1018 523 1108 550 eum
1137 511 1271 550 Liuius
1305 514 1388 563 ipse
1421 514 1460 551 in
1494 513 1675 553 manibus

141 576 335 615 habuerit.
378 576 513 616 subest
533 578 637 615 enim
660 577 777 615 etiam
806 575 1015 614 difficultas
1036 575 1226 626 quaedam
1250 576 1339 615 huic
1362 577 1456 626 loco,
1476 590 1562 628 quo,
1585 591 1673 616 cum

142 643 247 680 inter
273 647 453 681 auctores
480 654 557 680 non
586 646 795 692 constaret,
823 638 1006 692 ‘quantae
1035 642 1168 691 copiae
1191 647 1437 691 transgresso
1465 643 1503 680 in
1527 641 1673 681 ltaliam

140 706 351 745 Hannibali
379 704 554 758 sueriut’,
581 713 619 746 et
646 718 782 745 eorum
809 718 995 745 numeros
1023 707 1090 757 qui
1116 705 1349 757 plurimum,
1376 713 1414 745 et
1442 720 1576 746 eorum
1605 709 1672 759 qui

139 773 348 811 minimum
377 771 605 823 edidissent,
636 771 804 822 rettulit,
831 777 914 809 tum
942 770 1067 809 Cincii
1096 772 1139 809 fr.
1168 772 1378 822 septimum
1407 771 1558 810 laudata
1587 774 1671 811 eius

137 839 370 876 auctoritate
384 838 562 888 inseruit,
574 836 692 888 idque
709 849 833 887 usque
847 848 892 875 eo
909 849 997 875 cum
1013 842 1244 887 argumento
1259 839 1460 888 proposito
1476 837 1671 887 cohaeret,

133 902 242 953 quod
264 900 462 942 ‘adducta'
485 915 572 941 esse
600 904 812 953 nonaginta
833 901 939 940 milia
964 901 1132 940 militum
1154 901 1354 954 perhibet3
1381 915 1471 941 nam
1493 915 1512 940 a
1528 904 1669 953 quouis

136 967 345 1019 suppletur
373 966 429 1007 ‘in
456 966 635 1018 Italiam',
661 966 766 1019 quod
793 968 876 1018 ipse
904 966 1059 1018 Liuius,
1085 973 1128 1006 ut
1155 967 1438 1006 dubitationem
1466 981 1575 1006 suam
1604 968 1669 1007 de·

136 1032 333 1084 fenderet,
363 1033 505 1072 adiecit
532 1031 587 1073 ‘in
617 1035 779 1072 Italiam
806 1035 935 1081 maye's
961 1035 1185 1082 adfluxekse·
1213 1036 1302 1072 ueri
1326 1036 1454 1072 simile
1481 1031 1565 1072 θεῖ’.
1612 1035 1667 1072 sic

134 1111 230 1137 uero
259 1101 417 1138 omnino
446 1100 481 1138 ei
509 1111 624 1138 causa
651 1111 728 1137 non
757 1099 839 1148 fuit,
867 1110 939 1137 cur
962 1097 1009 1137 ad
1036 1098 1266 1137 Hannibalis
1288 1100 1557 1137 testimonium
1581 1112 1668 1150 pro-

132 1170 312 1212 uocaret;
353 1177 481 1216 neque
515 1166 620 1203 enim
654 1163 868 1215 quidquam
901 1176 1090 1202 numerus
1123 1164 1293 1202 militum
1324 1170 1412 1215 post
1438 1163 1667 1203 Rhodanum

131 1230 341 1268 traiectum
368 1231 603 1268 amissorum
630 1229 677 1268 ad
704 1231 974 1280 quaestionem
996 1230 1081 1268 eius
1103 1229 1330 1268 soluendam
1357 1229 1494 1269 adfert.
1529 1242 1666 1281 parum

129 1294 381 1333 considerate
409 1296 530 1346 igitur
555 1294 793 1333 Alimentum
821 1296 862 1333 in
889 1294 1179 1333 adnotationem
1207 1307 1316 1334 suam
1343 1295 1545 1334 transtulit
1573 1308 1666 1334 eun-

132 1358 300 1411 demque
317 1372 492 1399 errorem
509 1361 704 1399 commisit
719 1372 836 1411 quem
852 1361 892 1399 in
904 1359 1003 1399 libro
1019 1361 1184 1411 septimo
1202 1357 1299 1414 (uid.
1315 1374 1350 1411 p.
1367 1357 1510 1415 CVIII),
1525 1373 1598 1412 qua
1616 1362 1666 1399 si·

128 1424 354 1464 militudine
377 1426 494 1463 etiam
515 1426 624 1475 origo
646 1426 805 1475 aequari
826 1424 997 1476 uidetur,
1014 1431 1057 1464 ut
1078 1427 1195 1464 etiam
1212 1425 1313 1464 hanc
1327 1425 1512 1465 Alimenti
1534 1427 1665 1477 cogni-

127 1490 276 1528 tionem
300 1502 389 1528 eum
411 1491 644 1529 recentioris
664 1489 771 1528 illius
790 1489 916 1528 Cincii
936 1489 1035 1528 libro
1056 1490 1173 1529 alicui
1196 1490 1339 1530 debere
1362 1488 1662 1545 suspicemur.¹)

219 1555 265 1594 Vt
291 1567 387 1594 uero
414 1555 571 1594 tandem
600 1555 906 1607 disputationem
933 1555 980 1594 ad
1008 1557 1127 1594 tinem
1153 1556 1433 1607 perducamus,
1473 1558 1589 1595 etiam
1623 1558 1662 1595 in

126 1619 200 1659 hac
227 1620 412 1671 editione,
440 1633 488 1659 ne
514 1622 659 1672 prioris
680 1633 866 1660 numeros
886 1621 1101 1672 turbarem,
1128 1622 1173 1659 fr.
1199 1620 1219 1660 1
1250 1627 1288 1660 et
1314 1620 1340 1660 2
1368 1621 1464 1660 locis
1492 1624 1574 1660 suis
1602 1635 1662 1661 re-

124 1686 229 1724 tinui
261 1687 455 1737 uncisque
495 1699 539 1725 ea
577 1686 787 1725 inclusisse
824 1687 919 1725 satis
956 1686 1086 1725 habui.
1144 1688 1345 1738 pertinere
1385 1688 1491 1725 enim
1530 1700 1573 1725 ea
1613 1686 1660 1725 ad

121 1752 427 1801 grammaticum
449 1763 538 1790 cum
558 1751 673 1790 multi
692 1757 774 1790 tum
796 1752 1001 1791 Cichorius
1023 1753 1070 1791 R.
1087 1754 1132 1791 E.
1147 1752 1198 1790 111
1221 1765 1252 1791 c.
1268 1750 1381 1792 2557
1406 1758 1659 1802 censuerunt,

126 1817 199 1855 etsi
226 1822 263 1855 et
290 1816 436 1855 Marius
461 1817 685 1856 Victorinus
719 1823 756 1856 et
790 1817 953 1856 Seruius
987 1817 1034 1856 de
1066 1817 1255 1856 historico
1289 1819 1580 1868 cogitauerunt,
1618 1823 1661 1856 ut

120 1882 242 1920 etiam
264 1894 369 1920 nunc
390 1894 433 1920 ea
454 1881 648 1920 Alimento
669 1882 847 1921 Funaioli
868 1882 1136 1934 adsignauerit
1156 1879 1211 1937 (p.
1227 1881 1265 1922 2.
1290 1879 1391 1938 7).²)
1426 1882 1660 1921 Continetur

123 1947 244 1996 igitur
259 1952 363 1986 certa
385 1947 502 1986 huius
516 1949 664 1986 ueteris
679 1947 864 1987 Alimenti
884 1951 1074 1987 memoria
1094 1950 1213 1987 unius
1233 1948 1453 1999 Dionysii
1473 1948 1658 1987 archaeo-

121 2008 278 2065 logia-⁹²),
306 2013 372 2063 qui
393 2019 556 2064 excepto
577 2012 677 2051 libro
700 2012 931 2052 duodecimo
953 2027 1111 2065 semper
1131 2009 1196 2067 (fr.
1220 2011 1257 2053 3.
1279 2011 1318 2052 4.
1339 2010 1386 2067 ὦ)
1414 2013 1453 2052 L.
1476 2013 1655 2052 Cincium

218 2116 249 2157 1)
278 2114 460 2156 Quoniam
485 2126 661 2149 numerus
686 2115 868 2158 militum,
900 2127 991 2159 quos
1018 2116 1055 2150 in
1084 2116 1231 2150 Italiam
1257 2116 1431 2158 adduxit,
1466 2127 1510 2150 ex
1536 2116 1654 2160 ipsius

120 2165 343 2202 Hannibalis
370 2168 595 2211 testimonio,
623 2170 723 2213 quod
742 2169 894 2203 tabulae
916 2169 1125 2204 Laciniensi
1152 2169 1298 2212 incidit,
1323 2169 1395 2203 fuit
1421 2172 1536 2203 26000
1558 2168 1655 2202 mili-

117 2222 200 2254 tum
221 2220 360 2265 (Polyb.
376 2225 533 2267 3,56,4)‚
554 2233 665 2267 quem
683 2224 794 2257 antea
811 2223 925 2257 etiam
946 2223 1072 2257 Liuius
1094 2225 1239 2257 secutus
1258 2224 1348 2264 erat,
1370 2222 1516 2257 Cincius
1539 2225 1654 2256 64000

118 2273 343 2318 addidissem
359 2274 470 2309 atille
481 2277 613 2319 postea
625 2276 754 2310 eodem
763 2275 973 2310 Hannibale
988 2276 1132 2319 nititur,
1146 2287 1256 2319 quem
1268 2276 1315 2310 ad
1327 2276 1476 2310 modum
1487 2275 1525 2309 in
1537 2274 1653 2309 omni-

119 2326 186 2360 bus
214 2327 408 2371 Polybius3
435 2328 495 2362 hie
522 2330 647 2364 autem
675 2329 722 2363 ad
748 2328 977 2373 Pyrenaeum
1005 2328 1139 2363 saltum
1167 2340 1249 2364 eum
1278 2329 1476 2363 accessisse
1503 2327 1653 2372 scripsit

117 2390 202 2414 cum
228 2381 421 2426 octoginta
453 2381 604 2416 milibus
638 2384 675 2417 et
705 2392 822 2426 usque
854 2383 901 2416 ad
928 2383 1150 2416 Rhodanum
1177 2382 1325 2416 duxisse
1354 2382 1653 2426 undesexaginta,

117 2432 164 2475 (3,
179 2435 248 2475 355,
275 2435 371 2468 unde
399 2434 557 2479 triginta
582 2435 656 2469 tria
676 2447 698 2469 a
717 2435 900 2470 Rhodano
926 2446 1042 2479 usque
1069 2436 1107 2470 in
1134 2435 1282 2470 Italiam
1310 2435 1446 2470 amissa
1467 2446 1546 2470 esse
1573 2436 1649 2469 effi-

116 2485 226 2528 cit-ur,
252 2487 317 2531 qui
336 2499 510 2522 numerus
531 2499 613 2522 cum
634 2488 857 2523 Hannibalis
884 2489 1096 2523 testimonio
1118 2489 1294 2523 Cinciano
1316 2499 1435 2533 paene
1457 2489 1648 2523 consentit.

118 2537 246 2583 itaque
262 2540 388 2575 Liuius
409 2541 506 2575 falsa
526 2553 592 2576 sua
613 2542 799 2586 opinione,
821 2553 894 2586 qua
914 2553 987 2577 non
1009 2544 1092 2576 ante
1112 2543 1263 2577 Italiam
1278 2542 1405 2577 Gallos
1419 2542 1647 2587 Liguresque

118 2592 280 2627 adfluere
300 2594 467 2638 potuisse
486 2597 696 2639 putauerat,
724 2595 901 2640 deceptus
921 2606 997 2630 rem
1020 2596 1211 2630 miscuisse
1233 2596 1390 2631 uidetur.
1432 2595 1516 2630 Vid.
1532 2595 1648 2629 Lach-

116 2656 293 2681 mannum
326 2647 378 2681 De
405 2648 428 2683 f.
456 2648 495 2683 L.
515 2649 547 2682 Il
573 2661 609 2693 p.
631 2652 675 2684 80
690 2660 781 2693 sqq.‚
821 2649 885 2693 qui
917 2649 991 2683 iam
1027 2648 1199 2683 similiter
1237 2649 1334 2683 Liuii
1372 2648 1647 2694 neglegentiam

114 2697 314 2742 detexerat,
341 2702 378 2735 et·
404 2700 611 2736 Pluessium
637 2702 691 2736 De
719 2702 818 2737 Cinc.
846 2715 880 2747 p.
903 2706 922 2737 5
939 2714 1016 2746 sqq.

212 2756 245 2796 2)
272 2753 394 2788 Etiam
420 2754 603 2789 Wissowa
630 2757 675 2791 R.
697 2756 815 2791 E.111
842 2767 870 2790 c.
893 2760 996 2790 2556.

211 2809 244 2850 3)
271 2806 391 2841 Taceo
419 2808 465 2842 de
491 2809 659 2851 somniis,
690 2809 825 2853 quibus
853 2809 1005 2853 quidam
1033 2808 1093 2843 uel
1120 2819 1141 2843 a
1167 2809 1322 2853 Polybio
1349 2809 1409 2844 uel
1436 2822 1457 2844 a
1483 2809 1644 2844 Diodoro

113 2856 339 2893 Alimentum
366 2860 403 2894 in
429 2873 538 2895 usum
563 2864 737 2896 uocatum
764 2873 842 2897 esse
869 2862 1047 2907 suspicati
1075 2864 1168 2896 sunt.

184 2924 262 2950 fflst.
277 2925 361 2951 Rom.
383 2927 434 2951 rel.
450 2927 475 2959 1,
495 2927 538 2952 ed.
559 2928 676 2953 Peter.
705 2928 759 2953 Edi
773 2928 823 2954 alt.
1274 2921 1358 2955 VIII
