2002 3342
704 183 739 218 C.
762 182 965 217 LICINIVS
992 183 1159 217 MAQER
1532 197 1700 228 CCCLIII

163 299 348 348 habebat,
369 309 440 336 ore
461 302 498 344 et
509 296 702 345 saucibus
721 297 805 333 sais
821 297 1018 333 coartatis
1039 297 1193 333 indaso
1213 297 1361 343 spiritu
1376 306 1550 344 poenam
1571 303 1699 335 morte

155 365 466 413 praecucurrit.
519 373 600 409 qua
636 363 800 409 cofflzita
840 372 886 398 re
927 360 1067 398 Cicero
1104 361 1153 398 a'e
1187 372 1232 398 eo
1268 362 1372 399 nihil
1395 364 1699 410 pronuntiauit.

165 432 293 477 icitur
319 430 485 466 illustris
513 429 668 475 iteqetzii
695 430 843 464 orator
862 430 899 462 et
926 425 975 463 ab
1003 427 1142 473 inopia
1169 428 1232 463 rei
1253 425 1476 474 familiaris
1503 432 1541 465 et
1567 439 1592 465 a
1618 430 1698 466 eri-

164 497 270 532 mine
297 494 540 532 domesticae
573 492 847 529 damnationis
874 492 1066 528 inusitato
1091 493 1261 539 paterni
1281 491 1364 540 fati
1386 503 1538 540 qenere
1565 493 1698 530 uindi-

166 564 282 598 catus
309 564 376 597 est.
416 556 536 595 altera
550 555 749 594 Plutarchi
770 556 810 593 in
833 555 902 593 uit.
925 555 1003 592 (lic.
1020 553 1063 592 Sl:
1094 551 1277 606 Λέγεται
1306 551 1353 594 δὲ
1379 554 1450 595 καὶ
1472 555 1700 603 Λικίννιος

164 621 344 674 Μάκερ,
379 619 489 673 ἀνὴρ
526 617 597 660 καὶ
634 617 743 659 καθ’
779 618 916 659 αὑτὸν
956 618 1120 671 ἰσχύων
1157 616 1204 659 ἐν
1239 624 1290 672 τῇ
1325 619 1450 659 πόλει
1486 618 1595 672 μέγα
1626 619 1699 660 καὶ

164 686 356 741 Κράσσῳ
384 685 606 739 χρώμενος
632 686 800 740 βοηθῷ,
828 685 1086 738 κρινόμενος
1107 686 1272 736 κλοπῆς
1292 681 1364 724 ὑπ’
1391 683 1528 725 αὐτοῦ
1551 683 1699 736 [Κικέ-

166 751 341 805 ρωνος],
367 756 418 804 τῇ
445 749 631 803 δυνάμει
658 748 730 789 καὶ
761 749 933 802 σπουδῇ
960 749 1205 801 πεποιθώς,
1239 750 1300 789 ἔτι
1327 749 1408 802 τὴν
1434 755 1586 802 ψῆφον
1610 756 1699 790 τῶν

164 823 327 870 κριτῶν
348 816 663 869 διαφερόντων,
690 812 956 867 ἀπαλλαγεὶς
977 813 1126 854 οἴκαδε
1146 814 1383 867 κείρασθαί
1400 829 1445 854 τε
1466 815 1547 867 τὴν
1566 829 1699 868 κεφα-

168 882 249 935 λὴν
269 881 376 922 κατὰ
395 880 525 934 τάχος
543 878 615 921 καὶ
636 879 839 934 καθαρὸν
863 879 1035 933 ἱμάτιον
1056 879 1114 927 ὡς
1134 881 1373 932 νενικηκὼς
1396 879 1545 932 λαβὼν
1566 876 1700 928 αὖθις

164 946 228 994 εἰς
255 945 422 999 ἀγορὰν
447 943 666 999 προϊέναι·
699 951 779 985 τοῦ
807 944 855 986 δὲ
881 943 1092 999 Κράσσου
1124 942 1223 997 περὶ
1249 945 1330 997 τὴν
1357 944 1536 986 αὔλειον
1562 944 1700 985 ἀπαν-

165 1013 381 1065 τήσαντος
407 1011 524 1066 αὐτῷ
551 1009 623 1051 καὶ
651 1010 915 1064 φράσαντος,
943 1009 1009 1051 ὅτι
1035 1008 1194 1057 πάσαις
1221 1007 1380 1050 ἑάλωκε
1406 1016 1500 1058 ταῖς
1520 1011 1698 1063 ψήφοις,

165 1075 440 1130 ἀναστρέψας
467 1074 536 1116 καὶ
565 1075 840 1124 κατακλινεὶς
860 1075 1118 1116 ἀποθανεῖν.
1159 1074 1207 1115 τὸ
1229 1071 1277 1115 δὲ
1297 1081 1474 1129 πρᾶγμα
1493 1080 1552 1130 τῷ
1574 1074 1700 1116 Κικέ-

166 1157 275 1196 ρωνι
303 1140 437 1190 δόξαν
462 1142 647 1195 ἤνεγκεν
673 1141 730 1190 ὡς
757 1139 968 1194 ἐπιμελῶς
994 1140 1292 1193 βραβεύσαντι
1326 1139 1374 1181 τὸ
1403 1140 1701 1194 δικαστήριον.

166 1210 274 1261 prior
294 1214 424 1248 tamen
445 1210 618 1247 narratio
641 1214 680 1247 et
705 1220 776 1259 per
796 1220 837 1247 se
858 1209 990 1246 minus
1010 1206 1225 1258 probabilis
1247 1212 1306 1246 est
1325 1207 1355 1244 V
1358 1207 1547 1258 aleriique
1575 1214 1700 1248 artem

166 1276 278 1326 sapit,
306 1279 344 1313 et
365 1279 541 1313 extrema
560 1273 760 1312 Plutarchi
780 1273 901 1312 uerba
923 1273 1208 1311 confirmantur
1228 1272 1274 1311 ab
1296 1274 1381 1323 ipso
1403 1272 1605 1323 Cicerone,
1633 1275 1700 1325 qui

167 1336 341 1393 (1,4‚2)
369 1339 416 1378 ad
442 1340 613 1378 Atticum
640 1340 735 1378 haec
762 1340 939 1390 scripsit:
967 1339 1048 1377 Nos
1072 1340 1140 1377 hic·
1166 1340 1401 1377 incredibili
1427 1351 1478 1377 ao
1496 1342 1701 1388 sinqulari

154 1408 303 1456 populi
328 1408 537 1445 uoluntate
564 1407 612 1444 (le
644 1405 682 1443 C.
706 1405 850 1444 Macro
878 1406 1162 1452 transeyimus.
1202 1406 1270 1442 cai
1296 1416 1385 1442 cum
1413 1407 1533 1454 aequi
1553 1405 1699 1454 fuisse·

166 1483 269 1519 mus,
304 1476 434 1510 tamen
467 1473 588 1509 multo
624 1473 817 1509 maiorem
846 1470 1028 1519 fractum
1061 1481 1112 1507 ecc
1134 1471 1281 1518 populi
1306 1472 1606 1508 existimatione
1632 1472 1699 1509 illo

167 1538 356 1575 damnato
385 1538 562 1585 cepimus
588 1547 707 1584 quctm
733 1548 785 1574 ex
811 1538 949 1584 ipsias,
975 1537 1011 1573 si
1037 1535 1244 1573 absolutus
1270 1540 1381 1582 esset,
1406 1538 1547 1583 qratia
1574 1538 1699 1584 cepis-

165 1613 305 1640 semus.
345 1614 421 1652 quo
450 1612 644 1639 consensu
671 1601 788 1638 etiam
809 1612 943 1638 earum
966 1611 1111 1649 rerum,
1140 1611 1238 1650 quae
1260 1604 1373 1638 antea
1394 1605 1573 1638 narratae
1596 1605 1698 1649 sunt,

166 1668 378 1705 auctoritas
405 1671 581 1716 augetur.

257 1731 341 1776 Qua
374 1736 497 1770 aetate
525 1730 685 1770 annales
712 1731 989 1781 composuerit,
1016 1742 1093 1768 non
1120 1728 1254 1779 liquet.
1296 1741 1423 1779 neque
1451 1731 1555 1768 enim
1583 1743 1629 1768 ex
1657 1742 1700 1769 ea

168 1809 222 1847 re,
250 1797 353 1848 quod
379 1798 419 1835 in
447 1798 640 1847 oratione,
667 1809 782 1847 quam
811 1795 1019 1834 Sallustius
1047 1807 1136 1833 eum
1164 1794 1374 1832 habentem
1402 1795 1504 1846 facit,
1536 1795 1700 1846 diligen-

167 1868 245 1902 tem
272 1875 405 1902 rerum
428 1862 693 1901 Romanarum
721 1863 985 1913 cognitionem
1007 1873 1051 1899 ac
1071 1860 1278 1898 scientiam
1299 1859 1482 1911 ostendit,
1509 1860 1615 1899 aliud
1635 1873 1700 1912 ap-

165 1933 278 1979 paret
308 1929 386 1966 nisi
419 1940 507 1966 eum
541 1929 658 1966 etiam
691 1928 731 1966 in
758 1939 801 1965 re
833 1925 990 1978 publica
1023 1924 1332 1964 administranda
1359 1925 1545 1964 historiae
1572 1926 1700 1965 studio

169 1992 329 2032 ductum
362 2005 449 2031 esse
481 2005 610 2043 neque
641 1998 686 2031 ut
717 1992 813 2031 alios
845 1993 1059 2042 scriptores
1092 1992 1367 2041 grammaticos
1393 1990 1458 2029 uel
1483 1991 1701 2042 philologos

168 2059 208 2096 in
230 2057 310 2097 sola
331 2059 561 2109 antiquitate
584 2057 757 2096 eruenda
776 2052 1035 2111 ue1·satum.¹)
1072 2057 1277 2107 inscriptio
1298 2056 1402 2095 binis
1424 2057 1519 2095 locis
1541 2070 1559 2095 a
1574 2056 1700 2095 Nonio

169 2119 235 2177 (fr.
258 2122 294 2162 6.
317 2120 393 2176 21)
421 2123 539 2174 idque
566 2125 606 2161 in
634 2135 678 2162 eo
706 2124 845 2174 capite,
872 2135 948 2173 quo
976 2123 1198 2160 accuratius
1220 2123 1341 2161 citare
1369 2122 1478 2173 solet,
1506 2128 1545 2161 et
1571 2134 1591 2160 a
1617 2122 1701 2161 Pri-

168 2190 300 2227 sciano
329 2184 386 2242 (7.
410 2184 483 2242 22)
511 2188 655 2227 tradita
688 2194 747 2227 est
780 2187 1037 2238 annalium,
1073 2200 1150 2226 uno
1178 2187 1431 2227 historiarum
1459 2200 1479 2226 a
1505 2187 1700 2226 Macrobio

169 2249 234 2307 (fr.
260 2250 315 2308 1).
355 2254 549 2292 trahimur
581 2255 701 2304 igitur
733 2259 936 2292 auctorum
970 2265 1136 2291 numero
1170 2252 1217 2291 ad
1249 2252 1425 2303 annales,
1465 2255 1532 2303 qui
1564 2253 1701 2292 titulus

168 2320 286 2358 etiam
313 2325 474 2370 propter
499 2319 691 2358 librorum
717 2325 897 2358 naturam
924 2317 1165 2369 probabilior
1185 2318 1281 2356 mihi
1303 2324 1373 2356 est.
1412 2317 1521 2356 Libri
1542 2318 1702 2357 suerunt

167 2385 375 2423 minimum
402 2384 576 2423 sedecim
597 2384 662 2437 (fr.
684 2379 811 2438 22).2)
853 2383 921 2422 sed
943 2395 1041 2434 quae
1069 2383 1285 2434 fragmenta
1308 2388 1462 2421 seruata
1484 2388 1585 2434 sunt,
1612 2395 1701 2434 per-

167 2451 303 2500 paucis
330 2455 369 2488 et
395 2449 604 2488 admodum
631 2449 816 2488 tenuibus
837 2446 903 2503 (fr.
926 2446 981 2487 22
1004 2453 1042 2486 et
1063 2449 1138 2486 inc.
1160 2447 1241 2487 sed.
1264 2446 1331 2486 24.
1354 2444 1430 2501 25)
1458 2449 1633 2499 exceptis
1655 2461 1701 2487 ex

168 2513 261 2553 solis
288 2513 439 2553 duobus
467 2516 604 2566 primis
634 2514 746 2554 libris
773 2520 957 2565 excerpta
985 2518 1086 2551 sunt.
1127 2514 1167 2551 in
1193 2513 1254 2551 his
1282 2526 1302 2551 a
1328 2512 1484 2551 Romuli
1510 2512 1701 2564 Remique

167 2580 337 2629 pueritia
369 2591 533 2618 exorsus
566 2592 630 2619 res
661 2580 855 2619 Romanas
887 2580 1096 2618 minimum
1130 2590 1255 2629 usque
1286 2577 1334 2616 ad
1359 2578 1553 2629 Pyrrhum
1581 2578 1702 2617 dedu-

168 2650 279 2682 xerat
304 2640 524 2699 (fr.20)3)‚
559 2645 605 2684 de
639 2647 782 2684 ceteris
814 2644 943 2694 libris,
983 2655 1082 2694 quae
1116 2648 1177 2682 est
1208 2645 1526 2682 testimoniorum
1557 2644 1702 2694 inopia,

266 2715 578 2784 ΠρῖΝῙριῃὼτ,
599 2741 772 2786 praeleet.
794 2741 810 2775 Ι
830 2753 864 2785 p.
881 2744 936 2775 33.
960 2744 1040 2774 227.
1067 2739 1110 2773 H.
1134 2739 1176 2774 R.
1196 2739 1212 2773 1
1232 2752 1267 2784 p.
1284 2743 1352 2774 350
1372 2741 1447 2774 not.
1465 2743 1541 2774 793.

265 2796 298 2836 2)
325 2793 368 2827 fr.
391 2797 433 2827 23
461 2796 517 2828 est
544 2793 580 2829 C.
603 2794 722 2829 Clodii
747 2794 864 2829 Licini
890 2794 932 2828 fr.
955 2797 974 2826 3
1003 2792 1097 2837 (Vol.
1118 2792 1151 2826 II
1177 2805 1212 2837 p.
1230 2795 1297 2837 78).

265 2850 298 2890 3)
327 2845 424 2888 Quas
444 2857 502 2881 res
522 2848 673 2891 primus,
695 2859 787 2892 quas
809 2847 903 2882 alter
923 2847 1020 2881 liber
1035 2846 1272 2890 continuerit),
1293 2858 1366 2880 non
1387 2848 1509 2890 potest
1529 2846 1690 2880 discerni

242 2912 322 2937 nist.
337 2912 421 2937 Rom.
442 2912 494 2938 rel.
508 2913 532 2946 1,
552 2914 597 2940 ed.
611 2914 728 2939 Peter.
753 2914 807 2938 Ed.
823 2914 872 2938 ιιι.
1299 2905 1417 2939 XXIII
