2002 3342
711 166 751 208 Q.
780 165 950 200 FABIVS
977 164 1151 199 PICTOR
1582 180 1692 209 XCHJ

160 284 352 330 quatenus
376 276 534 329 probari
554 277 689 328 possit,
711 288 815 314 nunc
836 277 1050 326 quaeritur,
1071 287 1165 313 num
1187 275 1491 314 existimandum
1513 277 1563 314 sit
1583 276 1692 327 Poly-

158 343 266 382 bium
287 343 389 381 infra
405 341 634 393 dignitatem
655 353 765 379 suam
788 339 946 379 duxisse
969 341 1054 378 eius
1073 341 1278 391 scriptoris
1301 342 1524 379 auctoritati
1545 353 1585 379 se
1602 341 1692 379 sub-

158 410 282 458 icere,
314 409 354 445 in
381 419 497 458 quem
530 412 608 444 tam
642 406 816 456 grauiter
842 406 1023 443 inuectus
1057 409 1151 442 erat.
1197 405 1305 455 atqui
1332 405 1405 443 hoc
1433 407 1552 443 certis
1579 418 1693 455 argu-

160 473 304 512 mentis
325 473 457 510 euinci
477 476 619 522 potest,
647 469 919 521 phylarchum,
947 469 1080 519 Agidis
1102 474 1139 507 et
1160 468 1382 508 Cleomenis
1403 469 1693 520 admiratorem,

158 538 337 589 quamuis
358 536 492 575 multis
513 535 735 587 opprobriis
757 547 776 573 a
798 534 955 586 Polybio
975 534 1140 584 Achaeo,
1162 535 1229 585 qui
1249 535 1355 572 Arati
1378 535 1577 574 studiosus
1600 542 1693 585 erat,

157 607 362 641 oneratum
397 607 526 640 tamen
561 606 737 652 spretum
770 611 848 638 non
882 611 968 638 esse
996 604 1111 650 atque
1138 600 1176 636 in
1206 600 1290 637 eius
1319 599 1544 639 auctoribus
1573 601 1691 638 fuisse

157 664 224 719 (cs.
246 679 344 705 mus.
365 666 488 705 Rhen.
512 664 615 703 XXII
636 679 670 717 p.
693 662 746 703 81
770 676 859 703 cum
880 670 959 703 not.
982 661 1069 717 53),
1097 663 1280 714 idemque
1303 663 1349 702 de
1369 664 1528 703 Timaeo
1549 667 1692 716 poterit

157 731 430 771 demonstrari.
484 730 624 769 deinde
653 729 844 781 quaedam
872 728 986 768 nobis
1013 735 1228 767 occurrunt
1254 728 1363 767 Fabii
1390 735 1496 768 certa
1525 732 1690 781 uestigia

154 798 195 836 in
222 796 372 848 Polybii
398 796 586 846 historiis,
612 795 681 834 ubi
707 795 878 833 auctoris
906 806 1048 833 nomen
1076 795 1221 832 frustra
1249 795 1506 845 requirimus:
1535 793 1560 833 2
1582 808 1613 833 c.
1636 794 1692 834 ‘24

154 874 341 901 numeros
367 861 538 900 militum
558 860 823 899 Romanorum
852 859 898 898 ad
924 859 1071 898 bellum
1096 858 1286 898 Gallicum
1314 872 1346 898 a.
1367 857 1465 898 225.
1487 857 1572 898 529
1601 873 1690 899 con-

154 928 393 978 scriptorum
432 939 478 965 ex
518 938 562 964 eo
603 931 780 976 sumptos
820 937 907 964 esse
945 924 1092 964 dudum
1125 926 1371 963 consentitur
1403 921 1501 977 (uid.
1529 924 1615 964 adn.
1645 925 1690 964 ad

154 992 199 1030 fr.
221 988 316 1045 23),
350 992 556 1042 epitomas,
590 990 732 1041 quibus
765 991 995 1029 memoriam
1022 989 1237 1028 Romanam
1271 989 1317 1028 ab
1351 991 1463 1028 initio
1490 1002 1616 1041 usque
1644 991 1690 1029 ad

152 1056 300 1095 bellum
332 1056 474 1108 Pyrrhi
507 1052 564 1109 (1,
592 1051 710 1109 5sq.)
745 1060 783 1094 et
815 1055 1007 1094 bellorum
1042 1054 1241 1094 Gallorum
1275 1052 1334 1108 (2,
1366 1053 1569 1109 18-20)
1602 1068 1690 1107 per-

154 1123 290 1172 currit,
318 1121 364 1160 ab
393 1134 438 1160 eo
459 1120 633 1173 pendere
657 1120 698 1159 B.
720 1119 837 1159 Niese
864 1117 1016 1172 (Herm.
1038 1119 1125 1158 XIII
1149 1133 1184 1172 p.
1207 1117 1313 1174 410)
1337 1121 1486 1173 docuit,
1514 1119 1552 1171 3,
1574 1118 1641 1171 84,
1667 1120 1687 1160 ἰ’

152 1186 322 1225 eundem
342 1185 609 1225 Romanorum
631 1181 816 1238 (fortasse
837 1186 953 1224 etiam
975 1185 1208 1236 Poenorum,
1230 1185 1309 1224 uid.
1332 1185 1460 1224 adnot.
1483 1185 1529 1224 ad
1550 1186 1596 1224 fr.
1613 1184 1688 1238 26)

150 1263 361 1290 numerum
388 1251 435 1290 ad
462 1251 589 1290 lacum
603 1250 891 1289 Trasumenum
919 1263 1077 1289 caesum
1106 1262 1192 1289 esse
1215 1252 1385 1301 scripsit,
1406 1263 1524 1302 quem
1546 1250 1688 1290 Fabius

151 1313 217 1369 (fr.
240 1313 333 1370 26),
371 1329 460 1355 cum
493 1317 588 1355 alios
616 1315 734 1354 alium
762 1328 949 1354 numeros
982 1315 1182 1354 rettulisse
1217 1328 1263 1354 ex
1298 1316 1408 1355 Liuio
1443 1322 1686 1367 compertum

149 1381 384 1434 habeamus3
424 1381 592 1433 denique
627 1382 744 1420 etiam
778 1381 881 1432 quod
914 1394 945 1419 a.
968 1378 1065 1419 225.
1087 1378 1173 1420 529
1202 1381 1248 1419 ab
1276 1381 1315 1421 L.
1336 1382 1500 1420 Aemilio
1527 1382 1687 1421 consule

151 1446 408 1498 quadraginta
441 1447 548 1485 milia
583 1446 781 1485 Gallorum
821 1458 932 1484 caesa
972 1458 1058 1485 esse
1099 1452 1136 1484 et
1168 1446 1352 1498 Polybius
1385 1443 1443 1499 (2,
1471 1445 1539 1498 31,
1569 1444 1611 1500 1)
1650 1454 1688 1486 et

149 1512 363 1563 Eutropius
385 1511 442 1564 (3,
464 1509 510 1565 5)
538 1511 782 1562 Orosiusque
804 1508 862 1564 (4,
886 1509 951 1562 13,
976 1509 1048 1564 10)
1076 1513 1289 1550 memoriae
1316 1511 1593 1563 prodiderunt,
1621 1518 1686 1551 aut

148 1583 328 1628 uterque,
356 1582 394 1616 et
420 1577 604 1628 Polybius
631 1583 669 1616 et
690 1577 838 1627 Liuius,
865 1577 975 1615 Fabii
996 1578 1227 1615 auctoritate
1254 1578 1436 1616 nituntur
1462 1583 1527 1616 aut
1548 1577 1685 1616 Liuius

147 1642 351 1694 Polybium
385 1639 650 1695 exscripsit.¹)
703 1655 801 1694 quae
835 1655 923 1680 cum
956 1643 1009 1680 ita
1043 1643 1137 1693 sint,
1172 1643 1262 1693 quia
1289 1654 1484 1693 nusquam
1511 1643 1610 1681 alius
1639 1643 1685 1682 de

146 1707 208 1746 his
235 1707 354 1746 rebus
380 1709 561 1758 primarii
587 1708 705 1746 fontis
732 1708 898 1758 uestigia
926 1706 1028 1758 apud
1061 1706 1266 1758 Polybium
1293 1704 1525 1760 apparent2)
1554 1714 1592 1746 et
1618 1709 1684 1747 uix

146 1772 307 1823 probari
333 1778 479 1824 potest,
513 1774 643 1811 omnia
670 1772 716 1812 ab
743 1774 828 1823 ipso
857 1785 902 1811 ex
930 1785 997 1811 ore
1025 1785 1178 1822 eorum,
1209 1774 1276 1823 qui
1303 1773 1585 1824 interfuerunt,
1620 1786 1684 1812 ex—

147 1843 258 1888 cepta
286 1843 324 1876 et
350 1839 571 1889 conquisita
604 1851 708 1877 esse:
752 1844 795 1876 ut
827 1837 1035 1889 Phylarchi
1068 1843 1106 1876 et
1131 1837 1300 1888 Timaei,
1333 1839 1391 1877 sic
1417 1840 1534 1877 etiam
1563 1839 1683 1889 Fabii,

147 1904 327 1954 quamuis
364 1902 504 1942 acerbe
541 1904 788 1955 reprehensi,
827 1904 1033 1942 materiam
1069 1903 1207 1942 alienis
1244 1903 1441 1942 coloribus
1477 1910 1681 1955 purgatam

147 1980 216 2006 suo
244 1967 389 2006 iudicio
417 1973 455 2007 et
480 1969 640 2019 ingenio
667 1968 854 2007 infecisse
880 1968 1050 2007 uidetur.

234 2032 489 2084 Dionysius
510 2035 551 2072 in
570 2032 799 2085 primordiis
821 2033 932 2072 urbis
954 2034 1186 2072 enarrandis
1207 2034 1409 2085 complura
1430 2046 1471 2072 se
1493 2047 1539 2073 ex
1560 2035 1679 2073 Fabio

242 2189 274 2231 1)
301 2187 353 2222 De
379 2187 564 2222 Nitzschii
591 2189 628 2223 et
647 2188 860 2223 Boettcheri
879 2190 1076 2234 (Krz'tz'sche
1099 2190 1305 2225 Unterszwh.
1327 2191 1432 2225 ueber
1453 2191 1510 2225 die
1533 2191 1681 2236 Quellen

144 2242 205 2276 des
231 2242 364 2276 Livius
388 2242 439 2276 im
466 2242 579 2276 XXI.
601 2253 637 2276 u.
660 2242 797 2276 XXII.
818 2243 925 2277 Buch
952 2242 991 2276 in
1017 2242 1199 2277 Fleckeis.
1222 2243 1343 2288 suppl.
1363 2243 1396 2277 V
1421 2256 1455 2288 p.
1478 2246 1678 2289 351—443)

143 2293 382 2339 opinionibus
413 2294 501 2328 uide
534 2293 632 2328 infra
664 2295 698 2330 d.
726 2295 793 2330 uit.
821 2297 859 2329 et
885 2307 950 2330 scr.
977 2295 1075 2330 Coel.
1097 2296 1182 2331 Ant.
1233 2296 1381 2339 Polybii
1419 2296 1510 2331 belli
1548 2297 1680 2332 Punici

143 2347 256 2392 primi
283 2347 572 2393 descriptionem
598 2348 654 2382 Fr.
677 2348 793 2382 Reuss
819 2349 857 2382 in
884 2349 1016 2383 Philol.
1039 2349 1101 2383 LX
1126 2361 1162 2394 p.
1185 2353 1371 2384 102—143
1403 2350 1500 2384 111161
1523 2351 1679 2385 Fabium

144 2403 181 2436 et
195 2400 382 2435 Philinum
398 2401 529 2436 diuisit
548 2401 680 2445 illique
693 2402 760 2436 has
774 2405 900 2447 partes
916 2403 1148 2447 adsignauit:
1172 2408 1202 2443 1,
1218 2407 1369 2447 20—24,
1386 2407 1415 2438 7.
1432 2407 1488 2447 25,
1504 2408 1631 2446 5-30,
1647 2409 1678 2439 4.

144 2457 294 2488 32—34.
323 2457 475 2497 36—37‚
496 2459 528 2489 4.
555 2458 611 2496 39,
632 2458 734 2489 2—6.
763 2459 914 2499 40—41,
938 2460 968 2490 1.
994 2459 1151 2500 49-513
1178 2456 1425 2492 fundamenta
1449 2459 1573 2492 tamen
1599 2458 1678 2492 eius

143 2506 327 2541 debiliora
353 2509 439 2542 sunt
466 2518 578 2552 quam
605 2508 796 2552 opinatum
834 2520 954 2553 neque
981 2509 1080 2544 enim
1112 2511 1253 2554 omnia,
1289 2522 1385 2555 quae
1412 2511 1613 2556 Eutropius
1640 2515 1677 2547 et

144 2558 294 2594 Orosius
320 2560 565 2604 prodiderunt
591 2564 639 2605 (p.
663 2563 754 2606 129),
782 2562 861 2596 sine
887 2562 1000 2597 dubio
1026 2574 1093 2607 pro
1120 2563 1294 2598 Fabianis
1321 2564 1555 2599 aestimanda
1581 2567 1676 2599 sunt.

143 2613 208 2647 sed
234 2612 273 2647 in
300 2624 443 2647 summa
469 2614 677 2648 sententiae
710 2615 975 2658 consentimus,
1014 2616 1127 2650 etiam
1160 2628 1242 2651 cum
1270 2617 1457 2652 Gortzitza
1489 2618 1527 2651 in
1553 2629 1674 2663 progr.

144 2664 302 2700 Strassb.
330 2677 448 2710 pruss.
479 2669 595 2711 1883).
633 2667 707 2702 vid.
736 2668 848 2702 etiam
875 2668 1029 2703 Meltzer
1058 2669 1180 2704 Gesch.
1202 2671 1236 2705 d.
1259 2671 1388 2706 Karth.
1415 2671 1446 2704 Π
1466 2675 1533 2705 557
1549 2683 1626 2715 sqq.

239 2721 274 2763 2)
300 2718 426 2753 Etiam
453 2723 484 2763 3,
506 2723 562 2763 29,
583 2724 614 2762 2,
641 2721 706 2755 ubi
733 2722 888 2756 Brutum
915 2723 952 2756 et
971 2721 1169 2757 Horatium
1191 2723 1358 2758 consules
1378 2724 1492 2758 fuisse
1513 2724 1566 2758 ait
1586 2725 1676 2759 duo-

143 2771 348 2817 detriginta
374 2772 481 2807 annis
513 2775 713 2818 postquam
740 2774 877 2809 Xerxes
904 2775 943 2808 in
969 2774 1164 2810 Graeciam
1190 2777 1415 2819 transiisset,
1450 2777 1556 2811 Fabii
1582 2779 1674 2811 tem—

141 2835 272 2868 porum
298 2825 481 2860 rationem
509 2837 592 2860 eum
620 2828 723 2871 sequi
751 2829 1020 2863 animaduertit
1045 2830 1249 2864 Mommsen
1276 2830 1444 2865 Chronol.
1472 2843 1506 2875 p.
1531 2835 1608 2866 1⁴28.
