2002 3342
308 183 336 212 L
867 169 1267 205 PROLEGOMENON

309 278 368 333 (L.
391 279 579 319 Lentulus
607 276 842 333 Caudinus),
882 286 993 319 antea
1029 293 1091 319 res
1127 293 1146 319 a
1180 280 1568 332 Carthaginiensibus
1605 282 1842 334 repetendas

308 357 394 384 esse
420 345 529 383 Fabii
558 350 778 396 suaserunt,
805 345 1031 396 amplasque
1059 351 1141 385 tum
1169 348 1369 385 orationes
1396 347 1482 385 illos
1508 349 1615 398 ipsos
1643 347 1690 387 de
1717 349 1839 387 armis

308 411 347 448 in
376 410 544 448 Africam
571 408 856 448 transferendis
883 409 1020 449 Liuius
1046 410 1200 450 induxit
1228 408 1315 463 (28,
1342 408 1537 465 40-44)
1571 418 1686 463 atque
1720 414 1839 451 etiam

308 475 533 526 quindecim
555 475 668 512 annis
691 479 778 525 post
799 475 838 512 in
860 474 1041 514 Pleminii
1063 488 1177 514 causa
1198 476 1361 515 Fabium
1388 478 1532 515 acriter
1551 478 1589 515 in
1613 477 1839 516 Cornelium

307 540 561 578 inuehentem
595 536 681 592 (29,
712 536 803 592 19);
845 539 1013 591 denique
1046 546 1089 579 ut
1121 546 1252 579 notam
1285 542 1425 579 samam
1457 540 1692 581 Plutarchus
1726 538 1840 596 (Fab.

308 618 338 643 c.
367 603 422 643 25
439 618 494 656 sq.
523 616 691 655 compar.
714 602 752 642 2.
799 605 844 644 cf.
867 604 946 644 Cat.
967 607 1055 644 mai.
1077 602 1123 659 3)
1158 618 1293 644 eorum
1321 605 1531 644 discidium
1558 606 1738 657 pluribus
1774 619 1842 646 ex-

306 669 478 721 plicauit.
530 669 598 708 sed
625 675 668 708 ut
694 669 755 708 illa
785 668 978 708 dissensio
1007 670 1052 708 de
1083 671 1207 709 initiis
1233 670 1325 709 belli
1352 670 1501 722 Polybii
1527 673 1758 710 auctoritate
1785 670 1840 711 οὐ

306 733 364 785 μὰ
398 733 487 774 Δία
519 734 714 773 Romanos
758 734 803 773 de
843 734 944 773 bello
986 734 1184 773 dubitasse
1225 741 1359 774 contra
1398 735 1585 786 quosdam
1624 737 1842 787 scriptores

307 797 532 853 testantisl)
560 799 766 838 obscurata
794 805 864 850 est,
891 801 943 838 ita
971 801 1129 838 omnino
1157 801 1343 839 inferiore
1368 806 1506 851 aetate,
1533 813 1607 852 qua
1628 813 1724 851 gens
1745 801 1839 840 Cor-

308 865 409 903 nelia
443 870 479 904 et
513 864 626 915 longe
660 864 817 903 Fabiam
852 865 1125 904 consulatuum
1159 878 1324 904 numero
1364 865 1607 917 aliorumque
1645 867 1840 906 honorum

308 942 495 981 superare
523 931 652 981 coepit
678 935 716 968 et
741 942 959 981 praecones
987 932 1195 969 inuenerat
1220 930 1390 970 Ennium
1417 930 1718 982 Polybiumque,
1747 931 1840 970 Cor-

307 995 502 1033 neliorum
541 995 763 1033 auctoritati
802 994 945 1033 Fabius
978 995 1109 1034 Pictor
1147 997 1275 1034 cessit.
1323 1008 1368 1034 eo
1400 995 1526 1046 pluris
1565 997 1844 1035 euanescentis

307 1061 519 1099 memoriae
547 1059 737 1111 reliquiae
765 1060 1029 1098 aestimandae
1057 1066 1159 1098 sunt.

396 1125 588 1163 Omnibus
627 1126 748 1175 igitur
786 1137 882 1176 quas
921 1126 1084 1176 exposui
1123 1127 1253 1164 causis
1285 1126 1480 1164 trahimur
1513 1125 1559 1164 ad
1593 1126 1843 1165 Cunctatoris

307 1190 527 1242 aequalem,
566 1189 708 1240 quibus
740 1202 845 1228 nunc
881 1190 997 1228 etiam
1032 1202 1150 1228 unam
1188 1190 1397 1242 adiungam
1435 1203 1480 1229 ex
1517 1191 1619 1230 Liuii
1656 1192 1842 1230 citatione

308 1261 514 1306 sumptam,
542 1256 608 1306 qui
634 1260 841 1306 postquam
869 1254 910 1300 Q.
934 1254 1042 1293 Fabii
1063 1256 1243 1306 magistri
1263 1257 1439 1306 equitum
1461 1257 1614 1294 iniussu
1637 1256 1842 1294 dictatoris

308 1320 354 1359 ad
386 1320 605 1359 Inbrinium
637 1321 844 1358 uictoriam
879 1325 1115 1370 reportatam
1150 1325 1185 1358 et
1218 1322 1360 1370 uiginti
1392 1320 1498 1359 milia
1528 1321 1699 1359 hostium
1728 1333 1841 1360 caesa

308 1398 395 1424 esse
422 1387 598 1424 narrauit
623 1385 739 1436 idque
768 1382 1081 1436 ‘antiquissimos
1109 1383 1305 1424 auctores'
1333 1391 1510 1437 secutus,
1537 1387 1577 1424 in
1604 1386 1840 1437 quibusdam

308 1449 512 1489 annalibus
532 1449 593 1488 bis
615 1463 704 1489 eum
724 1451 870 1488 uicisse
890 1451 1074 1501 inueniri,
1099 1451 1140 1488 in
1162 1449 1247 1488 aliis
1269 1456 1388 1489 totam
1409 1463 1493 1489 rem
1519 1452 1841 1502 praetermissam

308 1528 393 1554 esse
421 1515 595 1566 supplet,
632 1520 715 1553 tum
749 1520 878 1553 autem
907 1514 953 1554 de
987 1515 1122 1566 spoliis
1158 1516 1417 1554 concrematis
1449 1515 1613 1554 Fabium
1639 1521 1841 1554 auctorem

307 1582 483 1619 nominat
512 1577 568 1633 (8,
595 1577 663 1631 30,
686 1578 769 1618 7—
823 1599 878 1611 =
900 1580 990 1619 Fab.
1012 1581 1057 1618 fr.
1082 1577 1167 1634 18),
1194 1586 1238 1619 ut
1263 1580 1358 1619 illud
1386 1581 1581 1632 significet
1607 1596 1627 1619 a
1653 1580 1771 1619 Fabio
1797 1586 1841 1619 ut

308 1647 582 1697 antiquissimo
604 1651 762 1684 auctore
784 1657 825 1684 se
848 1646 933 1684 eius
955 1647 1013 1684 rei
1037 1647 1268 1684 memoriam
1296 1647 1499 1697 repetisse,
1526 1647 1549 1684 i.
1572 1659 1602 1684 e.
1625 1659 1644 1685 a
1670 1646 1843 1685 Pictore.

398 1710 609 1749 Claudiis
635 1723 732 1749 uero
754 1723 844 1749 eum
867 1716 974 1749 certa
997 1723 1112 1749 causa
1136 1723 1205 1749 sua
1227 1716 1350 1750 aetate
1367 1710 1579 1750 adductum
1599 1711 1844 1750 obtrectasse

308 1777 575 1827 argumentari
602 1788 680 1814 non
706 1788 878 1826 possum.
913 1782 951 1815 at
976 1776 1374 1815 uehementissimum
1399 1782 1599 1815 certamen
1624 1777 1729 1815 inter
1748 1776 1841 1815 Rul-

307 1842 455 1881 lianum
481 1842 729 1892 Appiumque
757 1841 925 1880 Caecum
953 1847 1111 1880 centum
1139 1843 1252 1880 annis
1279 1847 1368 1880 ante
1396 1841 1540 1892 fuerat,
1566 1843 1644 1880 iam
1669 1843 1711 1880 in
1737 1841 1842 1880 bello

309 1907 430 1946 altero
452 1906 686 1945 Samnitium
708 1905 891 1957 gerendo,
913 1919 988 1957 quo
1011 1919 1042 1946 a.
1058 1904 1155 1945 307.
1171 1904 1255 1945 447
1279 1907 1374 1958 App.
1396 1906 1556 1945 Claudio
1578 1906 1617 1945 L.
1633 1906 1843 1946 Volumnio

309 1985 408 2011 coss.
435 1972 554 2010 Fabio
584 1970 773 2010 ‘maxime
806 1972 930 2023 Appio
964 1971 1198 2010 aduersante
1230 1970 1462 2023 imperium’
1494 1978 1748 2023 prorogatum
1782 1977 1842 2011 est

310 2033 414 2091 (Liu.
436 2034 474 2089 9,
489 2034 559 2087 42,
574 2033 633 2091 2),
661 2042 743 2075 tum
770 2049 865 2076 uero
892 2038 934 2075 in
963 2050 1142 2088 censura,
1170 2050 1245 2088 qua
1266 2036 1408 2076 Fabius
1436 2038 1577 2087 omnia,
1604 2036 1748 2088 quibus
1775 2037 1842 2075 ille

308 2105 349 2141 in
383 2115 453 2141 sua
487 2101 688 2140 ‘senatum
721 2100 1032 2153 inquinauerat',
1066 2103 1288 2153 antiquauit
1320 2102 1649 2153 concordiamque
1682 2102 1840 2141 ciuilem

309 2169 477 2207 factione
505 2167 652 2206 forensi
678 2167 873 2206 turhatam
900 2169 1085 2206 restituit.
1125 2169 1181 2206 sic
1209 2169 1314 2206 enim
1341 2167 1495 2217 Liuius,
1529 2169 1596 2218 qui
1624 2167 1670 2206 de
1697 2167 1769 2206 hac
1796 2180 1841 2206 re

308 2234 425 2285 Appii
445 2245 653 2272 censuram
674 2234 809 2283 paucis
830 2232 965 2271 uerbis
990 2238 1237 2283 transegerat
1264 2228 1322 2286 (9,
1338 2230 1405 2283 29,
1421 2229 1480 2286 8),
1506 2232 1616 2271 Fabii
1636 2233 1842 2283 magistra-

310 2305 393 2338 tum
425 2297 670 2349 praedicauit
704 2297 942 2349 Maximique
976 2310 1191 2349 cognomen
1225 2297 1271 2336 ab
1305 2295 1398 2336 “hac
1431 2296 1614 2336 ordinum
1647 2302 1845 2348 tempera-

310 2361 433 2403 tione'
462 2362 622 2401 deduxit
650 2359 708 2416 (9,
722 2360 791 2413 46,
810 2361 863 2401 10
879 2359 983 2418 sqq.)
1013 2364 1287 2414 consentitque
1315 2364 1431 2401 etiam
1458 2363 1523 2401 hic
1550 2375 1638 2401 cum
1658 2362 1841 2414 Diodoro,

311 2430 378 2480 qui
405 2441 493 2467 cum
520 2428 635 2479 Appii
661 2427 906 2467 consulatum
932 2428 1110 2467 breuiter
1136 2433 1418 2467 commemoret
1445 2423 1533 2481 (20,
1556 2425 1625 2478 45,
1651 2423 1695 2482 1)
1724 2433 1840 2479 atque

311 2506 374 2533 res
401 2494 608 2532 intestinas
635 2505 773 2544 parum
802 2506 940 2532 curare
968 2493 1100 2544 soleat,
1127 2495 1211 2532 eius
1233 2505 1440 2532 censuram
1467 2492 1647 2544 pluribus
1668 2492 1845 2531 celebrat

311 2556 399 2613 (20,
415 2554 503 2613 36),
530 2559 571 2596 in
598 2570 673 2609 qua
698 2556 839 2597 πολλὰ
860 2564 947 2597 τῶν
966 2553 1182 2612 πατρῴων
1203 2557 1403 2609 νομίμων
1423 2554 1612 2609 ἐκίνησε·
1639 2561 1697 2612 τῷ
1719 2556 1844 2612 δήμῳ

311 2623 394 2676 γὰρ
413 2622 460 2662 τὸ
481 2620 797 2675 κεχαρισμένον
816 2629 957 2663 ποιῶν
978 2621 1138 2663 οὐδένα
1160 2622 1295 2674 λόγον
1309 2619 1497 2663 ἐποιεῖτο
1518 2627 1592 2674 τῆς
1607 2622 1840 2674 συγλήτου.

409 2774 442 2817 1)
467 2771 619 2807 Meltzer
642 2773 764 2807 Geseh.
786 2773 818 2808 d.
842 2774 975 2808 Karth.
996 2773 1028 2807 ΙΙ
1048 2785 1083 2817 p.
1105 2776 1171 2807 451
1189 2784 1240 2817 sq.
1269 2776 1335 2806 607
1351 2784 1430 2816 sqq.
1468 2772 1641 2807 Muenzer
1661 2773 1706 2807 R.
1728 2773 1775 2807 E.
1790 2772 1842 2807 VI

312 2837 340 2860 c.
370 2829 470 2860 1817.
