2002 3342
713 170 753 212 Q.
780 169 950 203 FABIVS
976 167 1149 203 PICTOR
1520 181 1697 211 LxxxnI

168 286 234 336 qui
267 286 392 323 secuti
425 288 533 333 sunt,
573 282 786 331 scriptores
824 280 964 318 famam
998 278 1202 329 uulgarem
1236 275 1300 317 ‘gv
1335 282 1425 324 τοῖς
1460 277 1694 324 πλείστοις’

167 350 279 388 libris
306 349 387 387 suis
408 347 620 386 memoriae
648 344 867 394 mandasse,
894 349 1092 383 uteorum
1122 355 1339 381 consensus
1360 342 1473 380 nobis
1496 355 1598 381 nunc
1627 345 1697 381 mi-

168 428 235 453 rus
255 426 333 452 non
355 425 441 451 esse
456 411 649 450 uideatur.
683 422 810 460 neque
825 409 957 447 Pictor
977 408 1124 458 habuit,
1146 420 1217 446 cur
1237 420 1321 445 eam
1345 407 1556 457 desereret,
1571 408 1698 458 quoad

166 480 385 518 ubertatem
401 476 596 528 quandam
618 476 806 514 materiae
828 473 1040 525 praebebat
1060 470 1170 526 (nam
1192 474 1307 511 etiam
1327 485 1463 523 regum
1487 485 1548 510 res
1570 474 1698 510 initia·

167 557 242 595 que
270 543 463 582 libertatis
491 542 547 580 rei
575 554 610 591 p.
639 539 813 591 amplexa
842 535 956 591 erat),
989 550 1225 589 quamquam
1253 539 1292 575 in
1322 537 1439 576 rebus
1462 537 1699 576 exornandis

167 609 316 659 ingenii
344 609 405 646 sui
432 606 660 645 fecunditati
687 618 764 644 non
792 606 951 643 omnino
973 605 1150 655 pepercit
1172 608 1288 654 atque
1311 604 1552 641 somniorum
1576 604 1698 641 fictio-

167 673 283 712 nibus
318 685 361 711 ea
394 672 628 723 praeripuit,
663 683 760 722 quae
794 675 927 721 postea
963 669 1155 708 accidisse
1189 669 1367 707 narrauit
1393 665 1542 721 (1123),
1576 669 1626 706 ita
1658 673 1701 706 ut

166 738 387 789 Dionysius,
414 750 489 788 qua
517 743 600 775 erat
626 737 842 785 ieiunitate,
871 736 954 773 eius
988 735 1193 785 scriptioni
1220 733 1418 772 fabulosae
1446 733 1573 783 aliam,
1602 746 1700 784 quae

168 808 328 842 naturae
355 802 508 853 legibus
535 802 658 852 magis
686 801 928 850 conueniret,
956 805 1182 851 opponeret.
1223 798 1326 850 quod
1352 811 1448 837 uero
1470 800 1700 836 memoriam

166 867 395 920 popularem
416 868 456 905 in
477 867 612 918 paucis
629 865 746 904 rebus
767 871 954 904 mutatam
978 867 1017 903 in
1039 865 1198 903 annales
1215 877 1306 903 suos
1326 864 1537 913 transtulit,
1560 863 1700 902 melius

169 933 214 972 de
241 934 408 972 ueritate
429 933 594 971 meritus
622 937 693 982 est,
720 944 836 982 quam
864 932 894 969 si
918 930 1072 969 Pisonis
1094 942 1203 969 more
1225 931 1265 968 in
1292 929 1356 968 illa
1378 934 1501 968 artem
1524 930 1700 967 criticam

168 999 411 1037 exercuisset
438 1009 601 1048 eamque
629 997 711 1035 suis
737 997 912 1035 inuentis
938 996 1174 1047 permixtam
1201 1001 1240 1034 et
1267 1007 1336 1033 suo
1365 994 1526 1033 arbitrio
1549 994 1701 1032 confor-

167 1070 311 1102 matam
343 1064 512 1114 posteris
544 1061 784 1100 tradidisset.
823 1061 1011 1112 indignus
1045 1062 1167 1111 igitur
1197 1066 1256 1099 est
1280 1060 1456 1111 Dionysii
1490 1059 1701 1110 reprehen-

168 1130 291 1179 sione,
319 1127 422 1180 quod
450 1140 539 1167 eum
566 1139 705 1178 parum
732 1126 979 1166 considerate
1009 1131 1047 1165 et
1072 1125 1216 1165 leuiter
1235 1125 1406 1164 Tullium
1433 1131 1471 1163 et
1490 1125 1703 1163 Arruntem

167 1194 401 1245 Tarquinios
435 1193 534 1231 filios
561 1193 687 1231 Prisci
715 1192 835 1231 fuisse
864 1187 975 1245 (4,6.
1005 1192 1049 1229 fr.
1076 1187 1167 1243 11³)
1202 1196 1239 1229 et
1265 1191 1476 1229 Arruntem
1504 1189 1550 1228 ab
1580 1202 1702 1228 uxore

168 1260 420 1298 interfectum
442 1271 462 1297 a
477 1257 691 1309 Tanaquile
712 1264 836 1296 matre
859 1257 1055 1308 sepultum
1079 1269 1164 1295 esse
1187 1252 1245 1310 (4,
1261 1253 1329 1295 30.
1351 1256 1396 1294 fr.
1416 1251 1508 1309 ΠΒ)
1531 1254 1703 1306 tradidit,

167 1325 208 1364 id
234 1324 338 1376 quod
369 1336 442 1375 per
467 1329 630 1362 naturae
663 1323 769 1374 leges
802 1323 890 1362 fieri
916 1335 994 1361 non
1021 1323 1197 1374 potuisse
1225 1323 1357 1372 quiuis
1384 1320 1603 1371 intelleget,
1637 1322 1704 1371 qui

167 1396 393 1441 temporum
420 1390 613 1428 rationem
640 1390 784 1427 inierit.

257 1457 383 1506 Atque
409 1455 506 1493 haec
530 1453 689 1505 quidem
718 1453 764 1492 de
792 1454 898 1492 fonte
925 1454 1075 1504 primae
1103 1452 1302 1491 annalium
1330 1453 1465 1503 partis,
1492 1464 1566 1502 qua
1593 1450 1704 1490 urbis

168 1522 363 1572 originem
384 1525 637 1558 enarrauerat
657 1519 811 1558 Fabius.
846 1518 961 1557 alteri
987 1519 1101 1569 parti,
1129 1531 1204 1569 qua
1225 1517 1467 1569 capitulatim
1495 1529 1558 1555 res
1578 1529 1704 1567 usque

169 1585 217 1624 ad
237 1597 348 1624 suam
369 1591 535 1624 aetatem
558 1586 769 1636 percurrit,
790 1589 948 1635 praeter
968 1584 1190 1622 litterarum
1217 1588 1482 1633 monumenta,
1504 1583 1543 1620 in
1564 1583 1704 1633 primis

168 1651 400 1702 pontificum
420 1649 585 1701 tabulas,
607 1662 705 1701 quae
728 1649 1000 1688 sacerdotibus
1022 1649 1256 1700 praesertim
1277 1648 1472 1699 patebant,
1494 1648 1599 1698 larga
1624 1660 1704 1686 ma-

168 1717 268 1755 teria
289 1715 522 1767 suppetebat
542 1717 581 1754 in
603 1716 732 1766 gentis
753 1715 894 1753 Fabiae
916 1714 1062 1753 tablino
1084 1710 1183 1767 (uid.
1199 1714 1300 1752 infra
1322 1727 1356 1765 p.
1373 1722 1585 1752 LXXXVIII
1601 1709 1703 1767 sqq.)

167 1783 209 1819 in
248 1793 324 1832 quo
366 1793 624 1832 quaecunque
670 1780 716 1819 ad
759 1793 844 1819 eam
887 1779 1074 1818 familiam
1116 1778 1385 1830 pertinebant,
1431 1790 1570 1829 magna
1616 1791 1704 1817 cum

169 1859 263 1885 cura
281 1845 470 1885 uidentur
490 1858 577 1884 esse
599 1847 782 1897 reposita.
816 1843 939 1897 quid‘?
967 1845 1070 1896 quod
1090 1845 1155 1883 uel
1177 1857 1223 1883 ex
1244 1846 1301 1883 eis
1322 1844 1579 1895 temporibus,
1606 1857 1705 1895 quae

169 1911 319 1950 cladem
356 1910 543 1949 Gallicam
580 1910 884 1961 antecedebant,
920 1911 1151 1949 memoriam
1187 1909 1356 1961 aliquam
1392 1909 1501 1948 hisce
1537 1910 1705 1960 priuatis

168 1977 436 2015 monumentis
469 1981 665 2015 seruatam
699 1988 787 2015 esse
826 1976 972 2015 indicio
1005 1975 1173 2026 quodam
1209 1974 1343 2013 doceri
1374 1974 1544 2013 uidetur.
1588 1974 1707 2013 tradit

170 2043 274 2080 enim
296 2041 433 2080 Liuius
455 2039 493 2092 2,
507 2039 577 2092 47,
596 2039 660 2091 11,
686 2047 943 2093 posteaquam
970 2053 1097 2092 pugna
1127 2053 1147 2078 a
1168 2040 1216 2079 M.
1238 2039 1356 2078 Fabio
1379 2039 1539 2079 consule
1561 2053 1591 2078 a.
1606 2038 1705 2078 480.

170 2104 257 2145 274
283 2119 372 2145 cum
394 2106 533 2145 Tuscis
561 2108 769 2145 commissa
790 2112 828 2145 et
848 2106 1034 2145 Manlium
1061 2105 1249 2156 collegam
1271 2111 1309 2144 et
1329 2105 1517 2151 Quintum
1544 2106 1706 2144 fratrem

170 2174 321 2211 occisos
348 2184 435 2210 esse
462 2173 654 2222 narrauit,
688 2172 803 2211 haec:
836 2173 1003 2211 Funera
1030 2173 1178 2211 deinde
1204 2173 1282 2210 duo
1313 2173 1502 2220 deinceps
1529 2173 1708 2220 collegae

165 2237 395 2287 fratrisque
422 2239 552 2286 ducit,
584 2239 690 2276 idem
717 2240 759 2276 in
786 2242 960 2286 utroque
985 2238 1190 2285 laudator,
1223 2248 1313 2275 eum
1340 2238 1597 2275 concedendo
1628 2239 1708 2275 illis

168 2315 265 2341 suas
291 2304 434 2342 laudes
460 2305 545 2352 ipse
570 2306 791 2342 maximam
808 2308 975 2352 partem
1002 2314 1143 2342 earum
1166 2302 1310 2351 ferret.
1343 2314 1458 2352 quam
1481 2314 1563 2340 rem
1585 2303 1662 2340 nisi
1686 2315 1705 2340 a

171 2367 284 2406 Liuio
310 2368 441 2406 fictam
469 2380 555 2406 esse
583 2367 800 2419 arbitraris,
828 2367 875 2406 ad
902 2379 1111 2419 quamnam
1135 2368 1409 2405 auctoritatem
1437 2368 1584 2405 rectius
1605 2368 1706 2405 refe—

171 2445 305 2471 remus
331 2445 446 2484 quam
477 2433 524 2472 ad
550 2432 760 2472 Fabiorum
786 2431 1008 2471 tablinum?
1041 2429 1139 2485 (uid.
1168 2444 1287 2483 supra
1313 2445 1348 2483 p.
1369 2441 1467 2470 XLII
1482 2428 1599 2486 sqq).

260 2497 392 2536 Tertia
427 2498 595 2550 denique
628 2504 740 2549 parte
774 2511 872 2549 quae
907 2503 972 2537 aut
1003 2499 1088 2549 ipse
1121 2497 1276 2535 uiderat
1309 2493 1446 2543 (etiam
1480 2509 1589 2535 suam
1623 2498 1706 2548 ipse

172 2575 379 2614 personam
401 2563 620 2614 induxerat,
648 2563 694 2602 fr.
710 2560 786 2618 24)
815 2569 881 2603 aut
908 2576 954 2602 ex
983 2563 1068 2602 aliis
1096 2563 1163 2613 qui
1190 2563 1464 2613 interfuerant,
1491 2561 1707 2611 audiuerat,

173 2629 329 2679 copiose
364 2629 562 2679 exposuit,
595 2627 712 2679 idque
740 2630 810 2679 ita,
843 2634 885 2667 ut
912 2628 1122 2679 Dionysius
1150 2629 1235 2666 eius
1270 2627 1386 2666 fidem
1420 2628 1585 2666 summis
1612 2639 1706 2678 quas

171 2692 336 2731 haberet
370 2692 551 2733 laudibus
588 2699 821 2745 persecutus
862 2695 913 2732 sit
950 2688 1009 2746 (1,
1024 2691 1062 2744 6,
1078 2688 1144 2746 2):
1182 2686 1248 2739 οἷς
1282 2688 1362 2743 μὲν
1397 2689 1528 2738 αὐτὸς
1563 2687 1708 2743 ἔργοις

171 2754 450 2809 παρεγένετο,
466 2757 551 2797 διὰ
570 2758 664 2810 τὴν
685 2755 961 2809 ἐμπειρίαν
980 2755 1170 2809 ἀκριβῶς
1191 2754 1424 2808 ἀνέγραψε,
1444 2752 1629 2810 6ῐ(7,71,
1645 2754 1706 2807 l):

173 2822 350 2876 Κοίντῳ
381 2821 533 2878 Φαβίῳ
560 2823 778 2876 βεβαιωτῇ
805 2821 1028 2876 χρώμενος
1048 2819 1120 2862 καὶ
1149 2820 1400 2872 οὐδεμιᾶς
1426 2817 1501 2860 ἔτι
1529 2820 1649 2871 ὄεόμ
1662 2834 1707 2860 ε-

1351 2888 1423 2922 VI*
