2002 3342
285 204 398 234 Lvni
850 189 1113 225 PROLEGOM
1118 190 1181 224 EN
1185 189 1249 225 ΟΝ

284 301 447 340 ultimus
481 306 610 339 autem
644 306 732 339 ante
767 313 854 339 eum
883 300 1024 339 Fabius
1052 314 1083 339 a.
1105 299 1199 340 116.
1215 299 1299 340 638
1334 303 1373 339 in
1403 302 1510 340 fastis
1541 303 1812 342 consularibus

285 371 540 405 enumeratus
568 371 637 404 est.
671 367 801 416 itaque
826 378 924 416 quae
952 371 1106 404 exstant
1132 366 1357 404 ambitionis
1378 366 1570 406 Fabianae
1591 369 1631 405 in
1651 367 1812 407 historia

285 431 442 481 indicia,
469 430 533 469 uel
561 430 607 468 ad
628 430 823 468 Pictorem
849 430 913 468 uel
941 430 986 469 ad
1014 443 1092 481 eos,
1119 432 1186 481 qui
1212 431 1325 482 paulo
1354 436 1441 482 post
1467 433 1503 470 ei
1524 440 1814 483 successerunt,

287 495 495 534 referenda
523 501 624 534 sunt.
657 497 742 533 eius
764 500 893 533 autem
916 495 1138 546 exemplum
1160 495 1254 534 alias
1275 501 1411 547 gentes
1433 498 1602 535 imitatas
1624 503 1662 536 et
1682 510 1814 537 aemu-

286 560 382 599 latas
410 573 496 599 esse
524 572 587 598 res
614 561 697 611 ipsa
725 559 891 610 ferebat,
924 572 1051 611 neque
1078 560 1328 611 mirabimur,
1359 561 1462 612 quod
1488 563 1645 600 nomina
1678 575 1814 602 eorum

287 627 525 676 scriptorum
553 638 677 676 usque
705 624 752 663 ad
773 624 902 663 Sullae
930 630 1096 663 aetatem
1123 625 1266 664 frustra
1295 627 1532 676 quaerimus
1566 627 1637 666 hac
1664 629 1769 666 enim
1796 640 1815 666 a

288 689 473 740 Claudiis,
499 690 731 740 Antiatibus,
758 690 900 728 Macris
922 690 1079 729 refutati
1100 691 1139 729 in
1161 690 1400 729 obliuionem
1422 694 1567 730 retrusi
1588 698 1689 731 sunt.
1723 705 1815 743 gen-

287 757 386 794 tium
408 761 537 794 autem
558 755 775 806 Quinctiae,
803 755 1005 805 Seruiliae,
1031 754 1183 805 Furiae,
1209 755 1442 806 Postumiae,
1463 755 1690 796 Volumniae
1711 770 1815 796 com-

288 822 571 859 mentariorum
604 819 706 871 apud
740 820 896 858 Liuium
929 822 969 858 in
1002 821 1128 871 prima
1162 819 1323 871 decade,
1356 822 1525 859 maxime
1558 822 1598 859 in
1627 822 1738 861 libris
1765 823 1816 861 ΙΙΙ

288 893 327 925 et
352 887 399 925 lv
426 887 593 936 uestigia
621 882 796 939 Soltau1)
825 885 1026 924 indicauit.
1063 886 1147 936 ipse
1175 891 1304 924 tamen
1332 886 1372 923 in
1400 898 1490 924 eum
1517 898 1693 926 errorem
1720 889 1817 926 inci-

289 951 382 991 dere
409 951 534 1002 nolui,
566 956 626 1001 ut,
660 952 693 989 si
721 963 819 1001 quae
847 956 983 1001 gentes
1016 956 1179 1001 propter
1211 963 1274 989 res
1307 952 1463 1001 egregie
1496 957 1625 1001 gestas
1659 965 1679 990 a
1706 952 1817 991 Liuio

287 1017 553 1067 Dionysioque
580 1015 854 1066 inlustrentur,
882 1017 1066 1054 continuo
1088 1028 1222 1055 earum
1251 1018 1554 1054 commentarios
1582 1016 1818 1056 domesticos

289 1082 453 1121 subesse
481 1086 636 1131 putem,
663 1085 730 1119 aut
756 1081 788 1118 si
816 1080 951 1119 eadem
980 1093 1042 1119 res
1069 1093 1089 1119 a
1117 1081 1286 1120 diuersis
1311 1081 1536 1119 hominibus
1564 1087 1629 1120 aut
1650 1082 1819 1121 diuersis

290 1148 386 1186 locis
407 1151 515 1198 gesta
536 1145 583 1184 ab
605 1145 741 1184 eodem
764 1147 956 1196 scriptore
978 1152 1173 1197 narretur,
1194 1148 1305 1185 initio
1327 1159 1411 1185 eam
1434 1160 1454 1185 a
1475 1146 1645 1185 diuersis
1666 1148 1820 1196 gentili-

289 1213 375 1263 bus,
402 1214 470 1263 qui
495 1211 780 1261 interfuissent,
808 1210 966 1249 diuerse
991 1213 1284 1249 commentariis
1310 1211 1530 1250 mandatam
1552 1224 1651 1263 esse,
1679 1212 1820 1252 deinde

291 1279 358 1330 qui
378 1290 444 1316 eos
466 1282 750 1327 compararent,
778 1276 1076 1315 diuersitatibus
1099 1276 1294 1327 deceptos,
1321 1276 1437 1315 simul
1457 1282 1500 1315 ut
1521 1279 1741 1327 argumenti
1762 1280 1820 1316 in-

290 1345 403 1395 opiae
435 1341 708 1392 mederentur,
745 1341 908 1380 eandem
942 1354 1026 1380 rem
1060 1341 1106 1380 de
1141 1341 1309 1380 diuersis
1343 1343 1454 1380 annis
1490 1341 1724 1392 prodidisse.
1764 1345 1821 1382 sic

291 1411 397 1448 enim
424 1407 493 1446 Ed.
516 1406 714 1445 Luebbert
746 1408 1002 1445 ratiocinatus
1035 1413 1111 1457 est,
1145 1408 1211 1458 qui
1243 1408 1412 1445 maxime
1439 1406 1731 1457 Schweglerum
1762 1420 1822 1446 se·

293 1480 407 1513 cutus
441 1474 614 1523 quinque
642 1471 784 1510 libellis
795 1467 827 1525 2)
855 1471 992 1510 talium
1019 1471 1351 1523 multiplicatuum
1378 1483 1522 1522 genera
1559 1472 1750 1523 quaedam
1782 1475 1823 1511 in

290 1540 456 1578 historia
488 1538 659 1576 Romana
697 1536 869 1575 ostendit
901 1542 1184 1587 stemmataque
1222 1538 1398 1588 gentium
1433 1536 1660 1588 descripsit,
1695 1550 1823 1589 neque

292 1611 423 1644 tamen
456 1604 650 1653 originem
684 1615 730 1640 ex
759 1603 1052 1641 commentariis
1087 1601 1313 1641 domesticis
1347 1603 1466 1640 certis
1493 1605 1735 1653 argumentis
1763 1615 1823 1642 re-

292 1669 502 1722 petendam
524 1669 716 1720 suscepit,
738 1667 838 1706 hanc
860 1668 965 1706 enim
987 1674 1227 1719 compertam
1243 1679 1328 1706 esse
1350 1667 1621 1706 existumabat.
1649 1673 1686 1706 at
1707 1670 1824 1707 etiam

293 1736 390 1774 aliae
418 1746 559 1773 causae
579 1732 644 1771 uel
672 1745 786 1771 casus
813 1732 983 1784 aliquam
1009 1733 1151 1771 famam
1178 1734 1326 1771 maiore
1349 1733 1580 1771 auctoritate
1607 1745 1823 1784 propagare

293 1804 517 1852 potuerunt.
556 1798 664 1837 nolui
697 1799 828 1849 igitur,
861 1803 905 1836 ut
935 1798 1009 1836 hoc
1042 1798 1219 1848 exemplo
1252 1803 1351 1848 utar,
1384 1797 1471 1836 ideo
1499 1797 1603 1848 quod
1634 1800 1824 1837 memoria

292 1866 467 1904 Romana
500 1863 567 1902 Cn.
596 1862 770 1901 Cornelii
797 1862 993 1914 Scipionis
1020 1864 1162 1902 Asinae
1195 1862 1369 1902 consulis
1402 1862 1550 1901 cladem
1579 1875 1609 1901 a.
1626 1861 1724 1902 260.
1738 1862 1826 1902 494

295 1930 431 1969 fraude
452 1929 597 1968 Punica
620 1928 761 1966 factam
783 1940 870 1966 esse
892 1934 1025 1967 narrat
1045 1924 1111 1981 (de
1133 1940 1209 1979 qua
1229 1927 1327 1979 nihil
1347 1927 1531 1978 Polybius
1555 1926 1591 1979 1,
1607 1925 1674 1978 ⁶21,
1688 1925 1825 1983 4—9),

295 2001 362 2035 aut
380 1994 484 2046 quod
505 1994 598 2045 App.
616 1992 801 2032 Claudius
823 1993 976 2032 Caudex
1000 2006 1077 2032 cos.
1099 2006 1130 2032 a.
1147 1990 1343 2032 264.49O
1364 1992 1465 2044 apud
1486 1993 1681 2032 Romanos
1703 1995 1825 2045 scrip-

295 2067 401 2100 tores
435 2072 518 2098 rem
553 2058 705 2097 felicius
738 2060 859 2109 gessit
892 2071 1007 2109 quam
1040 2058 1142 2110 apud
1175 2057 1395 2109 Polybium,
1433 2059 1726 2097 commentariis
1762 2058 1826 2097 uel

296 2127 423 2178 gentis
451 2124 654 2163 Corneliae
680 2124 745 2163 uel
772 2123 955 2162 Claudiae
983 2124 1055 2162 hoc
1083 2125 1241 2162 crimini
1269 2123 1371 2162 dare.

384 2190 484 2229 Illud
511 2195 641 2228 autem
668 2202 746 2228 non
768 2189 914 2240 dubit0,
942 2190 1037 2240 quin
1058 2189 1204 2240 aliquot
1225 2194 1263 2227 et
1284 2193 1454 2227 aetatum
1476 2189 1690 2239 scriptione
1712 2195 1826 2240 atque

296 2257 526 2295 inuentione
554 2260 592 2293 et
618 2255 794 2305 gentium
821 2254 1080 2293 aemulatione
1101 2254 1309 2305 studioque
1330 2266 1428 2304 opus
1455 2254 1575 2292 fuerit
1594 2252 1641 2291 ad
1668 2253 1828 2292 lacunas

296 2322 463 2360 Pictoris
496 2319 706 2371 explendas
739 2325 996 2370 tenoremque
1029 2319 1228 2358 annalium
1261 2320 1301 2356 in
1334 2331 1420 2357 eam
1453 2318 1619 2356 formam
1647 2318 1828 2369 redigen-

298 2386 402 2436 dum,
430 2398 529 2437 quae
556 2397 661 2424 nunc
687 2384 790 2436 apud
811 2384 967 2423 Liuium
989 2391 1125 2423 exstat.
1168 2397 1257 2422 nam
1278 2383 1382 2435 quod
1408 2383 1617 2434 Dionysius
1643 2379 1767 2436 (arch.
1793 2383 1829 2434 1,

395 2479 426 2520 1)
454 2477 585 2511 Livius
610 2488 645 2520 p.
663 2479 704 2509 97
721 2487 799 2520 sqq.
829 2479 894 2509 169
910 2487 963 2519 sq.
987 2479 1051 2510 171
1069 2487 1121 2518 sq.
1145 2478 1223 2509 183.
1251 2478 1329 2508 211.
1363 2473 1461 2518 quod
1488 2475 1612 2508 tamen
1639 2473 1736 2507 Aelii
1756 2474 1829 2507 Tu-

298 2530 445 2564 beronis
478 2528 741 2563 intercessione
773 2528 976 2563 multarum
1009 2528 1267 2562 laudationum
1294 2526 1468 2561 notitiam
1501 2527 1547 2560 ad
1574 2526 1721 2560 Liuium
1745 2538 1830 2571 per-

298 2583 443 2619 uenisse
469 2582 562 2625 uult,
588 2582 651 2616 uix
678 2583 778 2616 certa
805 2582 1130 2626 argumentatione
1156 2592 1243 2615 usus
1271 2581 1336 2615 est.

395 2638 428 2680 2)
455 2636 494 2669 In
526 2634 794 2669 indictionibus
826 2634 1038 2679 principum
1071 2634 1213 2669 dierum
1244 2633 1426 2667 natalium
1457 2632 1618 2668 uniuers.
1647 2632 1830 2667 Gissensis

299 2703 330 2724 a.
354 2693 443 2725 1873
478 2690 551 2732 (De
576 2689 736 2734 yeozta'um
764 2689 866 2723 Rom.
888 2689 1155 2723 commentariis
1180 2688 1410 2729 domesticis),
1436 2685 1610 2720 Kiliensis
1639 2689 1729 2720 1875
1757 2687 1831 2729 (De

298 2745 415 2790 yemis
445 2743 625 2778 Seruiliae
655 2753 776 2776 comm.
805 2742 934 2785 dom),
974 2745 1064 2775 1876
1102 2741 1345 2786 (Quinctiae),
1386 2742 1474 2773 1877
1510 2740 1704 2783 (Furiae),
1741 2742 1830 2774 1878

302 2797 524 2840 (Claudiae).
563 2806 628 2829 nos
662 2794 831 2840 gentium
864 2794 1062 2839 scriptores
1090 2793 1320 2839 persecuturi
1353 2792 1466 2826 etiam
1499 2792 1544 2825 de
1577 2803 1703 2826 earum
1736 2803 1834 2826 com-

301 2849 493 2885 mentariis
521 2848 734 2884 domesticis
760 2847 820 2882 uel
846 2847 985 2882 libellis
1012 2847 1298 2892 disputabimus.
