2002 3342
140 1471 172 1495 10

142 1797 174 1822 15

142 2122 176 2147 20

644 693 694 747 Q.
735 693 998 740 LVTATII
1039 693 1270 741 CATVLI

344 796 408 830 DE
436 795 724 830 CONSVLATV
750 796 811 829 ET
837 796 901 830 DE
928 796 1084 830 REBVS
1111 796 1274 831 GESTIS
1302 797 1404 831 SVIS
1430 797 1574 832 LIBER

282 868 323 911 1.
358 873 565 911 Plutarch.
589 872 779 910 Mar.25.
825 870 1099 923 Τηρήσαντες
1132 867 1214 911 οὗν
1246 871 1323 911 τὸν
1356 870 1602 923 ὡρισμένον
1628 873 1725 926 χρό-

190 951 274 976 νον
299 934 725 988 ἀντιπαρετάσσοντο
758 934 957 988 [Romani
983 943 1127 976 eontra
1160 938 1339 977 Cimbros
1365 941 1405 977 in
1434 942 1587 988 eampis
1612 940 1725 978 Rau-

193 1000 305 1055 diisj,
332 999 505 1048 Κάτλος
531 997 612 1052 μὲν
638 1001 749 1053 ἔχων
770 1000 1033 1055 δισμυρίους
1053 1000 1123 1041 καὶ
1144 1003 1424 1055 τριακοσίους
1445 1002 1726 1056 στρατιώτας,

192 1066 235 1107 οἱ
257 1065 304 1107 δὲ
326 1067 508 1120 Μαρίου
536 1065 744 1119 δισχίλιοι
765 1062 845 1119 μὲν
866 1063 935 1106 ἐπὶ
956 1068 1233 1119 τρισμυρίοις
1253 1065 1469 1119 ἐγένοντο,
1495 1066 1728 1121 περιέσχον

194 1128 243 1172 δὲ
269 1131 346 1171 τὸν
367 1130 543 1171 Κάτλον
564 1129 613 1171 ἐν
632 1129 748 1187 μέσῳ
769 1129 1035 1184 νεμηθέντες
1055 1132 1115 1180 εἰς
1136 1129 1342 1184 ἑκάτερον
1362 1130 1503 1184 κέρας,
1530 1131 1588 1180 ὡς
1609 1132 1727 1173 Σύλ-

192 1199 289 1247 λας,
322 1194 620 1250 ἠγωνισμένος
653 1195 826 1249 ἐκείνην
858 1196 938 1249 τὴν
969 1196 1124 1250 μάχην,
1158 1195 1363 1250 γέγραφε.
1409 1199 1486 1237 καί
1515 1208 1623 1250 φησι
1649 1198 1729 1239 τὸν

193 1262 376 1315 Μάριον
402 1259 640 1302 ἐλπίσαντα
672 1268 764 1310 τοῖς
791 1261 940 1315 ἄκροις
966 1261 1152 1315 μάλιστα
1178 1260 1250 1302 καὶ
1276 1262 1384 1302 κατὰ
1410 1261 1539 1317 κέρας
1565 1272 1729 1317 συμπε-

193 1334 288 1368 σεῖν
314 1327 388 1375 τὰς
416 1325 658 1380 φάλαγγας,
686 1326 802 1375 ὅπως
828 1325 942 1375 ἴδιος
968 1327 994 1380 ἡ
1021 1327 1120 1381 νίκη
1142 1333 1230 1368 τῶν
1256 1325 1428 1368 ἐκείνου
1450 1335 1729 1381 στρατιωτῶν

193 1390 364 1444 γένοιτο
392 1389 463 1432 καὶ
489 1392 546 1445 μὴ
574 1390 779 1445 μετάσχοι
806 1397 884 1432 τοῦ
912 1390 1082 1445 ἀγῶνος
1102 1392 1124 1432 ι’)
1149 1392 1322 1441 Κάτλος
1346 1390 1455 1446 μηδὲ·
1477 1392 1729 1447 προσμίξειε

193 1464 285 1505 τοῖς
310 1458 548 1508 πολεμίοις,
574 1457 782 1510 κόλπωμα
808 1464 896 1497 τῶν
920 1455 1080 1510 μέσων,
1109 1457 1253 1509 ὥσπερ
1275 1461 1437 1499 εἴωθεν
1457 1457 1504 1499 έν
1524 1459 1730 1512 μεγάλοις

192 1522 425 1574 μετώποις,
459 1523 796 1576 λαμβανόντων,
832 1521 945 1563 οὕτω
977 1522 1207 1576 διαστῆσαι
1233 1523 1309 1571 τὰς
1336 1523 1561 1575 δυνάμεις·
1601 1524 1730 1576 ὅμοια

195 1584 243 1628 δὲ
270 1585 341 1627 καὶ
368 1587 447 1628 τὸν
467 1587 646 1628 Κάτλον
673 1586 809 1628 αὐτὸν
836 1586 1155 1640 ἀπολογεῖσθαι
1181 1587 1281 1640 περὶ
1302 1589 1473 1629 τούτων
1501 1589 1730 1643 ἱστοροῦσι

193 1653 362 1706 πολλὴν
387 1658 718 1706 κατηγοροῦντα
744 1659 824 1693 τοῦ
849 1655 1032 1706 Mapcov
1059 1655 1330 1707 κακοήθειαν
1355 1654 1463 1705 πρὸς
1489 1654 1636 1695 αὑτὸν.

286 1716 329 1759 2.
364 1721 466 1758 Plus.
488 1720 595 1758 Mar.
618 1720 685 1758 26.
722 1717 848 1758 Οὕτω
872 1716 911 1758 δ’
936 1714 1049 1770 ἦσαν
1070 1718 1275 1759 διάπονοι
1295 1718 1494 1772 [Romani
1514 1724 1553 1760 2‘72
1578 1725 1732 1771 campis

196 1782 392 1836 Raudiis]
423 1783 475 1823 τὰ
501 1783 678 1836 σώματα
703 1781 773 1824 καὶ
801 1784 1145 1836 κατηιθληκότες,
1177 1782 1234 1832 ὡς
1259 1785 1366 1837 μήτε
1394 1785 1606 1838 ῐδροῦντά
1631 1800 1731 1826 τινα

193 1849 299 1902 μήτε
327 1846 634 1901 ἀσθμαίνοντα
649 1846 871 1900 Ῥωμαίων
897 1847 1098 1902 ὀφθῆναι
1119 1849 1192 1890 διὰ
1212 1851 1400 1902 πνίγους
1420 1850 1638 1891 τοσούτου
1657 1848 1730 1891 καὶ

195 1914 301 1967 μετὰ
335 1914 501 1967 δρόμου
534 1919 610 1966 τῆς
643 1911 892 1967 συρράξεως
917 1912 1175 1967 γενομένης,
1203 1914 1260 1963 ὡς
1285 1914 1365 1955 τὸν
1391 1915 1569 1956 Κάτλον
1595 1914 1732 1956 αὐτὸν

199 1979 392 2031 ἱστορεῖν
419 1977 596 2031 λέγουσι
623 1979 927 2032 μεγαλύνοντα
953 1979 1057 2027 τοὺς
1083 1980 1360 2032 στρατιώτας.

287 2042 330 2085 3.
367 2047 468 2084 Plus.
492 2046 598 2084 Mar.
614 2047 682 2084 27.
729 2044 788 2084 Τὰ
812 2043 892 2097 μὲν
913 2040 996 2084 οὖν
1014 2045 1208 2098 χρήματα
1227 2044 1528 2099 [Cimbrorum]
1549 2046 1731 2100 διήρπα-

197 2119 280 2149 σαν
307 2108 349 2148 οἱ
376 2110 558 2161 Μαρίου
587 2116 866 2162 στρατιῶται,
892 2109 945 2149 τὰ
971 2106 1017 2149 δὲ
1046 2110 1222 2163 λάφυρα
1249 2110 1321 2151 καὶ
1347 2110 1423 2159 τὰς
1449 2112 1634 2164 σημαίας
1659 2109 1731 2151 καὶ

196 2174 272 2222 τὰς
298 2173 541 2226 σάλπιγγας
567 2175 629 2222 εἰς
654 2173 702 2214 τὸ
727 2173 904 2214 Κάτλου
933 2175 1230 2227 στρατόπεδον
1257 2174 1552 2229 ἀνενεχθῆναι
1579 2175 1732 2229 λέγου-

198 2248 288 2280 σιν·
328 2233 361 2295 ᾧ
392 2237 463 2279 καὶ
502 2238 690 2291 μάλιστα
720 2241 935 2295 τεκμηρίῳ
968 2243 1159 2293 χρῆσθαι
1193 2239 1270 2281 τὸν
1303 2240 1500 2293 Κάτλον,
1539 2241 1596 2289 ὡς
1635 2239 1726 2282 κατ’

197 2303 333 2344 αὐτὸν
367 2302 393 2356 ἡ
430 2305 528 2357 νίκη
568 2302 751 2356 γένοιτο.
802 2302 873 2344 καὶ
909 2303 1059 2356 μέντοι
1085 2303 1169 2345 καὶ
1205 2312 1296 2354 τοῖς
1332 2306 1635 2359 στρατιώταις,
1675 2306 1733 2355 ὡς

295 2437 418 2472 1-3.
448 2437 501 2480 Cf.
530 2438 655 2472 Sullae
685 2438 731 2480 fr.
754 2440 785 2471 5.
808 2440 830 2472 6
867 2442 899 2472 et
934 2438 982 2471 ad
1013 2438 1059 2480 fr.
1082 2441 1103 2473 3
1130 2439 1238 2473 Eutr.
1262 2442 1295 2481 5,
1308 2441 1403 2481 222.-
1435 2450 1478 2474 ex
1509 2439 1567 2473 his
1601 2440 1733 2486 [siquis

200 2485 401 2529 Cimbricis]
431 2485 613 2519 exercitus
640 2485 750 2519 Marii
782 2485 854 2519 duo
880 2486 1104 2529 reportatum,
1139 2485 1262 2520 Catuli
1294 2487 1477 2521 exercitus
1511 2487 1670 2532 triginta
1696 2489 1733 2522 et

199 2543 325 2566 unum.
360 2544 476 2576 supra
496 2545 535 2577 p.
558 2543 737 2577 comt-sq.

293 2650 336 2705 1,
359 2658 382 2693 2
410 2654 787 2706 ἀντεπαρετάσσοντο
813 2657 903 2694 libri
923 2666 1019 2693 corr.
1039 2656 1256 2703 Stephanus
1344 2658 1366 2695 6
1395 2669 1492 2707 φασι
1519 2660 1608 2697 libra·
1635 2670 1734 2709 φησι

200 2715 390 2761 Bryamts
416 2727 502 2753 cam
523 2715 684 2763 Amyoto
772 2717 794 2752 9
823 2721 899 2753 τῶν
926 2713 1091 2765 ἀγώνων
1114 2717 1206 2753 Ραν.
1222 2716 1304 2755 ΑΟ
1328 2718 1433 2755 codd.
1461 2719 1620 2765 quidam
1639 2720 1733 2757 Mu-

200 2775 273 2812 reti
390 2776 443 2812 10
469 2774 660 2813 εἰώθεσαν
686 2773 748 2812 ἐπὶ
774 2788 853 2826 μεγ.
880 2775 972 2813 Par.
992 2774 1024 2812 C

293 2828 336 2883 ‘29
367 2834 418 2870 15
447 2833 589 2885 ἱδρῶτα
613 2835 707 2872 Par.
725 2834 757 2872 O
879 2835 929 2872 16
958 2831 1142 2885 πνίγους]
1171 2834 1355 2885 πλήθους
1380 2836 1504 2875 Palat.

1754 842 1819 874 101

1754 891 1822 933 653

1758 1696 1827 1747 17⁰}

1758 1756 1777 1786 6
1782 1757 1801 1787 5
1806 1755 1827 1786 3

1761 2029 1826 2060 101

1759 2076 1828 2119 653
