2002 3342
276 212 384 242 CLIV
609 197 672 231 DE
701 195 1006 232 SCRIPTORVM
1032 194 1155 230 VITIS
1181 195 1242 229 ET
1271 193 1478 229 SCRIPTIS

278 321 512 348 reuocamur
539 303 605 361 (fr.
633 305 670 345 (3.
697 305 760 346 15.
788 304 851 345 17.
874 304 941 345 23.
963 303 1051 358 50),
1078 305 1275 356 Kiessling
1301 308 1374 344 tria
1402 311 1552 344 tantum
1579 304 1693 344 modo
1721 306 1806 344 eins

275 375 443 424 uestigia
473 369 540 426 (cf.
569 372 696 411 adnot.
724 372 770 410 ad
797 373 843 410 fr.
865 369 902 410 9.
923 370 991 410 47.
1012 367 1088 425 58)
1116 370 1317 421 indagauit
1344 366 1398 424 (p.
1423 368 1509 425 19),
1536 383 1701 422 quorum
1729 376 1807 409 ter-

276 442 375 478 tium
404 437 612 478 admodum
641 437 801 476 dubium
829 442 906 487 est,
940 449 1067 488 neque
1099 449 1170 474 nos
1202 436 1289 487 plus
1316 441 1499 486 quattuor
1530 435 1636 474 locos
1662 435 1806 474 addere

275 506 475 556 potuimus
504 500 601 555 (uid.
623 502 751 541 adnot.
773 501 819 540 ad
838 501 877 541 4.
899 500 967 540 22.
989 500 1056 541 31.
1078 497 1167 555 36),
1195 501 1338 552 quibus
1364 506 1469 539 certe
1496 501 1594 539 nihil
1617 500 1807 549 obstabat,

273 571 485 620 quominus
511 568 740 619 Dionysium
768 566 905 606 Catoni
931 580 972 605 se
1000 566 1196 605 addixisse
1223 566 1517 605 arbitraremur.
1556 565 1716 605 uidetur
1735 567 1806 616 igi-

274 640 341 673 tur
366 634 575 684 Dionysius
606 633 681 671 hoc
714 632 872 684 quidem
905 632 1097 683 noluisse,
1136 631 1257 670 libros
1290 644 1382 670 suos
1415 633 1622 670 autoritate
1649 631 1807 670 Catonis

273 698 442 736 multum
468 703 562 736 tunc
588 698 778 748 temporis
806 696 1000 736 celebrata
1028 709 1174 747 carere,
1202 696 1271 736 sed
1298 703 1440 748 tamen,
1466 709 1555 735 cum
1580 697 1706 735 sontes
1726 697 1806 747 pri·

273 764 420 801 marios
441 762 616 814 eligeret,
642 762 874 813 praetulisse
897 762 1054 801 Catonis
1077 762 1262 800 breuitati
1283 763 1546 813 posteriorum
1569 763 1805 812 scriptorum

271 829 473 867 Antiatum
506 833 545 866 et
576 827 924 878 Quadrigariorum
957 827 1220 878 prolixitatem
1253 833 1292 866 et
1322 827 1508 866 Pisonum
1543 826 1806 866 dubitationes

275 894 401 945 ipsius
427 894 585 944 ingenio
612 894 735 943 magis
763 898 1057 932 consentaneas.

362 959 524 997 Praeter
538 958 656 997 hosce
677 957 741 996 illa
763 964 887 997 aetate
908 957 1129 997 Ouidium
1155 957 1198 996 R.
1214 957 1361 996 Merkel
1378 953 1483 1011 (fast.
1499 970 1534 1009 p.
1550 966 1711 996 LXXXII
1727 952 1803 1010 sq.)

272 1023 440 1063 multum
463 1028 664 1063 uersatum
686 1035 772 1062 esse
794 1025 833 1061 in
855 1023 1022 1062 lectione
1044 1023 1255 1062 Catoniana
1277 1024 1499 1074 suspicatus
1521 1027 1590 1072 est,
1618 1021 1686 1060 sed
1708 1034 1805 1073 quae

271 1091 486 1141 perexigua
513 1090 681 1139 uestigia
707 1090 747 1127 in
775 1089 885 1127 fastis
912 1094 1068 1127 exstant
1093 1083 1162 1141 (cf.
1189 1087 1275 1127 adn.
1303 1087 1350 1126 ad
1378 1087 1423 1127 fr.
1454 1085 1518 1126 12.
1540 1084 1608 1126 20.
1630 1083 1718 1140 24),
1745 1099 1806 1124 re·

272 1155 357 1193 dire
390 1156 520 1206 potius
552 1153 740 1193 uidentur
772 1153 819 1192 ad
852 1154 1100 1205 Hyginum,
1140 1154 1225 1192 eius
1257 1154 1445 1203 amicum,
1485 1154 1551 1204 qui
1583 1152 1687 1191 iden]
1723 1153 1805 1190 fere

269 1220 481 1259 consilium
508 1219 612 1271 quod
639 1219 731 1258 Cato
758 1219 885 1258 tribus
911 1221 1050 1271 primis
1076 1220 1272 1269 originum
1300 1217 1411 1256 libris
1438 1219 1478 1256 in
1509 1230 1554 1257 eo
1587 1217 1705 1268 libro,
1738 1219 1804 1268 qui

270 1291 356 1324 erat
383 1285 429 1324 de
457 1284 622 1324 urbibus
648 1284 805 1335 Italicis,
833 1290 993 1324 secutus
1020 1297 1106 1323 esse
1132 1284 1293 1323 uidetur
1319 1289 1434 1334 atque
1462 1285 1578 1322 etiam
1601 1284 1642 1321 in
1664 1282 1806 1321 fabulis

271 1363 350 1390 uno
378 1350 463 1389 loco
491 1350 678 1388 Catonem
705 1351 842 1388 citauit
869 1346 975 1403 (adn.
1001 1349 1047 1388 ad
1076 1350 1121 1388 fr.
1144 1345 1245 1403 9).1)
1291 1349 1379 1400 plus
1406 1347 1526 1387 studii
1552 1350 1591 1386 in
1620 1348 1804 1387 Catonem

270 1416 468 1455 Verrius
500 1415 698 1454 Flaccus
733 1415 909 1454 contulit.
953 1416 988 1454 is
1014 1427 1092 1453 non
1120 1415 1263 1465 solum,
1298 1419 1342 1453 ut
1368 1415 1640 1464 antiquitatem
1666 1413 1806 1452 Roma-

270 1493 361 1519 nam
382 1480 625 1530 inlustraret,
652 1480 840 1519 Catonem
868 1482 907 1519 in
934 1493 1051 1519 usum
1074 1481 1242 1528 uocauit,
1269 1478 1338 1518 sed
1359 1480 1488 1529 etiam,
1515 1480 1699 1530 quoniam
1721 1481 1806 1518 eius

268 1546 492 1585 obscuritas
519 1545 827 1596 intellegentiam
855 1547 931 1584 iam
958 1545 1152 1597 impedire
1179 1550 1373 1596 coeperat,
1399 1544 1520 1583 uerba
1554 1545 1638 1583 eius
1672 1546 1805 1595 singu-

269 1611 365 1650 laria
399 1617 437 1650 et
468 1611 671 1650 recondita
702 1611 894 1662 peculiari
926 1611 1024 1650 libro
1059 1610 1286 1662 explicauit,
1319 1611 1386 1661 qui
1418 1609 1710 1649 inscribebatur
1745 1611 1805 1649 De

268 1679 455 1716 obscuris
486 1678 649 1716 Catom’s
670 1672 785 1730 (Gen.
811 1675 876 1727 17,
899 1674 936 1727 6,
958 1673 1003 1731 2)
1033 1682 1088 1728 et,
1115 1688 1350 1728 quamquam
1377 1677 1531 1726 integer
1555 1675 1602 1714 ad
1628 1688 1700 1713 nos
1726 1687 1804 1714 non

268 1744 464 1794 peruenit,
485 1754 665 1792 magnam
686 1747 838 1793 partem
858 1743 1016 1781 transiit
1035 1744 1076 1780 in
1096 1742 1203 1780 Festi
1224 1741 1368 1780 librum
1391 1736 1488 1794 (uid.
1512 1740 1550 1779 C.
1567 1740 1608 1779 Ο.
1625 1740 1804 1779 Muelleri

269 1808 388 1859 praef.
417 1820 452 1859 p.
473 1803 590 1860 XVI),
623 1808 663 1845 in
691 1820 766 1858 quo
801 1820 890 1846 cum
923 1820 968 1846 ex
997 1808 1140 1846 ceteris
1167 1806 1326 1846 Catonis
1352 1807 1511 1857 scriptis
1538 1812 1621 1845 tum
1648 1818 1694 1844 ex
1721 1819 1802 1845 om-

268 1872 385 1911 nibus
424 1873 507 1912 fere
545 1874 743 1923 originum
782 1872 894 1911 libris
922 1873 1075 1911 multas
1112 1872 1303 1911 habemus
1336 1871 1523 1923 reliquias
1556 1871 1603 1910 ad
1635 1871 1803 1910 uerbum

266 1950 359 1976 cum
379 1937 571 1977 librorum
593 1940 769 1976 numeris
789 1939 1068 1989 transscriptas
1090 1934 1156 1992 (fr.
1172 1935 1323 1979 2224.
1340 1935 1407 1976 63.
1426 1935 1492 1976 72.
1510 1935 1576 1976 78.
1594 1934 1688 1975 102.
1707 1936 1802 1976 111.

272 2001 366 2042 113.
397 2000 500 2057 117)
534 2003 709 2055 aliaeque
743 2005 828 2042 eius
864 2005 1096 2043 auctoritate
1129 2015 1317 2054 oppressa
1343 1999 1406 2056 (ut
1431 2002 1633 2053 Varronis,
1666 2002 1744 2041 uid.
1773 2015 1803 2042 s.

267 2082 303 2120 p.
328 2078 395 2108 CL.
424 2065 550 2123 CLXI)
578 2081 649 2120 per
676 2068 843 2108 eundem
872 2074 1106 2120 propagatae
1132 2068 1264 2107 latent.

357 2134 413 2173 Ex
448 2136 505 2173 eis
546 2134 806 2185 scriptoribus
840 2136 907 2185 qui
942 2140 1093 2173 restant
1130 2135 1246 2172 etiam
1285 2134 1491 2185 pauciores
1530 2133 1577 2172 ad
1616 2132 1802 2172 Catonem

268 2212 401 2238 rerum
442 2212 538 2251 quas
578 2205 811 2251 exposuerat
851 2199 980 2238 studio
1020 2199 1177 2238 adducti
1216 2205 1323 2249 sunt,
1368 2198 1549 2250 plerique
1587 2198 1801 2238 uerborum

266 2265 511 2304 exoletorum
539 2266 716 2316 aucupio.
758 2265 803 2304 de
831 2265 909 2304 illis
935 2267 1066 2316 priore
1093 2264 1176 2303 loco
1201 2276 1323 2315 agam.
1362 2265 1513 2315 primus
1541 2276 1676 2302 eorum
1702 2269 1802 2303 tem·

267 2343 362 2382 pore
403 2336 462 2369 est
493 2330 723 2381 Velleius,
763 2332 829 2381 qui
864 2343 942 2369 uno
978 2330 1061 2369 loco
1099 2342 1215 2380 quam
1256 2329 1301 2368 de
1335 2329 1489 2380 Capuae
1522 2330 1673 2380 origine
1707 2328 1799 2369 Cato

265 2402 526 2446 proposuerat
552 2398 787 2435 sententiam
815 2396 1009 2435 refutasse
1036 2394 1112 2434 sibi
1138 2394 1297 2433 uidetur
1317 2390 1382 2447 (fr.
1404 2391 1492 2447 69),
1519 2395 1648 2445 ipsum
1672 2400 1800 2434 tamen

266 2473 345 2499 non
371 2462 553 2512 inspexit.
596 2463 775 2512 sequitur
800 2461 1002 2512 Plinius,
1030 2462 1096 2511 qui
1123 2462 1163 2498 in
1190 2459 1290 2498 libro
1317 2461 1432 2498 tertio
1459 2458 1649 2498 naturalis
1675 2460 1798 2499 histo·

266 2527 347 2564 riae
381 2522 477 2579 (quo
511 2526 640 2564 ltaliae
675 2526 887 2578 descriptio
921 2521 1164 2579 continetur)
1199 2537 1314 2576 saepe
1353 2537 1518 2563 numero
1557 2524 1604 2563 ad
1640 2525 1798 2564 Catonis

265 2593 539 2630 auctoritatem
567 2593 800 2642 prouocauit
820 2597 936 2643 atque
957 2590 1005 2630 ad
1024 2591 1127 2629 hunc
1149 2589 1307 2641 quidem
1330 2589 1658 2628 conscribendum
1681 2613 1735 2617 —
1757 2590 1797 2630 id

265 2656 370 2707 quod
397 2669 443 2695 ex
471 2669 603 2695 rerum
632 2662 861 2707 argumento
889 2662 1051 2707 apparet
1070 2678 1126 2682 —
1147 2656 1343 2705 originum
1371 2667 1440 2693 seu
1461 2655 1671 2705 annalium,
1699 2668 1797 2707 quos

265 2725 351 2774 ipse
378 2721 600 2773 appellauit,
627 2721 817 2761 librorum
846 2722 878 2760 ΙΙ
899 2728 937 2760 et
956 2721 1007 2760 Ill
1034 2721 1240 2760 thesauros
1267 2719 1495 2771 compilauit
1520 2722 1663 2771 partim
1688 2722 1795 2772 ipsos

364 2863 393 2905 1)
421 2860 504 2894 Vid.
532 2859 610 2894 Vol.
632 2860 675 2902 Π,
703 2872 736 2904 p.
760 2872 827 2894 ενι.
856 2863 899 2894 73
915 2870 993 2903 sqq.
