2002 3342
320 234 502 264 chxxx
657 221 719 255 DE
748 221 1055 256 SCRIPTORVM
1080 221 1203 257 vrris
1229 221 1290 256 ET
1317 221 1523 257 sommis

322 331 474 371 duobus
506 333 602 370 loeis
636 331 822 370 Gellius
850 328 914 385 (fr.
937 330 974 371 2.
997 330 1055 385 3),
1091 333 1258 382 singulis
1285 332 1450 371 Cicero
1484 329 1549 386 (fr.
1572 330 1630 387 9),
1663 334 1849 373 Plinius

322 393 388 451 (fr.
412 394 543 451 10)1)‚
570 397 763 435 Tacitus
790 393 855 450 (l'r.
880 395 931 435 17
948 394 1010 451 A),
1037 398 1315 436 Priscianus
1336 396 1402 451 (fr.
1424 395 1511 451 20).
1538 399 1708 438 Fortuna
1729 400 1850 450 igitur

322 463 407 500 eius
441 463 734 500 commentariis
770 461 893 500 defuit
925 468 967 500 ut
1000 464 1143 501 ceteris
1180 462 1516 513 autobiographis‚
1554 476 1724 515 casuque
1760 464 1848 502 Plu-

320 527 457 565 tarcho
484 528 696 577 contigisse
723 527 892 577 uidetur,
919 532 962 565 ut
989 527 1250 578 Chaeroneae,
1282 529 1322 565 in
1356 540 1476 578 parua
1503 528 1613 579 urbe,
1650 528 1716 567 ubi
1748 530 1849 567 uitas

323 603 412 630 suas
441 593 671 642 composuit,
699 604 787 630 oum
816 592 920 630 Sulla
948 598 1084 630 auctor
1111 593 1194 631 eius
1222 592 1358 630 salutis
1386 598 1502 643 esset,
1535 593 1608 631 hoc
1635 606 1732 644 opus
1759 605 1849 631 con-

323 662 523 695 seruatum
557 657 597 694 in
635 658 719 695 eius
752 669 891 695 manus
924 658 1153 708 perueniret
1187 653 1424 710 (Buecheler
1457 659 1497 696 in
1530 670 1629 696 mus.
1652 658 1772 696 Rhen.
1794 655 1850 697 54

320 733 357 772 p.
382 718 439 774 1).
465 723 550 772 ipsa
577 727 707 760 tamen
736 723 821 760 eius
843 722 954 773 fama,
982 723 1057 760 etsi
1077 724 1271 773 aequitate
1299 722 1509 773 Posidonii,
1537 722 1722 773 Sallustii,
1748 723 1851 761 Liuii

322 786 457 825 multis
489 787 530 824 in
564 786 682 825 rebus
717 793 895 825 correcta
928 792 966 825 et
997 788 1037 825 in
1070 789 1269 826 ueriorem
1297 787 1461 825 formam
1489 787 1645 826 redacta
1672 793 1742 838 est7
1773 800 1851 826 non

323 852 482 889 omnino
505 853 703 903 exstingui
724 853 850 903 potuit
869 853 1114 902 uestigiaque
1132 851 1320 903 quaedam
1341 854 1500 891 uitiatae
1516 852 1562 891 ab
1578 865 1622 891 eo
1637 854 1851 891 memoriae

323 916 387 954 uel
414 916 590 955 turbatae
618 916 720 968 apud
746 922 926 967 posteros
953 916 1122 968 reliquit.

420 1044 452 1085 1)
479 1041 620 1076 Plinius
655 1042 755 1076 1111110
790 1042 913 1077 locum
949 1042 1106 1077 fortasse
1142 1043 1302 1087 sumpsit
1336 1054 1380 1077 ex
1413 1043 1576 1077 Masurio
1610 1043 1758 1086 Sabim,
1794 1044 1852 1077 eui

323 1105 567 1139 quaecunque
595 1096 639 1129 de
667 1096 811 1129 coronis
838 1095 1030 1139 expromit,
1059 1096 1182 1139 debet,
1209 1096 1272 1130 sed
1299 1096 1398 1140 quod
1424 1095 1601 1130 librorum
1624 1096 1747 1130 Sullae
1767 1108 1852 1131 con-

324 1147 448 1182 silium
475 1148 617 1191 fuisset,
650 1159 735 1182 eum
761 1160 835 1182 non
862 1148 1002 1193 fugisse
1028 1149 1115 1183 inde
1143 1150 1297 1193 apparet
1323 1149 1421 1192 quod
1449 1149 1486 1182 in
1519 1161 1568 1191 re,
1602 1161 1696 1193 quae
1723 1160 1788 1194 per
1814 1160 1852 1183 se

322 1201 463 1235 nullam
497 1203 649 1236 moueat
680 1202 946 1246 suspicionem,
985 1202 1140 1247 originis
1173 1206 1314 1245 tamen,
1346 1203 1444 1236 unde
1478 1203 1588 1236 ducta*
1620 1203 1682 1246 sit,
1715 1214 1854 1236 memor

326 1256 434 1288 caute
462 1254 600 1289 adiecit
626 1256 722 1299 quod
746 1257 779 1290 si
804 1267 932 1290 uerum
958 1260 1017 1290 est.
1050 1256 1094 1290 ef.
1116 1255 1288 1290 Muenzer
1317 1256 1515 1300 Quellenkr.
1536 1257 1569 1290 cl.
1592 1257 1689 1290 Pam.
1716 1268 1751 1300 p.
1775 1259 1853 1290 157.
