2002 3342
297 239 364 268 ΧΠ
866 223 1264 259 PROLEGOMENON

299 337 485 386 auspiciis
525 337 825 385 magistratuum
865 336 1120 386 praescriptis
1160 334 1334 383 singulas
1379 334 1563 385 deinceps
1610 346 1673 373 res
1717 333 1834 372 modo

296 403 495 440 nuntiatas
523 402 778 452 pontificique
805 405 1023 438 memoratu
1061 399 1198 450 dignas
1232 400 1339 437 uisas
1377 400 1474 450 ipsis
1511 396 1692 452 diebus¹)
1730 400 1832 438 exci-

296 466 439 517 piebat.
485 479 583 516 quae
618 472 747 504 autem
776 463 898 503 ‘domi
930 465 1173 515 militiaeque
1208 462 1353 514 gestae’
1384 465 1492 503 uisae
1526 466 1622 515 sint,
1655 466 1713 503 sic
1739 464 1832 503 Cato

297 533 428 569 inrisit
461 531 536 569 sibi
569 544 646 569 non
679 530 815 569 lubere
851 531 890 567 in
924 529 1143 579 originibus
1177 529 1353 567 scribere
1387 530 1609 580 professus,
1644 527 1762 580 ‘quod
1791 530 1832 568 in

297 596 426 635 tabula
466 596 568 646 apud
607 596 833 646 pontificem
870 596 1084 632 maximum
1124 590 1288 647 esset2)‚
1329 595 1510 645 quotiens
1547 607 1699 633 annona
1732 606 1834 645 cara,

297 663 479 712 quotiens
514 661 628 699 lunae
662 665 729 699 aut
761 660 854 698 solis
889 659 1035 697 lumine
1070 659 1194 709 caligo
1229 665 1295 697 aut
1321 659 1415 710 quid
1447 657 1692 710 obstitisset’,
1728 659 1832 698 unde

298 728 426 764 exorsi
449 738 589 776 magna
610 738 698 764 cum
721 724 995 776 probabilitate
1017 729 1247 775 argumenta
1268 729 1305 762 et
1327 737 1465 763 sonum
1486 736 1699 774 agnoscere
1720 724 1834 763 nobis

296 791 480 829 uidemur
506 804 583 829 non
612 790 738 829 solum
759 792 799 828 in
820 791 876 828 eis
899 802 997 840 quae
1019 789 1156 827 Liuius
1178 788 1224 827 de
1245 789 1306 827 bis
1327 790 1424 839 ipsis
1446 789 1562 827 rebus
1583 791 1831 840 memorauit,

298 856 366 894 sed
387 858 502 895 etiam
520 856 689 894 diuersis
710 855 818 905 locis,
840 856 871 893 si
889 856 954 905 qui
970 854 1194 893 sacerdotes
1209 850 1396 907 mortui3)
1413 859 1478 892 aut
1492 853 1608 892 aedes
1628 854 1830 893 dedicatae

298 929 419 971 erant,
447 923 479 960 si
507 934 650 959 census
676 921 812 971 factus,
840 920 1014 958 coloniae
1043 919 1244 969 deductae,
1271 918 1354 957 ludi
1380 919 1566 957 funebres
1587 919 1693 970 editi,
1721 920 1831 970 signa

297 986 343 1025 ab
371 987 563 1025 aedilibus
595 986 721 1037 plebis
755 998 801 1023 ex
830 985 1045 1023 multaticio
1077 990 1237 1035 argento
1265 985 1408 1035 posita,
1445 989 1560 1035 atque
1588 985 1705 1022 etiam
1732 997 1832 1035 quae

298 1056 335 1089 et
368 1052 480 1089 initio
514 1056 551 1088 et
584 1052 691 1088 exitu
725 1049 971 1100 singulorum
1007 1062 1199 1088 annorum
1234 1062 1312 1088 uno
1349 1055 1509 1101 aspectu
1547 1051 1640 1088 satis
1678 1049 1835 1088 exiliter

298 1119 539 1167 coniungere
579 1116 678 1154 solet
717 1115 762 1153 de
806 1116 975 1153 comitiis
1009 1114 1282 1153 consularibus
1315 1120 1354 1154 et
1385 1116 1612 1166 praetoriis,
1651 1114 1697 1153 de
1730 1114 1834 1153 ludis

297 1182 482 1221 Romanis
517 1187 555 1220 et
590 1181 772 1232 plebeiis,
809 1186 891 1218 tum
926 1180 972 1218 de
1004 1181 1222 1231 prouinciis
1256 1179 1528 1219 consularibus
1555 1185 1593 1219 et
1624 1181 1836 1231 praetoriis

298 1254 335 1285 et
363 1247 408 1285 de
436 1246 708 1298 prodigiorum
736 1247 1024 1297 procuratione.

387 1312 567 1362 Cognitio
602 1316 732 1349 autem
767 1323 901 1349 earum
935 1310 1159 1349 tabularum
1192 1323 1269 1349 non
1303 1310 1430 1349 solum
1461 1312 1501 1349 in
1535 1311 1641 1361 regia
1677 1310 1834 1362 patebat

297 1378 587 1428 propositarum
609 1382 653 1415 ut
674 1376 809 1415 Catoni
831 1375 901 1414 sed
923 1377 1039 1414 etiam
1063 1377 1103 1414 in
1125 1377 1297 1414 sacrario
1319 1377 1595 1427 repositarum.
1628 1375 1833 1427 Polybium

298 1442 455 1493 quidem
478 1447 636 1480 strenua
653 1454 740 1480 cum
758 1440 958 1491 diligentia
980 1442 1097 1479 etiam
1121 1453 1166 1479 ex
1189 1440 1403 1480 reconditis
1418 1441 1614 1479 thesauris
1629 1442 1834 1479 materiam

297 1507 546 1558 colligentem
575 1519 638 1545 eas
666 1508 771 1557 ipsas
799 1507 1019 1557 inspexisse
1047 1519 1092 1544 ex
1120 1506 1204 1545 loco
1229 1506 1397 1557 quodam
1425 1506 1601 1557 Dionysii
1628 1501 1686 1559 (1,
1704 1502 1834 1560 74,3)

297 1578 476 1625 apparet,
502 1572 575 1610 hoc
600 1573 704 1610 enim
727 1573 811 1610 eius
833 1573 1103 1610 testimonium
1128 1577 1203 1611 est:
1233 1569 1298 1611 Οὐ
1321 1570 1401 1623 γὰρ
1428 1568 1583 1624 ἠξίουν
1610 1569 1668 1617 ὡς
1689 1569 1836 1610 Πολύ-

296 1638 392 1689 βιος
407 1635 428 1677 ὁ
447 1637 817 1689 ᾹΙεγαλοπολίτης
830 1640 1015 1676 τοσοῦτο
1029 1636 1171 1687 μόνον
1185 1637 1338 1687 εἰπεῖν,
1355 1634 1421 1676 ὅτι
1436 1635 1544 1676 κατὰ
1561 1635 1608 1676 τὸ
1625 1634 1835 1689 δεύτερον

297 1703 392 1750 ἔτος
424 1707 499 1754 τῆς
535 1700 723 1754 ἑβδόμης
759 1699 1029 1754 ὀλυμπιάδος
1061 1701 1141 1754 τὴν
1168 1698 1334 1754 Ῥώμην
1370 1699 1570 1741 ἐκτίσθαι
1608 1700 1836 1754 πείθομαι,

297 1765 392 1808 οὐδ’
425 1764 493 1807 ἐπὶ
525 1772 604 1807 τοῦ
637 1766 753 1818 παρὰ
785 1773 877 1814 τοῖς
909 1765 1162 1820 ἀρχιερεῦσι
1190 1764 1395 1817 κειμένου
1422 1767 1605 1814 πίνακος
1638 1763 1735 1814 ἑνὸς
1760 1762 1833 1805 καὶ

296 1833 437 1884 μόνου
463 1831 544 1884 τὴν
570 1832 718 1872 πίστιν
746 1830 1044 1884 ἀβασάνιστον
1074 1833 1343 1884 καταλιπεῖν,
1371 1830 1480 1872 ἀλλὰ
1510 1832 1612 1879 τοὺς
1643 1828 1834 1883 ἐπιλογι-

298 1977 409 2011 dendi
436 1977 582 2021 (Iordan
614 1978 864 2022 Topoyraphie
889 1977 904 2010 I
931 1981 950 2011 2
977 1989 1012 2021 p.
1035 1978 1128 2022 300).
1164 1977 1226 2011 hic
1258 1977 1357 2010 enim
1390 1977 1436 2011 ab
1469 1975 1578 2010 initio
1604 1976 1835 2021 posteritatis

296 2030 548 2064 recordationi
575 2030 773 2065 seruiebat.
1248 2026 1254 2033 “

394 2086 428 2128 1)
454 2084 556 2118 Haec
582 2084 843 2127 interpretatio
865 2083 983 2118 Seruii
1010 2096 1044 2118 u,
1068 2096 1134 2128 per
1159 2085 1325 2129 sinyulos
1350 2084 1427 2118 dies
1452 2085 1490 2118 et
1509 2083 1626 2128 ipsius
1649 2083 1835 2118 Ciceronis

296 2137 511 2171 testimonio
539 2137 595 2182 (fr.
619 2140 653 2180 3)
681 2138 718 2171 et
743 2137 834 2171 locis
860 2137 989 2171 multis
1020 2137 1185 2171 Liuianis
1211 2148 1278 2181 per
1304 2137 1457 2171 annales
1482 2136 1664 2170 maximos
1691 2136 1835 2181 (Soltau

300 2203 331 2234 p.
355 2195 433 2225 259.
455 2193 536 2234 262)
565 2191 611 2224 ad
639 2190 788 2224 tabulas
815 2191 1059 2225 redeuntibus
1091 2191 1340 2225 confirmatur.
1380 2190 1480 2234 quod
1506 2201 1579 2224 uno
1608 2190 1736 2224 Liuius
1764 2193 1834 2234 (38,

299 2247 353 2286 36,
375 2246 409 2288 4)
437 2244 567 2278 horam
592 2243 829 2278 tenebrarum
856 2243 936 2279 luce
963 2244 1177 2279 obortarum
1204 2244 1364 2286 addidit,
1392 2243 1491 2277 diem
1511 2243 1650 2278 oblitus
1671 2245 1738 2286 est,
1764 2243 1835 2277 hoc

297 2297 351 2330 ita
378 2297 643 2341 explicandum
669 2299 742 2339 est,
781 2297 878 2332 hunc
910 2298 1088 2332 omissum
1121 2308 1218 2341 esse,
1257 2309 1340 2331 cum
1371 2297 1409 2331 in
1441 2296 1572 2331 tabula
1608 2296 1836 2341 supplicatio

297 2350 472 2395 prodigii,
493 2361 602 2394 quem
625 2351 672 2384 ad
693 2350 844 2384 modum
864 2351 977 2385 etiam
997 2351 1080 2385 aliis
1101 2350 1220 2392 annis,
1242 2362 1325 2385 cum
1345 2361 1525 2384 nouorum
1545 2349 1834 2394 magistratuum

297 2404 335 2437 in
362 2404 576 2448 prouincias
604 2403 835 2448 profectione
862 2404 1061 2439 coniuncta
1088 2406 1195 2447 esset,
1216 2404 1314 2447 unde
1336 2406 1516 2448 quantum
1543 2403 1716 2448 diligenti
1741 2404 1834 2437 tem-

297 2457 397 2501 poris
427 2457 612 2491 notationi
638 2457 821 2491 tributum
848 2457 898 2492 sit
922 2457 1165 2502 intellegitur.
1193 2479 1236 2483 —
1265 2457 1317 2492 Cf.
1340 2457 1452 2492 Asell.
1478 2456 1521 2490 fr.
1546 2461 1576 2491 1.

396 2512 430 2554 2)
457 2510 592 2544 Mirum
621 2512 676 2544 est
703 2511 802 2553 quod
823 2510 1024 2545 Hulleman
1050 2523 1084 2555 p.
1108 2515 1151 2545 38
1179 2511 1465 2546 commentarios
1486 2511 1704 2555 pontificum
1725 2521 1746 2544 a
1766 2509 1835 2545 Ca-

298 2566 387 2598 tone
417 2563 536 2598 dictos
564 2574 642 2598 esse
668 2574 806 2608 magna
833 2575 916 2598 cum
942 2564 1079 2598 fiducia
1105 2564 1277 2598 affirmat.
1324 2575 1458 2598 causae
1485 2564 1562 2598 eius
1589 2563 1712 2598 nullae
1739 2566 1832 2597 sunt.

395 2619 429 2661 3>
457 2617 539 2651 Vid.
556 2617 688 2651 Nissen
712 2617 876 2662 (Quellen
896 2618 929 2651 cl.
947 2618 1079 2652 Livius
1098 2629 1133 2661 p.
1151 2622 1205 2651 57.
1228 2619 1297 2660 88),
1325 2618 1389 2661 qui
1415 2618 1515 2652 recte
1542 2628 1623 2651 cum
1645 2627 1688 2651 ex
1707 2616 1834 2650 multis

297 2672 375 2704 tum
404 2681 447 2704 ex
474 2681 518 2704 ea
537 2682 587 2712 re,
615 2670 714 2714 quod
735 2670 970 2704 sacerdotum
990 2672 1138 2704 tantum
1158 2671 1267 2705 modo
1288 2673 1426 2705 mortes
1447 2682 1584 2714 eaeque
1606 2670 1834 2714 saepissime,

298 2734 483 2767 nusquam
509 2723 586 2758 fere
613 2723 770 2757 aliorum
797 2723 960 2757 uirorum
987 2723 1048 2758 uel
1075 2723 1363 2758 clarissimorum
1385 2735 1406 2758 a
1428 2724 1533 2758 Liuio
1560 2723 1710 2758 adlatae
1736 2724 1834 2765 sunt,

299 2778 336 2811 et
367 2777 435 2811 has
470 2777 547 2811 eius
581 2778 705 2821 partes
739 2787 782 2810 ex
815 2776 1013 2810 annalibus
1046 2777 1217 2810 maximis
1252 2777 1344 2821 (siue
1371 2777 1508 2811 tabulis
1534 2778 1654 2821 pont.)
1684 2775 1834 2810 fluxisse

299 2830 569 2864 animaduertit
595 2834 632 2864 et
658 2829 891 2864 sacerdotum
918 2829 1153 2874 potissimum
1179 2841 1302 2864 rerum
1321 2830 1502 2864 rationem
1530 2829 1569 2862 in
1590 2829 1641 2863 eis
1664 2828 1832 2863 habitam

299 2894 389 2918 esse.
419 2883 494 2917 uid.
521 2883 677 2917 Nitzsch
704 2883 920 2918 Annalistik
945 2894 979 2927 p.
1003 2886 1069 2917 193
1085 2894 1138 2926 sq.
1174 2883 1381 2918 Mommsen
1407 2884 1454 2919 R.
1477 2883 1521 2918 F.
1548 2882 1564 2916 I
1589 2894 1624 2926 p.
1647 2885 1690 2916 82
1706 2893 1783 2925 sqq.
