<?xml version="1.0" encoding="UTF-8"?>
<!DOCTYPE html PUBLIC "-//W3C//DTD XHTML 1.0 Transitional//EN"
    "http://www.w3.org/TR/xhtml1/DTD/xhtml1-transitional.dtd">
<html xmlns="http://www.w3.org/1999/xhtml" xml:lang="en" lang="en">
 <head>
  <title>
</title>
<meta http-equiv="Content-Type" content="text/html;charset=utf-8" />
  <meta name='ocr-system' content='tesseract 3.04.00' />
  <meta name='ocr-capabilities' content='ocr_page ocr_carea ocr_par ocr_line ocrx_word'/>
</head>
<body>
  <div class='ocr_page' id='page_1' title='image "./historicorumroma01peteuoft_0177.png"; bbox 0 0 2002 3342; ppageno 0'>
   <div class='ocr_carea' id='block_1_1' title="bbox 729 205 1709 251">
    <p class='ocr_par' dir='ltr' id='par_1_1' title="bbox 729 205 1709 251">
     <span class='ocr_line' id='line_1_1' title="bbox 729 205 1709 251; baseline 0.013 -12"><span class='ocrx_word' id='word_1_1' title='bbox 729 205 776 239; x_wconf 79' lang='lat' dir='ltr'>M.</span> <span class='ocrx_word' id='word_1_2' title='bbox 799 205 999 240; x_wconf 80' lang='lat' dir='ltr'>PORCIVS</span> <span class='ocrx_word' id='word_1_3' title='bbox 1026 205 1149 240; x_wconf 84' lang='lat' dir='ltr'>CATO</span> <span class='ocrx_word' id='word_1_4' title='bbox 1566 220 1709 251; x_wconf 82' lang='lat' dir='ltr'>CLXIII</span> 
     </span>
    </p>
   </div>
   <div class='ocr_carea' id='block_1_2' title="bbox 163 316 1708 2956">
    <p class='ocr_par' dir='ltr' id='par_1_2' title="bbox 163 316 1708 2956">
     <span class='ocr_line' id='line_1_2' title="bbox 178 316 1708 367; baseline 0.001 -12"><span class='ocrx_word' id='word_1_5' title='bbox 178 317 267 356; x_wconf 86' lang='lat' dir='ltr'>talia</span> <span class='ocrx_word' id='word_1_6' title='bbox 301 318 339 354; x_wconf 92' lang='lat' dir='ltr'>in</span> <span class='ocrx_word' id='word_1_7' title='bbox 374 316 592 367; x_wconf 67' lang='lat' dir='ltr'>originibus</span> <span class='ocrx_word' id='word_1_8' title='bbox 628 322 843 367; x_wconf 87' lang='lat' dir='ltr'>exponeret</span> <span class='ocrx_word' id='word_1_9' title='bbox 869 316 961 354; x_wconf 84' lang='lat' dir='ltr'>Cato</span> <span class='ocrx_word' id='word_1_10' title='bbox 995 323 1246 367; x_wconf 89' lang='lat' dir='ltr'>sumeretque</span> <span class='ocrx_word' id='word_1_11' title='bbox 1282 329 1327 355; x_wconf 86' lang='lat' dir='ltr'>ex</span> <span class='ocrx_word' id='word_1_12' title='bbox 1356 329 1400 355; x_wconf 88' lang='lat' dir='ltr'>eo</span> <span class='ocrx_word' id='word_1_13' title='bbox 1429 317 1606 367; x_wconf 86' lang='lat' dir='ltr'>Verrius,</span> <span class='ocrx_word' id='word_1_14' title='bbox 1640 318 1708 356; x_wconf 91' lang='lat' dir='ltr'>sed</span> 
     </span>
     <span class='ocr_line' id='line_1_3' title="bbox 177 380 1707 433; baseline 0.001 -13"><span class='ocrx_word' id='word_1_15' title='bbox 177 381 314 420; x_wconf 82' lang='lat' dir='ltr'>eodeni</span> <span class='ocrx_word' id='word_1_16' title='bbox 348 382 433 419; x_wconf 90' lang='lat' dir='ltr'>iure</span> <span class='ocrx_word' id='word_1_17' title='bbox 467 394 543 432; x_wconf 91' lang='lat' dir='ltr'>quo</span> <span class='ocrx_word' id='word_1_18' title='bbox 577 382 714 419; x_wconf 85' lang='lat' dir='ltr'>Catoni</span> <span class='ocrx_word' id='word_1_19' title='bbox 747 380 842 419; x_wconf 84' lang='lat' dir='ltr'>haec</span> <span class='ocrx_word' id='word_1_20' title='bbox 876 381 1040 419; x_wconf 79' lang='lat' dir='ltr'>frustula</span> <span class='ocrx_word' id='word_1_21' title='bbox 1075 394 1162 419; x_wconf 89' lang='lat' dir='ltr'>cum</span> <span class='ocrx_word' id='word_1_22' title='bbox 1191 381 1330 420; x_wconf 88' lang='lat' dir='ltr'>Vrsino</span> <span class='ocrx_word' id='word_1_23' title='bbox 1365 381 1501 419; x_wconf 88' lang='lat' dir='ltr'>Sinnio</span> <span class='ocrx_word' id='word_1_24' title='bbox 1529 382 1707 433; x_wconf 82' lang='lat' dir='ltr'>Capitoni</span> 
     </span>
     <span class='ocr_line' id='line_1_4' title="bbox 175 445 1708 497; baseline 0 -12"><span class='ocrx_word' id='word_1_25' title='bbox 175 446 240 485; x_wconf 87' lang='lat' dir='ltr'>uel</span> <span class='ocrx_word' id='word_1_26' title='bbox 267 447 376 485; x_wconf 76' lang='lat' dir='ltr'>Ateio</span> <span class='ocrx_word' id='word_1_27' title='bbox 404 445 601 496; x_wconf 78' lang='lat' dir='ltr'>Capitoni,</span> <span class='ocrx_word' id='word_1_28' title='bbox 629 445 854 484; x_wconf 73' lang='lat' dir='ltr'>auctoribus</span> <span class='ocrx_word' id='word_1_29' title='bbox 882 457 998 496; x_wconf 87' lang='lat' dir='ltr'>saepe</span> <span class='ocrx_word' id='word_1_30' title='bbox 1025 458 1189 484; x_wconf 90' lang='lat' dir='ltr'>numero</span> <span class='ocrx_word' id='word_1_31' title='bbox 1217 460 1237 484; x_wconf 86' lang='lat' dir='ltr'>a</span> <span class='ocrx_word' id='word_1_32' title='bbox 1264 446 1378 485; x_wconf 91' lang='lat' dir='ltr'>Festo</span> <span class='ocrx_word' id='word_1_33' title='bbox 1406 448 1553 497; x_wconf 85' lang='lat' dir='ltr'>citatis,</span> <span class='ocrx_word' id='word_1_34' title='bbox 1579 447 1708 485; x_wconf 92' lang='lat' dir='ltr'>uindi-</span> 
     </span>
     <span class='ocr_line' id='line_1_5' title="bbox 177 511 1707 562; baseline 0 -12"><span class='ocrx_word' id='word_1_35' title='bbox 177 524 268 550; x_wconf 82' lang='lat' dir='ltr'>care</span> <span class='ocrx_word' id='word_1_36' title='bbox 295 523 517 562; x_wconf 72' lang='lat' dir='ltr'>possumUS,</span> <span class='ocrx_word' id='word_1_37' title='bbox 544 523 710 561; x_wconf 89' lang='lat' dir='ltr'>quorum</span> <span class='ocrx_word' id='word_1_38' title='bbox 740 512 894 549; x_wconf 90' lang='lat' dir='ltr'>nomina</span> <span class='ocrx_word' id='word_1_39' title='bbox 923 512 1038 549; x_wconf 87' lang='lat' dir='ltr'>etiam</span> <span class='ocrx_word' id='word_1_40' title='bbox 1066 511 1208 549; x_wconf 85' lang='lat' dir='ltr'>melius</span> <span class='ocrx_word' id='word_1_41' title='bbox 1235 513 1275 549; x_wconf 93' lang='lat' dir='ltr'>in</span> <span class='ocrx_word' id='word_1_42' title='bbox 1303 512 1481 550; x_wconf 79' lang='lat' dir='ltr'>lacunam</span> <span class='ocrx_word' id='word_1_43' title='bbox 1503 512 1707 562; x_wconf 84' lang='lat' dir='ltr'>quadrant.</span> 
     </span>
     <span class='ocr_line' id='line_1_6' title="bbox 265 574 1707 629; baseline 0.001 -15"><span class='ocrx_word' id='word_1_44' title='bbox 265 575 408 614; x_wconf 88' lang='lat' dir='ltr'>Eadem</span> <span class='ocrx_word' id='word_1_45' title='bbox 431 577 535 614; x_wconf 87' lang='lat' dir='ltr'>inter</span> <span class='ocrx_word' id='word_1_46' title='bbox 555 575 712 614; x_wconf 85' lang='lat' dir='ltr'>eosdem</span> <span class='ocrx_word' id='word_1_47' title='bbox 737 576 1007 614; x_wconf 87' lang='lat' dir='ltr'>controuersia</span> <span class='ocrx_word' id='word_1_48' title='bbox 1027 581 1087 614; x_wconf 89' lang='lat' dir='ltr'>est</span> <span class='ocrx_word' id='word_1_49' title='bbox 1108 589 1135 614; x_wconf 83' lang='lat' dir='ltr'>s.</span> <span class='ocrx_word' id='word_1_50' title='bbox 1152 589 1188 614; x_wconf 94' lang='lat' dir='ltr'>u.</span> <span class='ocrx_word' id='word_1_51' title='bbox 1210 578 1315 614; x_wconf 89' lang='lat' dir='ltr'>natio</span> <span class='ocrx_word' id='word_1_52' title='bbox 1337 589 1371 627; x_wconf 89' lang='lat' dir='ltr'>p.</span> <span class='ocrx_word' id='word_1_53' title='bbox 1392 575 1473 615; x_wconf 74' lang='lat' dir='ltr'>loo·</span> <span class='ocrx_word' id='word_1_54' title='bbox 1497 574 1707 629; x_wconf 67' lang='lat' dir='ltr'>(Thewrek</span> 
     </span>
     <span class='ocr_line' id='line_1_7' title="bbox 176 638 1707 693; baseline 0.001 -15"><span class='ocrx_word' id='word_1_55' title='bbox 176 655 210 692; x_wconf 92' lang='lat' dir='ltr'>p.</span> <span class='ocrx_word' id='word_1_56' title='bbox 236 639 329 679; x_wconf 77' lang='lat'>168.</span> <span class='ocrx_word' id='word_1_57' title='bbox 359 640 527 691; x_wconf 78' lang='lat' dir='ltr'>Lindsay</span> <span class='ocrx_word' id='word_1_58' title='bbox 559 638 678 693; x_wconf 51' lang='lat'>164),</span> <span class='ocrx_word' id='word_1_59' title='bbox 710 640 779 679; x_wconf 90' lang='lat' dir='ltr'>ubi</span> <span class='ocrx_word' id='word_1_60' title='bbox 806 641 844 678; x_wconf 92' lang='lat' dir='ltr'>in</span> <span class='ocrx_word' id='word_1_61' title='bbox 873 640 1007 678; x_wconf 87' lang='lat' dir='ltr'>codice</span> <span class='ocrx_word' id='word_1_62' title='bbox 1035 640 1195 679; x_wconf 86' lang='lat' dir='ltr'>eaedem</span> <span class='ocrx_word' id='word_1_63' title='bbox 1224 641 1376 679; x_wconf 79' lang='lat' dir='ltr'>litterae</span> <span class='ocrx_word' id='word_1_64' title='bbox 1405 647 1443 680; x_wconf 79' lang='lat' dir='ltr'>to</span> <span class='ocrx_word' id='word_1_65' title='bbox 1477 654 1523 680; x_wconf 81' lang='lat' dir='ltr'>ex</span> <span class='ocrx_word' id='word_1_66' title='bbox 1550 644 1707 681; x_wconf 90' lang='lat' dir='ltr'>nomine</span> 
     </span>
     <span class='ocr_line' id='line_1_8' title="bbox 175 705 1705 757; baseline 0.001 -13"><span class='ocrx_word' id='word_1_67' title='bbox 175 707 346 745; x_wconf 77' lang='lat' dir='ltr'>auctoris</span> <span class='ocrx_word' id='word_1_68' title='bbox 373 711 553 744; x_wconf 85' lang='lat' dir='ltr'>seruatae</span> <span class='ocrx_word' id='word_1_69' title='bbox 581 711 683 743; x_wconf 88' lang='lat' dir='ltr'>sunt.</span> <span class='ocrx_word' id='word_1_70' title='bbox 724 705 786 743; x_wconf 87' lang='lat' dir='ltr'>hic</span> <span class='ocrx_word' id='word_1_71' title='bbox 815 705 979 743; x_wconf 78' lang='lat' dir='ltr'>Mueller</span> <span class='ocrx_word' id='word_1_72' title='bbox 1006 712 1166 744; x_wconf 77' lang='lat' dir='ltr'>secutus</span> <span class='ocrx_word' id='word_1_73' title='bbox 1194 706 1377 744; x_wconf 80' lang='lat' dir='ltr'>Vrsinum</span> <span class='ocrx_word' id='word_1_74' title='bbox 1405 708 1462 744; x_wconf 79' lang='lat' dir='ltr'>sic</span> <span class='ocrx_word' id='word_1_75' title='bbox 1489 707 1705 757; x_wconf 89' lang='lat' dir='ltr'>suppleuit:</span> 
     </span>
     <span class='ocr_line' id='line_1_9' title="bbox 892 771 1658 822; baseline 0.003 -13"><span class='ocrx_word' id='word_1_76' title='bbox 892 771 1060 809; x_wconf 67' lang='lat' dir='ltr'>Sinnius</span> <span class='ocrx_word' id='word_1_77' title='bbox 1086 778 1219 810; x_wconf 73' lang='lat' dir='ltr'>aulem</span> <span class='ocrx_word' id='word_1_78' title='bbox 1252 771 1421 822; x_wconf 65' lang='lat' dir='ltr'>Cctpe&#39;th,</span> <span class='ocrx_word' id='word_1_79' title='bbox 1448 773 1576 810; x_wconf 84' lang='lat' dir='ltr'>omnia</span> <span class='ocrx_word' id='word_1_80' title='bbox 1605 774 1658 811; x_wconf 87' lang='lat' dir='ltr'>l&#39;e·</span> 
     </span>
     <span class='ocr_line' id='line_1_10' title="bbox 234 836 1659 886; baseline 0.001 -12"><span class='ocrx_word' id='word_1_81' title='bbox 234 849 279 874; x_wconf 80' lang='lat' dir='ltr'>re</span> <span class='ocrx_word' id='word_1_82' title='bbox 303 848 459 885; x_wconf 73' lang='lat' dir='ltr'>yenera</span> <span class='ocrx_word' id='word_1_83' title='bbox 483 837 688 874; x_wconf 73' lang='lat' dir='ltr'>hominum</span> <span class='ocrx_word' id='word_1_84' title='bbox 706 848 788 884; x_wconf 73' lang='lat' dir='ltr'>per</span> <span class='ocrx_word' id='word_1_85' title='bbox 814 839 998 874; x_wconf 70' lang='lat' dir='ltr'>nationes</span> <span class='ocrx_word' id='word_1_86' title='bbox 1025 838 1158 875; x_wconf 73' lang='lat' dir='ltr'>alaidi</span> <span class='ocrx_word' id='word_1_87' title='bbox 1185 842 1227 874; x_wconf 76' lang='lat' dir='ltr'>a!</span> <span class='ocrx_word' id='word_1_88' title='bbox 1254 836 1467 886; x_wconf 76' lang='lat' dir='ltr'>Picenl]es</span> <span class='ocrx_word' id='word_1_89' title='bbox 1495 837 1659 875; x_wconf 87' lang='lat' dir='ltr'>Sabinos</span> 
     </span>
     <span class='ocr_line' id='line_1_11' title="bbox 233 901 968 951; baseline -0.003 -11"><span class='ocrx_word' id='word_1_90' title='bbox 233 914 318 940; x_wconf 73' lang='lat' dir='ltr'>esse</span> <span class='ocrx_word' id='word_1_91' title='bbox 341 908 473 950; x_wconf 71' lang='lat' dir='ltr'>yeme,</span> <span class='ocrx_word' id='word_1_92' title='bbox 500 903 666 939; x_wconf 66' lang='lat' dir='ltr'>masone</span> <span class='ocrx_word' id='word_1_93' title='bbox 693 901 878 939; x_wconf 61' lang='lat' dir='ltr'>Picentes</span> <span class='ocrx_word' id='word_1_94' title='bbox 899 931 906 938; x_wconf 94' lang='lat'>.</span> <span class='ocrx_word' id='word_1_95' title='bbox 930 901 968 951; x_wconf 85' lang='lat'>.].</span> 
     </span>
     <span class='ocr_line' id='line_1_12' title="bbox 173 962 1705 1020; baseline 0 -16"><span class='ocrx_word' id='word_1_96' title='bbox 173 965 242 1004; x_wconf 84' lang='lat' dir='ltr'>sed</span> <span class='ocrx_word' id='word_1_97' title='bbox 268 971 396 1017; x_wconf 89' lang='lat' dir='ltr'>potest</span> <span class='ocrx_word' id='word_1_98' title='bbox 417 967 532 1004; x_wconf 88' lang='lat' dir='ltr'>etiam</span> <span class='ocrx_word' id='word_1_99' title='bbox 561 965 624 1004; x_wconf 88' lang='lat' dir='ltr'>hic</span> <span class='ocrx_word' id='word_1_100' title='bbox 647 965 692 1003; x_wconf 92' lang='lat' dir='ltr'>de</span> <span class='ocrx_word' id='word_1_101' title='bbox 715 964 859 1004; x_wconf 84' lang='lat' dir='ltr'>Catone</span> <span class='ocrx_word' id='word_1_102' title='bbox 886 965 951 1004; x_wconf 90' lang='lat' dir='ltr'>uel</span> <span class='ocrx_word' id='word_1_103' title='bbox 972 965 1018 1005; x_wconf 92' lang='lat' dir='ltr'>de</span> <span class='ocrx_word' id='word_1_104' title='bbox 1040 967 1149 1005; x_wconf 88' lang='lat' dir='ltr'>Ateio</span> <span class='ocrx_word' id='word_1_105' title='bbox 1172 966 1358 1017; x_wconf 75' lang='lat' dir='ltr'>Capitone</span> <span class='ocrx_word' id='word_1_106' title='bbox 1380 968 1542 1017; x_wconf 80' lang='lat' dir='ltr'>cogitari</span> <span class='ocrx_word' id='word_1_107' title='bbox 1570 962 1705 1020; x_wconf 83' lang='lat' dir='ltr'>(Hertz</span> 
     </span>
     <span class='ocr_line' id='line_1_13' title="bbox 173 1028 827 1081; baseline -0.002 -12"><span class='ocrx_word' id='word_1_108' title='bbox 173 1032 340 1070; x_wconf 72' lang='lat' dir='ltr'>Sinnius</span> <span class='ocrx_word' id='word_1_109' title='bbox 371 1032 511 1080; x_wconf 79' lang='lat' dir='ltr'>Cape&#39;lo</span> <span class='ocrx_word' id='word_1_110' title='bbox 539 1044 573 1081; x_wconf 91' lang='lat' dir='ltr'>p.</span> <span class='ocrx_word' id='word_1_111' title='bbox 597 1028 651 1068; x_wconf 76' lang='grc'>25</span> <span class='ocrx_word' id='word_1_112' title='bbox 679 1044 716 1068; x_wconf 92' lang='lat'>11.</span> <span class='ocrx_word' id='word_1_113' title='bbox 738 1028 827 1079; x_wconf 73' lang='grc'>26).</span> 
     </span>
     <span class='ocr_line' id='line_1_14' title="bbox 261 1092 1703 1149; baseline 0.001 -15"><span class='ocrx_word' id='word_1_114' title='bbox 261 1097 401 1135; x_wconf 91' lang='lat' dir='ltr'>Totum</span> <span class='ocrx_word' id='word_1_115' title='bbox 423 1096 581 1134; x_wconf 88' lang='lat' dir='ltr'>Catonis</span> <span class='ocrx_word' id='word_1_116' title='bbox 602 1108 743 1134; x_wconf 89' lang='lat' dir='ltr'>nomen</span> <span class='ocrx_word' id='word_1_117' title='bbox 767 1097 934 1134; x_wconf 88' lang='lat' dir='ltr'>remouit</span> <span class='ocrx_word' id='word_1_118' title='bbox 955 1096 1151 1146; x_wconf 76' lang='lat' dir='ltr'>Wagener</span> <span class='ocrx_word' id='word_1_119' title='bbox 1171 1092 1228 1149; x_wconf 81' lang='lat' dir='ltr'>(p.</span> <span class='ocrx_word' id='word_1_120' title='bbox 1244 1094 1319 1147; x_wconf 71' lang='lat'>27)</span> <span class='ocrx_word' id='word_1_121' title='bbox 1341 1110 1370 1135; x_wconf 93' lang='lat' dir='ltr'>s.</span> <span class='ocrx_word' id='word_1_122' title='bbox 1388 1110 1426 1135; x_wconf 89' lang='lat' dir='ltr'>u.</span> <span class='ocrx_word' id='word_1_123' title='bbox 1446 1099 1703 1148; x_wconf 88' lang='lat' dir='ltr'>posimerium</span> 
     </span>
     <span class='ocr_line' id='line_1_15' title="bbox 170 1158 1702 1216; baseline 0.001 -16"><span class='ocrx_word' id='word_1_124' title='bbox 170 1174 205 1212; x_wconf 88' lang='lat' dir='ltr'>p.</span> <span class='ocrx_word' id='word_1_125' title='bbox 228 1159 313 1200; x_wconf 80' lang='grc'>249</span> <span class='ocrx_word' id='word_1_126' title='bbox 348 1158 423 1214; x_wconf 88' lang='lat'>(=</span> <span class='ocrx_word' id='word_1_127' title='bbox 451 1161 642 1199; x_wconf 82' lang='lat' dir='ltr'>Thewrek</span> <span class='ocrx_word' id='word_1_128' title='bbox 670 1174 705 1212; x_wconf 85' lang='lat' dir='ltr'>p.</span> <span class='ocrx_word' id='word_1_129' title='bbox 729 1159 825 1199; x_wconf 70' lang='lat'>326.</span> <span class='ocrx_word' id='word_1_130' title='bbox 860 1161 1029 1212; x_wconf 69' lang='lat' dir='ltr'>Lindsay</span> <span class='ocrx_word' id='word_1_131' title='bbox 1057 1158 1175 1216; x_wconf 74' lang='lat'>294).</span> <span class='ocrx_word' id='word_1_132' title='bbox 1222 1161 1268 1200; x_wconf 90' lang='lat' dir='ltr'>de</span> <span class='ocrx_word' id='word_1_133' title='bbox 1303 1174 1349 1201; x_wconf 93' lang='lat' dir='ltr'>eo</span> <span class='ocrx_word' id='word_1_134' title='bbox 1381 1162 1574 1201; x_wconf 87' lang='lat' dir='ltr'>uocabulo</span> <span class='ocrx_word' id='word_1_135' title='bbox 1608 1162 1702 1201; x_wconf 86' lang='lat' dir='ltr'>haec</span> 
     </span>
     <span class='ocr_line' id='line_1_16' title="bbox 171 1226 1335 1277; baseline 0.002 -13"><span class='ocrx_word' id='word_1_136' title='bbox 171 1226 269 1265; x_wconf 82' lang='lat' dir='ltr'>dixit</span> <span class='ocrx_word' id='word_1_137' title='bbox 294 1227 446 1276; x_wconf 87' lang='lat' dir='ltr'>Festus,</span> <span class='ocrx_word' id='word_1_138' title='bbox 474 1228 507 1264; x_wconf 78' lang='lat' dir='ltr'>si</span> <span class='ocrx_word' id='word_1_139' title='bbox 534 1226 711 1265; x_wconf 87' lang='lat' dir='ltr'>Muelleri</span> <span class='ocrx_word' id='word_1_140' title='bbox 740 1226 1025 1277; x_wconf 84' lang='lat' dir='ltr'>supplementis</span> <span class='ocrx_word' id='word_1_141' title='bbox 1054 1227 1169 1266; x_wconf 80' lang='lat' dir='ltr'>iidem</span> <span class='ocrx_word' id='word_1_142' title='bbox 1198 1227 1335 1266; x_wconf 83' lang='lat' dir='ltr'>habes:</span> 
     </span>
     <span class='ocr_line' id='line_1_17' title="bbox 1255 1292 1447 1343; baseline 0 -12"><span class='ocrx_word' id='word_1_143' title='bbox 1255 1292 1447 1343; x_wconf 77' lang='lat' dir='ltr'>[Posime-</span> 
     </span>
     <span class='ocr_line' id='line_1_18' title="bbox 225 1357 1445 1407; baseline 0.001 -12"><span class='ocrx_word' id='word_1_144' title='bbox 225 1359 325 1395; x_wconf 90' lang='lat' dir='ltr'>rium</span> <span class='ocrx_word' id='word_1_145' title='bbox 354 1369 440 1395; x_wconf 82' lang='lat' dir='ltr'>esse</span> <span class='ocrx_word' id='word_1_146' title='bbox 467 1358 520 1395; x_wconf 89' lang='lat' dir='ltr'>ait</span> <span class='ocrx_word' id='word_1_147' title='bbox 546 1358 738 1395; x_wconf 77' lang='lat' dir='ltr'>Antistius</span> <span class='ocrx_word' id='word_1_148' title='bbox 767 1357 826 1406; x_wconf 74' lang='lat' dir='ltr'>[ln</span> <span class='ocrx_word' id='word_1_149' title='bbox 854 1361 1140 1396; x_wconf 75' lang='lat' dir='ltr'>commentario</span> <span class='ocrx_word' id='word_1_150' title='bbox 1169 1361 1273 1397; x_wconf 72' lang='lat' dir='ltr'>iaris</span> <span class='ocrx_word' id='word_1_151' title='bbox 1290 1359 1445 1407; x_wconf 70' lang='lat' dir='ltr'>pontif-</span> 
     </span>
     <span class='ocr_line' id='line_1_19' title="bbox 344 1422 1442 1472; baseline 0.001 -12"><span class='ocrx_word' id='word_1_152' title='bbox 344 1423 455 1460; x_wconf 85' lang='lat' dir='ltr'>icalis</span> <span class='ocrx_word' id='word_1_153' title='bbox 482 1423 703 1472; x_wconf 89' lang='lat' dir='ltr'>pomerium</span> <span class='ocrx_word' id='word_1_154' title='bbox 730 1422 768 1461; x_wconf 94' lang='lat' dir='ltr'>id</span> <span class='ocrx_word' id='word_1_155' title='bbox 797 1431 857 1461; x_wconf 84' lang='lat' dir='ltr'>est</span> <span class='ocrx_word' id='word_1_156' title='bbox 884 1422 1032 1471; x_wconf 65' lang='lat' dir='ltr'>lloctcm</span> <span class='ocrx_word' id='word_1_157' title='bbox 1052 1436 1132 1472; x_wconf 72' lang='lat' dir='ltr'>stro</span> <span class='ocrx_word' id='word_1_158' title='bbox 1158 1436 1285 1471; x_wconf 69' lang='lat' dir='ltr'>mmo,</span> <span class='ocrx_word' id='word_1_159' title='bbox 1316 1430 1357 1462; x_wconf 75' lang='lat' dir='ltr'>ac</span> <span class='ocrx_word' id='word_1_160' title='bbox 1384 1426 1442 1462; x_wconf 78' lang='lat' dir='ltr'>aie</span> 
     </span>
     <span class='ocr_line' id='line_1_20' title="bbox 266 1487 1616 1539; baseline 0.001 -14"><span class='ocrx_word' id='word_1_161' title='bbox 266 1488 369 1525; x_wconf 84' lang='lat' dir='ltr'>Cato.</span> <span class='ocrx_word' id='word_1_162' title='bbox 415 1487 507 1525; x_wconf 90' lang='lat' dir='ltr'>olim</span> <span class='ocrx_word' id='word_1_163' title='bbox 535 1487 693 1537; x_wconf 89' lang='lat' dir='ltr'>quidem</span> <span class='ocrx_word' id='word_1_164' title='bbox 721 1487 892 1537; x_wconf 84' lang='lat' dir='ltr'>omn[em</span> <span class='ocrx_word' id='word_1_165' title='bbox 922 1490 1058 1527; x_wconf 77' lang='lat' dir='ltr'>arbem</span> <span class='ocrx_word' id='word_1_166' title='bbox 1086 1490 1439 1538; x_wconf 64' lang='lat' dir='ltr'>comprehendebat</span> <span class='ocrx_word' id='word_1_167' title='bbox 1466 1494 1503 1527; x_wconf 87' lang='lat' dir='ltr'>et</span> <span class='ocrx_word' id='word_1_168' title='bbox 1530 1501 1565 1539; x_wconf 89' lang='lat' dir='ltr'>q.</span> <span class='ocrx_word' id='word_1_169' title='bbox 1588 1501 1616 1527; x_wconf 82' lang='lat' dir='ltr'>s.</span> 
     </span>
     <span class='ocr_line' id='line_1_21' title="bbox 171 1552 1703 1604; baseline 0.001 -13"><span class='ocrx_word' id='word_1_170' title='bbox 171 1553 240 1591; x_wconf 84' lang='lat' dir='ltr'>sed</span> <span class='ocrx_word' id='word_1_171' title='bbox 271 1552 434 1591; x_wconf 78' lang='lat' dir='ltr'>offendit</span> <span class='ocrx_word' id='word_1_172' title='bbox 458 1558 548 1603; x_wconf 87' lang='lat' dir='ltr'>post</span> <span class='ocrx_word' id='word_1_173' title='bbox 567 1553 778 1591; x_wconf 84' lang='lat' dir='ltr'>Antistium</span> <span class='ocrx_word' id='word_1_174' title='bbox 801 1554 958 1591; x_wconf 75' lang='lat' dir='ltr'>Catonis</span> <span class='ocrx_word' id='word_1_175' title='bbox 983 1553 1166 1604; x_wconf 83' lang='lat' dir='ltr'>laudatio,</span> <span class='ocrx_word' id='word_1_176' title='bbox 1193 1566 1309 1604; x_wconf 87' lang='lat' dir='ltr'>quam</span> <span class='ocrx_word' id='word_1_177' title='bbox 1335 1553 1383 1591; x_wconf 91' lang='lat' dir='ltr'>ob</span> <span class='ocrx_word' id='word_1_178' title='bbox 1405 1566 1488 1592; x_wconf 81' lang='lat' dir='ltr'>reni</span> <span class='ocrx_word' id='word_1_179' title='bbox 1507 1554 1703 1604; x_wconf 79' lang='lat' dir='ltr'>Wagener</span> 
     </span>
     <span class='ocr_line' id='line_1_22' title="bbox 169 1616 1697 1669; baseline 0.001 -13"><span class='ocrx_word' id='word_1_180' title='bbox 169 1620 265 1656; x_wconf 75' lang='lat' dir='ltr'>scite</span> <span class='ocrx_word' id='word_1_181' title='bbox 293 1619 482 1656; x_wconf 89' lang='lat' dir='ltr'>coniecit:</span> <span class='ocrx_word' id='word_1_182' title='bbox 512 1616 748 1668; x_wconf 83' lang='lat' dir='ltr'>‘pomerium</span> <span class='ocrx_word' id='word_1_183' title='bbox 774 1618 813 1656; x_wconf 90' lang='lat' dir='ltr'>id</span> <span class='ocrx_word' id='word_1_184' title='bbox 841 1625 901 1657; x_wconf 83' lang='lat' dir='ltr'>est</span> <span class='ocrx_word' id='word_1_185' title='bbox 927 1618 1076 1668; x_wconf 56' lang='lat' dir='ltr'>stacam</span> <span class='ocrx_word' id='word_1_186' title='bbox 1103 1631 1217 1667; x_wconf 77' lang='lat' dir='ltr'>quem</span> <span class='ocrx_word' id='word_1_187' title='bbox 1245 1622 1395 1658; x_wconf 65' lang='lat' dir='ltr'>tramit</span> <span class='ocrx_word' id='word_1_188' title='bbox 1423 1619 1557 1669; x_wconf 73' lang='lat' dir='ltr'>auspi]</span> <span class='ocrx_word' id='word_1_189' title='bbox 1586 1617 1697 1658; x_wconf 79' lang='lat' dir='ltr'>cat0.&#39;</span> 
     </span>
     <span class='ocr_line' id='line_1_23' title="bbox 257 1682 1700 1734; baseline 0.001 -13"><span class='ocrx_word' id='word_1_190' title='bbox 257 1682 368 1734; x_wconf 77' lang='lat' dir='ltr'>Apud</span> <span class='ocrx_word' id='word_1_191' title='bbox 396 1683 578 1721; x_wconf 84' lang='lat' dir='ltr'>Seruium</span> <span class='ocrx_word' id='word_1_192' title='bbox 605 1683 779 1722; x_wconf 78' lang='lat' dir='ltr'>Danielis</span> <span class='ocrx_word' id='word_1_193' title='bbox 807 1683 853 1721; x_wconf 89' lang='lat' dir='ltr'>ad</span> <span class='ocrx_word' id='word_1_194' title='bbox 880 1685 972 1722; x_wconf 86' lang='lat' dir='ltr'>Aen.</span> <span class='ocrx_word' id='word_1_195' title='bbox 998 1682 1032 1733; x_wconf 87' lang='lat'>1,</span> <span class='ocrx_word' id='word_1_196' title='bbox 1049 1682 1134 1722; x_wconf 68' lang='lat'>:273</span> <span class='ocrx_word' id='word_1_197' title='bbox 1167 1684 1380 1722; x_wconf 84' lang='lat' dir='ltr'>Masuicius</span> <span class='ocrx_word' id='word_1_198' title='bbox 1406 1684 1529 1722; x_wconf 85' lang='lat' dir='ltr'>uerba</span> <span class='ocrx_word' id='word_1_199' title='bbox 1555 1684 1700 1723; x_wconf 84' lang='lat' dir='ltr'>lacera:</span> 
     </span>
     <span class='ocr_line' id='line_1_24' title="bbox 167 1748 1702 1789; baseline 0.001 -3"><span class='ocrx_word' id='word_1_200' title='bbox 167 1778 296 1786; x_wconf 91' lang='lat'><strong>.....</strong></span> <span class='ocrx_word' id='word_1_201' title='bbox 319 1749 420 1787; x_wconf 70' lang='lat' dir='ltr'>dicit</span> <span class='ocrx_word' id='word_1_202' title='bbox 446 1748 635 1786; x_wconf 73' lang='lat' dir='ltr'>Latinam</span> <span class='ocrx_word' id='word_1_203' title='bbox 663 1761 714 1787; x_wconf 69' lang='lat' dir='ltr'>ea:</span> <span class='ocrx_word' id='word_1_204' title='bbox 744 1749 864 1787; x_wconf 66' lang='lat' dir='ltr'>Vlixe</span> <span class='ocrx_word' id='word_1_205' title='bbox 891 1755 928 1787; x_wconf 84' lang='lat' dir='ltr'>et</span> <span class='ocrx_word' id='word_1_206' title='bbox 961 1750 1077 1788; x_wconf 72' lang='lat' dir='ltr'>Circe</span> <span class='ocrx_word' id='word_1_207' title='bbox 1104 1751 1253 1788; x_wconf 71' lang='lat' dir='ltr'>editam</span> <span class='ocrx_word' id='word_1_208' title='bbox 1282 1752 1330 1788; x_wconf 75' lang='lat' dir='ltr'>(le</span> <span class='ocrx_word' id='word_1_209' title='bbox 1357 1753 1516 1788; x_wconf 64' lang='lat' dir='ltr'>nornine</span> <span class='ocrx_word' id='word_1_210' title='bbox 1547 1753 1702 1789; x_wconf 72' lang='lat' dir='ltr'>sororis</span> 
     </span>
     <span class='ocr_line' id='line_1_25' title="bbox 165 1814 1700 1864; baseline 0.001 -12"><span class='ocrx_word' id='word_1_211' title='bbox 165 1826 265 1852; x_wconf 75' lang='lat' dir='ltr'>suae</span> <span class='ocrx_word' id='word_1_212' title='bbox 297 1819 481 1852; x_wconf 72' lang='lat' dir='ltr'>mortuae</span> <span class='ocrx_word' id='word_1_213' title='bbox 514 1814 664 1852; x_wconf 79' lang='lat' dir='ltr'>Romen</span> <span class='ocrx_word' id='word_1_214' title='bbox 704 1816 911 1852; x_wconf 58' lang='lat' dir='ltr'>fluitatem</span> <span class='ocrx_word' id='word_1_215' title='bbox 945 1817 1168 1864; x_wconf 71' lang='lat' dir='ltr'>appellasse</span> <span class='ocrx_word' id='word_1_216' title='bbox 1203 1816 1256 1853; x_wconf 87' lang='lat' dir='ltr'>ita</span> <span class='ocrx_word' id='word_1_217' title='bbox 1290 1827 1448 1853; x_wconf 85' lang='lat' dir='ltr'>sanasse</span> <span class='ocrx_word' id='word_1_218' title='bbox 1483 1814 1559 1852; x_wconf 88' lang='lat' dir='ltr'>sibi</span> <span class='ocrx_word' id='word_1_219' title='bbox 1590 1816 1700 1853; x_wconf 80' lang='lat' dir='ltr'>uisus</span> 
     </span>
     <span class='ocr_line' id='line_1_26' title="bbox 167 1879 1700 1931; baseline 0.001 -15"><span class='ocrx_word' id='word_1_220' title='bbox 167 1883 238 1928; x_wconf 89' lang='lat' dir='ltr'>est,</span> <span class='ocrx_word' id='word_1_221' title='bbox 263 1883 307 1916; x_wconf 88' lang='lat' dir='ltr'>ut</span> <span class='ocrx_word' id='word_1_222' title='bbox 339 1879 435 1917; x_wconf 78' lang='lat' dir='ltr'>Calo</span> <span class='ocrx_word' id='word_1_223' title='bbox 463 1881 504 1917; x_wconf 76' lang='lat' dir='ltr'>in</span> <span class='ocrx_word' id='word_1_224' title='bbox 532 1881 762 1927; x_wconf 69' lang='lat' dir='ltr'>oriye&#39;m&#39;bus</span> <span class='ocrx_word' id='word_1_225' title='bbox 788 1885 1063 1930; x_wconf 79' lang='lat' dir='ltr'>anteponeret,</span> <span class='ocrx_word' id='word_1_226' title='bbox 1090 1879 1204 1931; x_wconf 89' lang='lat' dir='ltr'>plane</span> <span class='ocrx_word' id='word_1_227' title='bbox 1232 1881 1427 1918; x_wconf 87' lang='lat' dir='ltr'>inmemor</span> <span class='ocrx_word' id='word_1_228' title='bbox 1453 1879 1530 1930; x_wconf 90' lang='lat' dir='ltr'>ille,</span> <span class='ocrx_word' id='word_1_229' title='bbox 1557 1892 1602 1918; x_wconf 85' lang='lat' dir='ltr'>ex</span> <span class='ocrx_word' id='word_1_230' title='bbox 1631 1882 1700 1918; x_wconf 68' lang='lat' dir='ltr'>(Ia-</span> 
     </span>
     <span class='ocr_line' id='line_1_27' title="bbox 166 1944 1699 1984; baseline 0.001 -3"><span class='ocrx_word' id='word_1_231' title='bbox 166 1945 269 1981; x_wconf 87' lang='lat' dir='ltr'>tonis</span> <span class='ocrx_word' id='word_1_232' title='bbox 291 1944 483 1982; x_wconf 87' lang='lat' dir='ltr'>sententia</span> <span class='ocrx_word' id='word_1_233' title='bbox 505 1945 610 1982; x_wconf 86' lang='lat' dir='ltr'>inter</span> <span class='ocrx_word' id='word_1_234' title='bbox 626 1944 767 1982; x_wconf 81' lang='lat' dir='ltr'>Troiae</span> <span class='ocrx_word' id='word_1_235' title='bbox 789 1944 984 1983; x_wconf 80' lang='lat' dir='ltr'>excidium</span> <span class='ocrx_word' id='word_1_236' title='bbox 1007 1951 1046 1983; x_wconf 88' lang='lat' dir='ltr'>et</span> <span class='ocrx_word' id='word_1_237' title='bbox 1065 1945 1228 1984; x_wconf 87' lang='lat' dir='ltr'>Romam</span> <span class='ocrx_word' id='word_1_238' title='bbox 1251 1945 1447 1983; x_wconf 87' lang='lat' dir='ltr'>conditam</span> <span class='ocrx_word' id='word_1_239' title='bbox 1471 1946 1699 1984; x_wconf 84' lang='lat' dir='ltr'>interfuisse</span> 
     </span>
     <span class='ocr_line' id='line_1_28' title="bbox 166 2008 1593 2061; baseline 0.001 -15"><span class='ocrx_word' id='word_1_240' title='bbox 166 2008 474 2059; x_wconf 80' lang='lat' dir='ltr'>quadringentos</span> <span class='ocrx_word' id='word_1_241' title='bbox 501 2010 662 2059; x_wconf 79' lang='lat' dir='ltr'>triginta</span> <span class='ocrx_word' id='word_1_242' title='bbox 691 2009 787 2047; x_wconf 85' lang='lat' dir='ltr'>duos</span> <span class='ocrx_word' id='word_1_243' title='bbox 817 2022 939 2048; x_wconf 88' lang='lat' dir='ltr'>annos</span> <span class='ocrx_word' id='word_1_244' title='bbox 967 2009 1208 2061; x_wconf 70' lang='lat' dir='ltr'>(Schwegler</span> <span class='ocrx_word' id='word_1_245' title='bbox 1235 2010 1249 2048; x_wconf 95' lang='grc' dir='ltr'>Ι</span> <span class='ocrx_word' id='word_1_246' title='bbox 1276 2024 1311 2061; x_wconf 94' lang='lat' dir='ltr'>p.</span> <span class='ocrx_word' id='word_1_247' title='bbox 1333 2008 1419 2049; x_wconf 76' lang='lat'>403</span> <span class='ocrx_word' id='word_1_248' title='bbox 1447 2022 1483 2048; x_wconf 91' lang='lat' dir='ltr'>n.</span> <span class='ocrx_word' id='word_1_249' title='bbox 1506 2008 1593 2049; x_wconf 47' lang='lat'>⁵28¹».</span> 
     </span>
     <span class='ocr_line' id='line_1_29' title="bbox 255 2073 1699 2126; baseline 0.002 -14"><span class='ocrx_word' id='word_1_250' title='bbox 255 2073 417 2112; x_wconf 85' lang='lat' dir='ltr'>Praeter</span> <span class='ocrx_word' id='word_1_251' title='bbox 443 2075 616 2124; x_wconf 80' lang='lat' dir='ltr'>origines</span> <span class='ocrx_word' id='word_1_252' title='bbox 643 2080 773 2113; x_wconf 89' lang='lat' dir='ltr'>autem</span> <span class='ocrx_word' id='word_1_253' title='bbox 801 2074 957 2126; x_wconf 90' lang='lat' dir='ltr'>quidam</span> <span class='ocrx_word' id='word_1_254' title='bbox 986 2088 1005 2113; x_wconf 89' lang='lat' dir='ltr'>a</span> <span class='ocrx_word' id='word_1_255' title='bbox 1027 2076 1170 2114; x_wconf 86' lang='lat' dir='ltr'>Catone</span> <span class='ocrx_word' id='word_1_256' title='bbox 1193 2077 1309 2114; x_wconf 88' lang='lat' dir='ltr'>etiam</span> <span class='ocrx_word' id='word_1_257' title='bbox 1332 2077 1558 2115; x_wconf 72' lang='lat' dir='ltr'>Poenorum</span> <span class='ocrx_word' id='word_1_258' title='bbox 1577 2077 1699 2115; x_wconf 67' lang='lat' dir='ltr'>histo-</span> 
     </span>
     <span class='ocr_line' id='line_1_30' title="bbox 166 2140 1697 2192; baseline 0.001 -15"><span class='ocrx_word' id='word_1_259' title='bbox 166 2142 271 2177; x_wconf 74' lang='lat' dir='ltr'>riam</span> <span class='ocrx_word' id='word_1_260' title='bbox 304 2140 558 2189; x_wconf 86' lang='lat' dir='ltr'>compositam</span> <span class='ocrx_word' id='word_1_261' title='bbox 585 2152 672 2177; x_wconf 86' lang='lat' dir='ltr'>esse</span> <span class='ocrx_word' id='word_1_262' title='bbox 700 2141 965 2191; x_wconf 84' lang='lat' dir='ltr'>somniauere,</span> <span class='ocrx_word' id='word_1_263' title='bbox 999 2142 1075 2179; x_wconf 84' lang='lat' dir='ltr'>nisi</span> <span class='ocrx_word' id='word_1_264' title='bbox 1110 2141 1193 2179; x_wconf 84' lang='lat' dir='ltr'>loco</span> <span class='ocrx_word' id='word_1_265' title='bbox 1228 2140 1394 2192; x_wconf 90' lang='lat' dir='ltr'>quodam</span> <span class='ocrx_word' id='word_1_266' title='bbox 1422 2141 1527 2179; x_wconf 91' lang='lat' dir='ltr'>Festi</span> <span class='ocrx_word' id='word_1_267' title='bbox 1560 2141 1697 2180; x_wconf 91' lang='lat' dir='ltr'>mutilo</span> 
     </span>
     <span class='ocr_line' id='line_1_31' title="bbox 166 2200 1460 2259; baseline 0.002 -17"><span class='ocrx_word' id='word_1_268' title='bbox 166 2216 195 2242; x_wconf 92' lang='lat' dir='ltr'>s.</span> <span class='ocrx_word' id='word_1_269' title='bbox 216 2217 252 2242; x_wconf 94' lang='lat' dir='ltr'>u.</span> <span class='ocrx_word' id='word_1_270' title='bbox 280 2205 518 2243; x_wconf 86' lang='lat' dir='ltr'>meritauere</span> <span class='ocrx_word' id='word_1_271' title='bbox 544 2217 580 2255; x_wconf 88' lang='lat' dir='ltr'>p.</span> <span class='ocrx_word' id='word_1_272' title='bbox 605 2201 689 2243; x_wconf 76' lang='grc'>154</span> <span class='ocrx_word' id='word_1_273' title='bbox 717 2200 927 2257; x_wconf 78' lang='lat' dir='ltr'>(Thewrek</span> <span class='ocrx_word' id='word_1_274' title='bbox 956 2219 990 2256; x_wconf 89' lang='lat' dir='ltr'>p.</span> <span class='ocrx_word' id='word_1_275' title='bbox 1016 2204 1110 2244; x_wconf 68' lang='lat'>144.</span> <span class='ocrx_word' id='word_1_276' title='bbox 1145 2206 1312 2257; x_wconf 70' lang='lat' dir='ltr'>Lindsay</span> <span class='ocrx_word' id='word_1_277' title='bbox 1345 2203 1460 2259; x_wconf 72' lang='lat'>142).</span> 
     </span>
     <span class='ocr_line' id='line_1_32' title="bbox 880 2268 1487 2322; baseline 0.002 -13"><span class='ocrx_word' id='word_1_278' title='bbox 880 2268 1180 2321; x_wconf 53' lang='lat' dir='ltr'>‘lileritaaer]e‚</span> <span class='ocrx_word' id='word_1_279' title='bbox 1209 2284 1324 2322; x_wconf 86' lang='lat' dir='ltr'>saepe</span> <span class='ocrx_word' id='word_1_280' title='bbox 1352 2284 1487 2310; x_wconf 89' lang='lat' dir='ltr'>merue</span> 
     </span>
     <span class='ocr_line' id='line_1_33' title="bbox 1117 2337 1485 2375; baseline 0.003 -1"><span class='ocrx_word' id='word_1_281' title='bbox 1117 2349 1281 2375; x_wconf 86' lang='lat' dir='ltr'>enorum</span> <span class='ocrx_word' id='word_1_282' title='bbox 1310 2337 1377 2375; x_wconf 90' lang='lat' dir='ltr'>llll</span> <span class='ocrx_word' id='word_1_283' title='bbox 1406 2337 1485 2375; x_wconf 87' lang='lat' dir='ltr'>suf·</span> 
     </span>
     <span class='ocr_line' id='line_1_34' title="bbox 367 2400 1485 2452; baseline 0.001 -14"><span class='ocrx_word' id='word_1_284' title='bbox 367 2400 471 2449; x_wconf 76' lang='lat' dir='ltr'>setes</span> <span class='ocrx_word' id='word_1_285' title='bbox 497 2408 777 2439; x_wconf 65' lang='lat' dir='ltr'>evocaveram</span> <span class='ocrx_word' id='word_1_286' title='bbox 802 2405 937 2440; x_wconf 67' lang='lat' dir='ltr'>statim</span> <span class='ocrx_word' id='word_1_287' title='bbox 964 2401 1110 2451; x_wconf 73' lang='lat' dir='ltr'>omjnis</span> <span class='ocrx_word' id='word_1_288' title='bbox 1139 2401 1332 2452; x_wconf 74' lang='lat' dir='ltr'>cohortes,</span> <span class='ocrx_word' id='word_1_289' title='bbox 1358 2403 1485 2440; x_wconf 87' lang='lat' dir='ltr'>omnis</span> 
     </span>
     <span class='ocr_line' id='line_1_35' title="bbox 371 2463 1207 2516; baseline 0.002 -13"><span class='ocrx_word' id='word_1_290' title='bbox 371 2468 491 2504; x_wconf 77' lang='lat' dir='ltr'>eliam</span> <span class='ocrx_word' id='word_1_291' title='bbox 518 2468 588 2513; x_wconf 73' lang='lat' dir='ltr'>qui</span> <span class='ocrx_word' id='word_1_292' title='bbox 612 2468 816 2514; x_wconf 70' lang='lat' dir='ltr'>stipendia</span> <span class='ocrx_word' id='word_1_293' title='bbox 842 2465 977 2516; x_wconf 64' lang='lat' dir='ltr'>merit]</span> <span class='ocrx_word' id='word_1_294' title='bbox 1007 2463 1207 2505; x_wconf 89' lang='lat' dir='ltr'>auerunt.&#39;</span> 
     </span>
     <span class='ocr_line' id='line_1_36' title="bbox 164 2530 1697 2583; baseline 0.002 -15"><span class='ocrx_word' id='word_1_295' title='bbox 164 2542 239 2580; x_wconf 87' lang='lat' dir='ltr'>quo</span> <span class='ocrx_word' id='word_1_296' title='bbox 267 2530 424 2568; x_wconf 88' lang='lat' dir='ltr'>Catonis</span> <span class='ocrx_word' id='word_1_297' title='bbox 456 2542 600 2569; x_wconf 88' lang='lat' dir='ltr'>nomen</span> <span class='ocrx_word' id='word_1_298' title='bbox 632 2530 769 2569; x_wconf 83' lang='lat' dir='ltr'>lacuna</span> <span class='ocrx_word' id='word_1_299' title='bbox 804 2531 1054 2570; x_wconf 78' lang='lat' dir='ltr'>intercidisse</span> <span class='ocrx_word' id='word_1_300' title='bbox 1083 2544 1128 2570; x_wconf 80' lang='lat' dir='ltr'>ex</span> <span class='ocrx_word' id='word_1_301' title='bbox 1156 2531 1265 2570; x_wconf 91' lang='lat' dir='ltr'>Pauli</span> <span class='ocrx_word' id='word_1_302' title='bbox 1292 2534 1462 2583; x_wconf 86' lang='lat' dir='ltr'>epitome</span> <span class='ocrx_word' id='word_1_303' title='bbox 1495 2532 1697 2582; x_wconf 81' lang='lat' dir='ltr'>discimus,</span> 
     </span>
     <span class='ocr_line' id='line_1_37' title="bbox 163 2594 1698 2648; baseline 0.002 -16"><span class='ocrx_word' id='word_1_304' title='bbox 163 2594 232 2633; x_wconf 85' lang='lat' dir='ltr'>sed</span> <span class='ocrx_word' id='word_1_305' title='bbox 260 2594 306 2633; x_wconf 87' lang='lat' dir='ltr'>de</span> <span class='ocrx_word' id='word_1_306' title='bbox 333 2594 553 2633; x_wconf 88' lang='lat' dir='ltr'>Poenorum</span> <span class='ocrx_word' id='word_1_307' title='bbox 580 2595 744 2634; x_wconf 87' lang='lat' dir='ltr'>historia</span> <span class='ocrx_word' id='word_1_308' title='bbox 771 2596 869 2634; x_wconf 88' lang='lat' dir='ltr'>nihil</span> <span class='ocrx_word' id='word_1_309' title='bbox 898 2596 962 2635; x_wconf 89' lang='lat' dir='ltr'>ille</span> <span class='ocrx_word' id='word_1_310' title='bbox 990 2595 1167 2647; x_wconf 84' lang='lat' dir='ltr'>exhibet,</span> <span class='ocrx_word' id='word_1_311' title='bbox 1197 2609 1324 2647; x_wconf 91' lang='lat' dir='ltr'>neque</span> <span class='ocrx_word' id='word_1_312' title='bbox 1352 2597 1565 2648; x_wconf 76' lang='lat' dir='ltr'>quidquam</span> <span class='ocrx_word' id='word_1_313' title='bbox 1592 2597 1698 2636; x_wconf 88' lang='lat' dir='ltr'>ualet</span> 
     </span>
     <span class='ocr_line' id='line_1_38' title="bbox 163 2659 1695 2712; baseline 0.003 -15"><span class='ocrx_word' id='word_1_314' title='bbox 163 2659 210 2698; x_wconf 91' lang='lat' dir='ltr'>ad</span> <span class='ocrx_word' id='word_1_315' title='bbox 244 2660 469 2711; x_wconf 87' lang='lat' dir='ltr'>opinionem</span> <span class='ocrx_word' id='word_1_316' title='bbox 502 2660 607 2699; x_wconf 89' lang='lat' dir='ltr'>illam</span> <span class='ocrx_word' id='word_1_317' title='bbox 641 2660 891 2711; x_wconf 83' lang='lat' dir='ltr'>firmandam,</span> <span class='ocrx_word' id='word_1_318' title='bbox 926 2661 1027 2712; x_wconf 91' lang='lat' dir='ltr'>quod</span> <span class='ocrx_word' id='word_1_319' title='bbox 1056 2661 1220 2700; x_wconf 90' lang='lat' dir='ltr'>Seruius</span> <span class='ocrx_word' id='word_1_320' title='bbox 1254 2662 1443 2712; x_wconf 82' lang='lat' dir='ltr'>quaedam</span> <span class='ocrx_word' id='word_1_321' title='bbox 1478 2662 1575 2701; x_wconf 84' lang='lat' dir='ltr'>lecta</span> <span class='ocrx_word' id='word_1_322' title='bbox 1608 2674 1695 2701; x_wconf 83' lang='lat' dir='ltr'>esse</span> 
     </span>
     <span class='ocr_line' id='line_1_39' title="bbox 163 2721 1693 2780; baseline 0.001 -17"><span class='ocrx_word' id='word_1_323' title='bbox 163 2724 300 2763; x_wconf 88' lang='lat' dir='ltr'>scribit</span> <span class='ocrx_word' id='word_1_324' title='bbox 326 2721 393 2779; x_wconf 87' lang='lat' dir='ltr'>(ad</span> <span class='ocrx_word' id='word_1_325' title='bbox 414 2726 506 2764; x_wconf 83' lang='lat' dir='ltr'>Aen.</span> <span class='ocrx_word' id='word_1_326' title='bbox 531 2724 566 2776; x_wconf 93' lang='grc'>1,</span> <span class='ocrx_word' id='word_1_327' title='bbox 582 2722 688 2780; x_wconf 76' lang='lat'><strong>343)</strong></span> <span class='ocrx_word' id='word_1_328' title='bbox 718 2724 773 2764; x_wconf 82' lang='lat' dir='ltr'>‘in</span> <span class='ocrx_word' id='word_1_329' title='bbox 794 2726 956 2765; x_wconf 88' lang='lat' dir='ltr'>historia</span> <span class='ocrx_word' id='word_1_330' title='bbox 977 2726 1197 2765; x_wconf 86' lang='lat' dir='ltr'>Poenorum</span> <span class='ocrx_word' id='word_1_331' title='bbox 1220 2732 1259 2765; x_wconf 91' lang='lat' dir='ltr'>et</span> <span class='ocrx_word' id='word_1_332' title='bbox 1278 2728 1317 2764; x_wconf 89' lang='lat' dir='ltr'>in</span> <span class='ocrx_word' id='word_1_333' title='bbox 1340 2725 1478 2777; x_wconf 83' lang='lat' dir='ltr'>Liuio’,</span> <span class='ocrx_word' id='word_1_334' title='bbox 1506 2726 1693 2778; x_wconf 84' lang='lat' dir='ltr'>quaedam</span> 
     </span>
     <span class='ocr_line' id='line_1_40' title="bbox 163 2787 1693 2845; baseline 0.001 -17"><span class='ocrx_word' id='word_1_335' title='bbox 163 2791 298 2828; x_wconf 86' lang='lat' dir='ltr'>testari</span> <span class='ocrx_word' id='word_1_336' title='bbox 324 2796 481 2841; x_wconf 88' lang='lat' dir='ltr'>praeter</span> <span class='ocrx_word' id='word_1_337' title='bbox 501 2790 657 2829; x_wconf 92' lang='lat' dir='ltr'>Liuium</span> <span class='ocrx_word' id='word_1_338' title='bbox 680 2789 882 2830; x_wconf 76' lang='lat' dir='ltr'>‘Punicam</span> <span class='ocrx_word' id='word_1_339' title='bbox 908 2790 1127 2830; x_wconf 80' lang='lat' dir='ltr'>historiam’</span> <span class='ocrx_word' id='word_1_340' title='bbox 1150 2787 1217 2844; x_wconf 86' lang='lat' dir='ltr'>(ad</span> <span class='ocrx_word' id='word_1_341' title='bbox 1238 2793 1330 2830; x_wconf 74' lang='lat' dir='ltr'>Aen.</span> <span class='ocrx_word' id='word_1_342' title='bbox 1355 2790 1390 2842; x_wconf 82' lang='lat'>1,</span> <span class='ocrx_word' id='word_1_343' title='bbox 1407 2789 1522 2845; x_wconf 74' lang='lat'>738),</span> <span class='ocrx_word' id='word_1_344' title='bbox 1550 2792 1693 2843; x_wconf 86' lang='lat' dir='ltr'>quippe</span> 
     </span>
     <span class='ocr_line' id='line_1_41' title="bbox 164 2854 1692 2907; baseline 0.001 -14"><span class='ocrx_word' id='word_1_345' title='bbox 164 2856 230 2905; x_wconf 85' lang='lat' dir='ltr'>qui</span> <span class='ocrx_word' id='word_1_346' title='bbox 257 2854 303 2893; x_wconf 90' lang='lat' dir='ltr'>de</span> <span class='ocrx_word' id='word_1_347' title='bbox 331 2856 524 2906; x_wconf 84' lang='lat' dir='ltr'>scriptore</span> <span class='ocrx_word' id='word_1_348' title='bbox 551 2855 648 2893; x_wconf 91' lang='lat' dir='ltr'>nihil</span> <span class='ocrx_word' id='word_1_349' title='bbox 676 2855 880 2895; x_wconf 87' lang='lat' dir='ltr'>addiderit.</span> <span class='ocrx_word' id='word_1_350' title='bbox 924 2869 972 2895; x_wconf 88' lang='lat' dir='ltr'>ne</span> <span class='ocrx_word' id='word_1_351' title='bbox 1000 2856 1095 2895; x_wconf 89' lang='lat' dir='ltr'>illud</span> <span class='ocrx_word' id='word_1_352' title='bbox 1123 2856 1292 2907; x_wconf 90' lang='lat' dir='ltr'>quidem,</span> <span class='ocrx_word' id='word_1_353' title='bbox 1320 2857 1415 2895; x_wconf 85' lang='lat' dir='ltr'>haec</span> <span class='ocrx_word' id='word_1_354' title='bbox 1443 2856 1692 2895; x_wconf 86' lang='lat' dir='ltr'>fundamenta</span> 
     </span>
     <span class='ocr_line' id='line_1_42' title="bbox 1337 2923 1408 2956; baseline -0.014 0"><span class='ocrx_word' id='word_1_355' title='bbox 1337 2923 1408 2956; x_wconf 78' lang='lat' dir='ltr'>XI*</span> 
     </span>
    </p>
   </div>
  </div>
 </body>
</html>
