2002 3342
540 187 579 230 Q.
602 186 837 222 CLAVDIVS
865 186 1226 228 QVADRIGARIVS
1409 200 1646 231 CCLXXXD(

120 294 184 352 (fr.
206 295 282 351 41)
312 300 395 337 sine
425 297 542 336 dubio
570 298 657 336 ficta
686 303 745 336 est
771 303 887 348 atque
915 299 1031 336 etiam
1054 297 1179 336 edicta
1208 297 1432 348 tribunicia,
1460 310 1557 349 quae
1588 296 1647 336 ‘ex

119 363 316 402 annalium
343 361 624 402 monumentis'
647 362 852 401 Cornelius
874 361 1004 413 Nepos
1026 364 1235 413 exscripsit
1256 358 1372 416 (Geli.
1395 361 1432 413 6,
1452 360 1535 415 19),
1561 375 1649 401 ean-

121 429 207 467 dem
230 430 425 467 osficinam
449 441 541 479 prae
564 440 605 466 se
627 428 757 466 serunt
779 424 1014 479 (Mommsen
1037 428 1084 466 R.
1103 429 1143 466 F.
1161 428 1191 466 ll
1214 441 1249 479 p.
1264 424 1450 481 425511.)‚
1476 430 1649 479 itemque

120 494 309 544 epistulae
344 494 447 544 regis
478 493 617 544 Pyrrhi
650 498 687 531 et
714 493 753 530 P.
775 492 917 530 Valerii
944 492 1109 530 Laeuini
1140 493 1241 543 apud
1274 493 1501 544 Dionysium
1530 492 1650 531 Halic.

125 556 386 610 18,15-18.
427 560 543 597 etiam
571 558 657 596 aliis
685 559 926 596 ornamentis
954 557 1161 596 rhetoricis
1188 571 1295 608 usus,
1322 564 1364 597 ut
1392 559 1570 597 homines
1597 558 1651 597 le-

120 624 246 675 gendo
281 624 572 662 delectarentur
598 629 801 674 artemque
833 636 942 661 suam
970 622 1276 674 admirarentur,
1310 630 1490 662 accurate
1517 623 1653 662 multis

120 689 255 728 uerbis
283 689 472 727 nobilium
500 688 797 727 adulescentum
826 687 1092 726 Romanorum
1116 701 1205 726 cum
1235 688 1414 727 barbaris
1439 690 1652 727 certamina

119 754 309 805 quaedam
326 755 536 792 enarrauit.
559 751 682 804 quid?
696 753 800 804 quod
817 765 893 791 non
906 753 1030 791 solum
1047 753 1282 804 apostrophe
1298 753 1344 791 ab
1361 766 1404 792 eo
1421 753 1579 792 inducta
1595 759 1654 792 est

122 815 188 873 (fr.
205 817 279 871 83)
297 819 365 858 sed
380 820 497 858 etiam
512 818 726 857 uerborum
744 819 891 869 figurae
907 819 946 856 in
963 818 1194 868 fragmentis
1210 819 1470 857 inueniuntur
1483 818 1550 871 (fr.
1566 816 1653 872 88),

121 885 296 936 exempla
330 890 368 923 et
402 885 547 935 poetici
583 881 769 938 comi-151)
807 889 846 923 et
879 885 1035 922 numeri
1068 885 1228 922 oratorii
1264 878 1329 937 (fr.
1353 881 1420 923 89.
1444 880 1531 938 78).
1578 897 1653 936 quo

122 949 250 988 studio
279 949 464 1001 abreptus
492 962 523 988 a.
546 947 642 988 367.
665 947 748 988 38ῖ
772 949 814 987 Τ.
836 948 1020 988 Manlium
1049 948 1175 1000 gladio
1198 948 1408 999 Hispanico
1436 961 1526 988 cum
1548 948 1654 987 Gallo

121 1021 359 1066 pugnantem
387 1016 480 1053 fecit
508 1011 572 1067 (fr.
598 1010 694 1065 lOb,
728 1027 816 1052 narn
851 1015 1103 1053 consentiunt
1129 1013 1277 1052 Gellius
1311 1020 1349 1052 et
1376 1014 1512 1053 Liuius
1545 1015 1583 1052 in
1612 1027 1654 1053 ea

123 1077 203 1133 re),
243 1092 330 1118 cum
367 1079 463 1118 illud
497 1079 715 1130 gladiorum
748 1091 872 1130 genus
906 1079 1007 1130 apud
1040 1079 1234 1118 Romanos
1266 1079 1368 1118 bello
1401 1079 1655 1118 Hannibalico

126 1145 283 1184 demum
305 1146 344 1183 in
366 1144 691 1183 consuetudinem
713 1146 870 1183 uenerit
891 1141 988 1198 (uid.
1003 1144 1286 1183 Weissenborn
1302 1144 1348 1183 ad
1363 1144 1446 1183 Liu.
1464 1143 1500 1195 7,
1514 1143 1579 1195 10,
1592 1141 1654 1197 5);

124 1223 196 1249 nec
223 1209 299 1249 loci
325 1222 553 1249 communes
582 1209 745 1248 deerant
771 1207 836 1263 (fr.
859 1206 918 1264 9).

213 1275 375 1314 Materia
403 1282 532 1314 tamen
561 1275 633 1313 hoc
662 1275 821 1326 serebat,
849 1281 889 1314 ut
913 1288 988 1326 quo
1016 1276 1179 1326 propius
1207 1274 1252 1313 ad
1275 1288 1385 1314 suam
1407 1281 1573 1314 aetatem
1596 1288 1656 1314 ac-

125 1341 295 1391 cederet,
323 1354 367 1379 eo
396 1341 605 1392 largiorem
634 1342 786 1392 copiam
808 1340 1010 1379 effundere
1034 1345 1167 1392 posset
1194 1342 1518 1392 minuereturque
1540 1353 1657 1379 anno-

124 1418 211 1445 rum
250 1418 458 1457 numerus,
498 1418 596 1456 quos
636 1407 779 1457 quique
819 1405 911 1444 libri
947 1405 1342 1457 comprehenderent.
1387 1418 1514 1457 neque
1552 1407 1656 1444 euim

124 1470 441 1522 aequabilitatem
482 1470 586 1509 illam
625 1472 841 1521 affectauit7
879 1484 953 1522 qua
986 1471 1194 1521 Dionysius
1225 1470 1306 1509 Hal.
1345 1471 1577 1522 excellebat,
1611 1471 1657 1510 ad

125 1538 238 1574 cuius
265 1535 486 1574 ubertatem
512 1536 786 1587 praestandam
809 1537 1012 1586 ingenium
1035 1537 1119 1574 eius
1140 1549 1213 1575 nec
1235 1538 1330 1575 satis
1353 1537 1564 1575 fecundum
1586 1549 1656 1575 nec

126 1601 248 1640 audax
277 1602 399 1639 fuisse
427 1601 596 1639 uidetur.
643 1608 681 1639 at
707 1601 944 1640 offendimur
970 1614 1086 1653 saepe
1115 1603 1199 1639 eius
1226 1601 1495 1652 magnitudine
1523 1614 1658 1641 nume-

127 1678 272 1704 rorum.
312 1678 401 1704 nam
435 1667 509 1704 etsi
544 1666 616 1705 soli
638 1666 788 1705 Valerio
809 1667 955 1705 Antiati
983 1680 1002 1704 a
1030 1666 1141 1704 Liuio
1172 1668 1401 1718 turpissima
1428 1667 1524 1705 haec
1550 1679 1658 1706 men·

127 1731 226 1770 dacii
254 1737 343 1769 nota
370 1732 498 1770 inusta
526 1737 596 1781 est,
624 1738 753 1770 tamen
781 1731 966 1770 Claudius
993 1733 1028 1771 ei
1056 1745 1133 1770 non
1160 1731 1327 1770 multum
1354 1733 1392 1770 in
1416 1745 1458 1771 ea
1480 1734 1658 1771 ueritatis

126 1797 390 1848 superlatione
415 1798 535 1835 cessit
556 1793 624 1849 (c-l'.
647 1798 691 1835 fr.
714 1794 781 1836 62.
804 1795 878 1849 68)
907 1804 1023 1848 atque
1051 1797 1285 1848 quibusdam
1314 1798 1409 1836 locis
1431 1811 1519 1837 eum
1542 1799 1658 1837 etiam

126 1862 329 1913 superauit
349 1859 415 1913 (sr.
430 1859 534 1901 57A.
562 1860 630 1900 63.
646 1859 734 1916 66).
775 1862 843 1900 sed
865 1875 953 1901 cum
976 1863 1040 1901 alii
1062 1863 1240 1901 rhetores
1266 1863 1463 1901 horrenda
1485 1863 1658 1914 descrip-

127 1929 231 1966 tione
261 1939 392 1965 rerum
420 1928 571 1965 animos
599 1934 912 1978 commonerent,
946 1928 985 1966 hi
1018 1940 1274 1966 numerorum
1302 1930 1452 1967 ratione
1480 1935 1519 1967 et
1544 1928 1658 1967 modo

129 1993 295 2031 maxime
323 1992 524 2031 hominum
553 1994 774 2030 occisorum
803 2005 848 2031 ex
872 2006 940 2031 sua
962 1999 1086 2032 aetate
1114 1995 1153 2031 in
1175 1995 1450 2044 antiquitatem
1471 1994 1658 2032 translato

127 2057 230 2095 idem
265 2054 588 2111 spectauerunt‘2)
623 2063 739 2108 atque
772 2063 810 2096 et
837 2057 966 2096 Sullae
1000 2058 1177 2109 exemplo
1211 2071 1276 2096 eos
1309 2058 1520 2097 defendere
1548 2065 1659 2110 potu-

128 2129 243 2161 erunt
270 2128 308 2160 et
334 2122 554 2161 tabularum
583 2124 812 2173 pontificum
839 2125 1069 2174 imitatione,
1097 2125 1135 2161 iu
1164 2123 1306 2174 quibus
1334 2125 1489 2162 numeri
1510 2123 1556 2162 de
1577 2126 1659 2162 uic·

128 2189 240 2226 toriis
267 2190 390 2239 partis
418 2189 456 2226 in
483 2187 623 2226 urbem
652 2188 877 2227 rumoribus
905 2189 1021 2227 delati
1048 2188 1204 2240 publice
1233 2191 1399 2239 expositi
1426 2185 1586 2242 erant.3)

212 2253 446 2304 Complexus
480 2260 609 2292 autem
644 2260 703 2292 est
729 2253 914 2292 Claudius
949 2254 1047 2292 libro
1082 2255 1207 2305 primo
1237 2266 1299 2292 res
1327 2253 1372 2292 ab
1400 2266 1432 2292 a.
1453 2251 1551 2293 390.
1573 2252 1659 2293 364

130 2320 334 2367 minimum
362 2332 486 2370 usque
515 2319 561 2357 ad
589 2332 620 2357 a.
649 2317 746 2358 320.
768 2316 958 2372 4340121
987 2321 1019 2357 si
1040 2332 1133 2358 uera
1156 2319 1202 2357 de
1232 2320 1275 2357 fr.
1298 2317 1352 2357 22
1381 2321 1569 2370 suspicati
1596 2332 1659 2358 su-

130 2396 233 2433 mus,
266 2396 390 2434 usque
418 2384 465 2422 ad
493 2397 524 2423 a.
546 2382 643 2422 311.
664 2381 782 2437 4453),
818 2385 981 2423 fortasse
1008 2397 1132 2435 usque
1160 2384 1206 2422 ad
1234 2386 1351 2422 linem
1379 2384 1540 2423 alterius
1566 2385 1660 2424 belli

130 2448 334 2487 Samnitici
363 2446 479 2490 (304.
500 2446 618 2503 4:30).
659 2462 758 2500 quae
795 2449 983 2500 reliquiae
1010 2462 1054 2488 ex
1090 2449 1212 2487 altero
1246 2449 1345 2487 libro
1373 2456 1586 2501 supersunt
1613 2463 1658 2489 ex

227 2581 257 2623 1)
286 2579 337 2614 Cf.
354 2580 514 2615 Gellium
532 2585 586 2623 17,
602 2586 633 2623 ⁶2,
650 2585 668 2615 3
691 2581 735 2615 de
757 2581 798 2615 fr.
817 2586 876 2615 22:
902 2582 1161 2616 “Inlatebrant'
1178 2583 1329 2616 uerbum
1344 2583 1524 2626 poeticum
1538 2583 1659 2617 uisum

129 2636 179 2668 est
204 2634 266 2668 sed
290 2645 363 2668 ozon
383 2635 583 2669 absurdum
602 2646 714 2679 neque
734 2646 912 2679 asperum.
952 2635 1027 2669 uid.
1049 2635 1170 2669 Maass
1191 2635 1229 2668 in
1247 2635 1356 2670 Areh.
1377 2636 1402 2678 f.
1424 2635 1573 2680 Leoeiyr.
1594 2634 1660 2668 XII

131 2697 164 2730 p.
182 2690 247 2720 546
270 2689 306 2720 et
329 2686 515 2721 Woelfflin
536 2687 624 2721 ibid.
648 2688 712 2721 XV
732 2700 766 2732 p.
786 2692 827 2722 16
840 2700 920 2731 sqq.

225 2741 259 2783 2)
285 2740 368 2774 Vid.
390 2741 575 2776 H'ahrheit
595 2754 631 2776 u.
653 2742 779 2776 Kunst
804 2753 827 2786 p
855 2745 935 2777 305.

171 2844 194 2878 d
226 2795 260 2835 3)
288 2792 340 2826 Ex
361 2804 460 2827 more
481 2805 546 2838 per
565 2794 689 2828 omnia
709 2798 877 2838 tempora
896 2794 1052 2840 uulgato
1072 2794 1165 2828 talia
1190 2793 1359 2829 luserunt
1379 2794 1493 2828 etiam
1513 2796 1660 2838 poetae,

132 2844 168 2877 ui
198 2872 205 2879 .
227 2846 310 2879 adn.
333 2848 379 2879 ad
401 2847 443 2880 fr.
467 2852 521 2882 (32.

203 2911 280 2935 nist.
298 2912 380 2936 nom.
402 2913 491 2944 1011,
512 2913 555 2937 ea.
573 2914 691 2938 Peter.
723 2914 765 2938 iza
789 2915 839 2939 ait,
1292 2907 1376 2940 XIX
