2002 3342
700 189 935 223 YALERNS
963 190 1138 225 ANTlAs
1517 207 1684 237 CCCXIX

150 301 330 350 quamuis
364 314 382 337 a
411 299 571 337 Claudio
606 306 687 338 arte
723 307 906 338 exornata
941 303 1036 351 sint,
1072 314 1204 340 rerum
1239 303 1417 342 ordinem
1453 311 1579 342 tamen
1608 317 1685 342 non

152 363 408 402 turbauerunt
438 376 564 414 neque
593 378 611 402 a
640 366 808 403 ueritate
829 365 978 416 l'olybii
1002 366 1206 405 decedunt.
1248 381 1336 406 cum
1364 368 1433 407 hac
1456 375 1584 408 autem
1607 382 1686 407 me—

152 431 274 467 moria
303 431 486 480 quoniam
514 428 644 480 Nepos
672 432 862 480 concinit,
897 432 1012 469 etiam
1042 432 1117 470 duo
1147 432 1321 483 decreta,
1349 434 1492 484 quihus
1520 434 1686 473 Valeria-

151 507 239 533 nam
269 496 422 532 refutat,
450 507 537 532 cum
567 507 610 532 ea
636 495 875 534 conectenda
898 502 987 534 sunt
1011 503 1044 534 et
1069 497 1115 535 ad
1137 498 1313 536 eiusdem
1336 501 1542 549 scriptoris
1564 506 1687 538 artem

152 559 377 609 reserenda,
414 572 487 609 qua
523 558 728 598 Claudium
766 561 961 610 insignem
997 563 1117 599 i'uisse
1151 561 1369 601 litterarum
1405 565 1609 603 consulum
1641 564 1688 603 ad

152 637 284 674 regem
313 624 504 674 Pyrrhum
539 626 748 663 missarum
784 625 961 676 exemplo
989 623 1054 677 (tr.
1076 623 1151 679 41)
1182 626 1382 666 discimus.
1432 629 1477 667 de
1505 630 1575 667 hac
1603 632 1687 681 qui-

159 689 246 728 dem
275 702 315 728 re
345 689 486 728 Nissen
513 688 662 740 p.204.
684 687 788 740 219,
821 690 1037 730 Mommsen
1058 705 1093 742 p.
1109 690 1216 743 4215,
1244 693 1373 743 Vnger
1393 694 1414 732 l.
1438 708 1466 732 s.
1489 708 1517 733 s.
1545 695 1688 746 aliique

154 757 417 795 consentiunt.

244 821 364 859 Nobis
409 827 537 858 autem
584 832 654 870 per
699 820 899 859 Liuianam
947 828 1068 860 artem
1114 822 1314 861 Valeriana
1362 826 1455 863 satis
1501 826 1689 877 perlucet,

152 889 323 939 primum
359 887 443 924 eius
477 885 714 935 malignitas,
752 898 826 936 qua
864 892 998 925 contra
1033 887 1214 926 Claudios
1255 888 1384 927 Fabiis
1423 893 1690 940 patrocinatus

156 952 359 991 Corneliae
387 952 497 1001 genti
524 950 654 989 Fabiis
684 951 849 989 infestae
877 951 1110 991 obtrectauit
1140 950 1237 1004 (uid.
1266 967 1300 1004 p.
1323 964 1452 993 XLVII
1468 953 1583 1009 sqq.)
1623 969 1690 995 ne-

155 1031 229 1070 que
263 1018 367 1056 enim
400 1017 484 1067 ipse
512 1016 551 1053 P.
574 1016 747 1054 Africani
780 1018 873 1054 min.
901 1019 1047 1055 mortui
1079 1018 1214 1057 laudes
1248 1027 1480 1070 persecutus
1509 1028 1588 1071 est,
1621 1022 1689 1060 sed

154 1096 243 1123 cum
278 1094 342 1120 eas
375 1082 533 1119 omnino
568 1086 698 1119 tacere
735 1094 811 1119 non
846 1089 995 1132 posset,
1029 1082 1186 1134 oblique
1221 1086 1304 1123 eius
1342 1085 1589 1125 aduersarios
1626 1100 1691 1125 eas

154 1154 383 1200 perorantes
419 1152 457 1185 et
488 1147 758 1185 imminuentes
793 1147 885 1185 fecit
912 1146 1339 1203 (Liu.38,5t,1—4)
1371 1163 1512 1202 resque
1541 1165 1559 1189 a
1586 1154 1691 1190 ueri-

156 1221 231 1253 tate
260 1225 376 1264 saepe
406 1211 612 1250 discedens
640 1213 690 1249 ita
719 1213 991 1263 conformauit,
1018 1220 1059 1252 ut
1089 1215 1174 1253 eius
1202 1218 1460 1254 constantiam
1491 1217 1690 1256 fiduciam-

156 1293 230 1331 que
271 1280 391 1317 animi
432 1278 543 1315 initio
585 1283 781 1315 seruatam
820 1277 1006 1328 paulatim
1044 1286 1267 1317 remoueret
1307 1293 1474 1331 eumque
1517 1281 1691 1320 tribuno-

157 1358 243 1384 rum
277 1344 488 1382 certamina
527 1348 750 1381 auersatum
784 1355 899 1380 causa
932 1355 998 1381 sua
1034 1343 1241 1394 desperata
1274 1345 1521 1384 muliebriter
1558 1349 1595 1385 in
1630 1347 1690 1385 Li-

157 1411 355 1449 terninum
392 1408 609 1446 decessisse
643 1414 823 1446 narraret
855 1408 1095 1459 fratremque
1123 1409 1287 1448 Lucium
1318 1410 1403 1448 aliis
1431 1413 1531 1449 uiris
1560 1411 1691 1450 defen-

157 1475 326 1514 dendum
362 1473 581 1524 reliquisse.
629 1479 762 1523 aperte
795 1478 925 1511 tamen
959 1485 1007 1511 ne
1040 1473 1220 1524 uulgatae
1255 1474 1504 1514 admirationi
1536 1476 1692 1515 obuiam

156 1543 249 1591 iret,
280 1538 552 1578 misericordia
587 1550 671 1576 eam
707 1537 928 1576 deturhauit
962 1541 1245 1590 proposuitque
1281 1541 1503 1592 exemplum
1540 1541 1692 1580 subitae

157 1607 335 1645 fortunae
357 1605 559 1643 hominum
581 1603 882 1654 uicissitudinis,
904 1610 1179 1654 argumentum
1202 1605 1406 1644 rhetorum
1428 1607 1606 1644 artificiis
1628 1606 1691 1645 ad-

158 1671 315 1710 modum
338 1676 613 1721 opportunum,
635 1681 723 1707 nam
747 1674 823 1707 tota
845 1675 1049 1720 poetarum
1071 1671 1310 1720 tragicorum
1331 1670 1492 1709 ubertas
1508 1673 1564 1710 eis
1586 1679 1692 1723 pate-

157 1737 232 1776 bat.
273 1738 403 1787 itaque
424 1741 631 1786 postquam
654 1734 809 1773 Coelius
831 1736 1102 1774 traiectionem
1126 1735 1339 1774 uerborum
1363 1749 1693 1788 numerosamque

159 1803 443 1841 sententiarum
478 1800 771 1839 conclusionem
806 1812 851 1838 ex
885 1800 1087 1839 rhetorum
1116 1807 1198 1839 arte
1226 1803 1266 1839 in
1300 1801 1505 1840 historiam
1531 1803 1694 1853 inuexit,

159 1867 344 1907 Claudius
366 1867 640 1916 antiquitatem
661 1867 849 1904 orationis
871 1865 947 1903 sibi
968 1865 1259 1917 redintegrasse
1280 1868 1391 1906 uisus
1413 1873 1483 1918 est,
1504 1867 1694 1919 Valerius,

156 1934 390 1985 praesertim
418 1937 459 1970 ut
487 1932 590 1970 hunc
618 1932 734 1969 etiam
761 1936 843 1969 arte
866 1938 1072 1982 superaret
1098 1938 1134 1970 et
1162 1931 1403 1983 obscuraret,
1432 1935 1575 1984 spretis
1604 1946 1692 1972 uer-

158 1998 296 2037 borum
325 1998 503 2036 artificiis
530 2009 631 2035 noua
660 2008 791 2034 rerum
818 1996 1126 2035 conformatione
1154 2009 1290 2035 eorum
1319 1999 1386 2048 qui
1413 1997 1586 2048 legerent
1615 2011 1694 2037 non

159 2063 284 2102 solum
312 2063 462 2100 animos
486 2061 678 2100 delectare
706 2061 776 2100 sed
797 2063 912 2100 etiam
936 2074 1186 2100 commouere
1209 2069 1244 2099 et
1269 2062 1444 2101 detinere
1466 2063 1692 2102 conabatur.

160 2130 215 2167 sic
249 2141 288 2166 se
323 2127 369 2166 ad
403 2140 469 2165 eos
497 2127 757 2177 Theophrasti
792 2126 1005 2177 discipulos
1039 2128 1176 2177 uertit,
1211 2129 1278 2178 qui
1312 2127 1414 2179 apud
1443 2128 1612 2167 Graecos
1648 2128 1694 2167 de

159 2200 264 2233 secta
290 2193 474 2231 Isocratis
502 2192 724 2231 defecerant
754 2198 791 2229 et
819 2191 938 2230 rebus
960 2204 1005 2230 ex
1032 2193 1137 2231 uitae
1166 2194 1290 2243 ipsius
1317 2194 1508 2231 uarietate
1532 2195 1693 2244 conqui-

160 2258 294 2298 rendis
321 2264 359 2297 et
385 2260 625 2309 tragicorum
654 2257 831 2308 exemplo
859 2263 1040 2295 accurate
1069 2257 1329 2308 depingendis
1357 2271 1514 2309 operam
1550 2271 1694 2297 nauare

159 2324 357 2363 malebant
376 2336 492 2375 quam
514 2322 648 2362 uerbis
670 2324 783 2361 anxie
805 2322 1084 2373 perpoliendis.
1096 2319 1128 2376 1)
1162 2324 1363 2374 principes
1379 2336 1514 2362 eorum
1537 2324 1697 2362 fuerunt

162 2390 276 2428 Duris
298 2395 333 2427 et
356 2388 607 2439 Phylarchus,
635 2400 802 2439 quorum
823 2387 900 2438 ille,
930 2388 1033 2438 quod
1054 2389 1177 2438 ipsam
1202 2389 1321 2427 uitam
1343 2390 1498 2427 curiose
1520 2390 1695 2427 imitatus

161 2462 255 2505 erat,
283 2455 400 2493 etiam
426 2455 536 2492 uitiis
563 2450 744 2505 (potandi
771 2459 810 2492 et
835 2452 1021 2505 saltandi)
1054 2453 1274 2504 descriptis,
1301 2453 1511 2492 mulierum
1538 2455 1694 2504 potissi-

162 2532 280 2569 mum,
308 2532 396 2557 cum
421 2531 469 2557 ne
490 2518 708 2569 Penelopae
730 2517 888 2569 quidem
916 2517 1128 2569 pudicitiae
1156 2525 1336 2569 parceret
1357 2517 1421 2570 (fr.
1443 2516 1532 2572 42),
1560 2525 1597 2557 et
1623 2521 1695 2557 im-

162 2586 333 2636 prouisis
370 2584 488 2623 rebus
523 2584 703 2623 homines
736 2585 899 2622 minime
933 2585 1138 2634 opinantes
1171 2590 1451 2634 occupauerat,
1486 2586 1695 2622 ueritatem

163 2652 279 2689 etiam
308 2651 501 2699 numeris,
528 2662 625 2700 quos
653 2649 796 2688 addere
825 2648 989 2699 solebat,
1024 2648 1234 2687 immodice
1263 2648 1509 2700 amplificatis
1537 2649 1598 2697 (sr.
1619 2646 1696 2702 40)

260 2789 292 2831 1)
320 2787 371 2821 Cf.
393 2786 431 2821 P.
454 2786 618 2822 Scheller
645 2787 701 2821 De
726 2787 948 2822 hellenistica
980 2787 1152 2821 historiae
1184 2785 1461 2821 conscribendae
1493 2791 1569 2821 arte
1596 2787 1696 2830 (diss.

164 2840 262 2884 Lips.
281 2842 396 2883 1911).
