2002 3342
458 226 652 260 VALERII
681 225 902 260 ANTIATIS
930 224 1161 260 ANNALES.
1203 226 1243 259 t'r.
1266 229 1310 259 45
1563 226 1645 267 261

119 345 201 390 tus‘,
239 338 277 377 L.
306 338 435 389 Scipio
474 337 653 375 morbum
687 349 826 375 causae
861 349 946 374 esse
981 349 1052 374 cur
1084 336 1239 375 abesset
1266 336 1485 375 excusabat.
1532 349 1647 387 quam

118 406 411 443 excusationem
440 416 528 441 cum
557 402 716 452 tribuni,
743 403 811 452 qui
839 400 941 439 diem
970 401 1161 452 dixerant,
1188 415 1265 440 non
1293 404 1518 452 acciperent
1542 409 1580 441 et
1601 402 1648 440 ab

117 469 254 508 eadem
276 468 459 519 superbia
481 480 558 506 non
579 468 717 505 uenire
739 466 786 505 ad
807 479 964 505 causam
982 466 1185 505 dicendam
1207 473 1429 518 arguerent,
1452 479 1524 518 qua
1548 467 1648 505 iudi-

116 536 221 573 cium
249 541 287 573 et.
313 533 491 572 tribunos
519 532 644 583 plebis
672 538 710 570 et
736 534 958 570 contionem
987 531 1222 583 reliquisset,
1250 539 1289 571 et
1309 533 1450 583 quibus
1478 534 1538 571 ius
1560 545 1647 571 sen-

81 613 96 639 5
117 601 262 638 tentiae
291 598 337 637 de
364 611 406 637 se
435 596 623 636 dicendae
650 603 689 635 et
714 596 935 635 libertatem
957 597 1181 648 ademisset,
1208 598 1268 635 his
1293 599 1512 649 comitatus,
1538 598 1650 637 uelut

115 670 248 715 captos
276 664 448 714 trahens,
473 663 719 714 triumphum
747 662 792 701 de
820 662 963 713 populo
984 662 1157 701 Romano
1178 664 1336 713 egisset,
1363 665 1647 702 secessionem-

115 742 190 781 que
224 742 268 767 eo
303 729 364 767 die
397 730 437 766 in
466 728 700 779 Capitolium
733 741 753 766 a
788 727 956 766 tribunis
990 727 1115 778 plebis
1149 729 1307 766 fecisset
1339 725 1526 782 (‘liabetis
1554 742 1646 780 ergo

115 796 349 833 temeritatis
377 794 482 832 illius
509 793 750 845 mercedem3
778 806 854 844 quo
884 793 981 831 duce
1010 799 1047 832 et
1070 798 1230 831 auctore
1252 806 1322 831 nos
1345 793 1572 845 reliquistis,
1600 795 1646 832 ab

114 872 159 898 eo
187 861 262 910 ipsi
290 859 417 898 relicti
444 861 551 909 estis,
579 864 617 897 et
643 864 793 897 tantum
815 860 1037 897 animorum
1064 859 1104 896 in
1126 858 1209 896 dies
1236 858 1349 897 nobis
1371 858 1578 909 decrescit,
1604 866 1649 898 ut

61 940 93 964 ιο
115 924 162 963 ad
195 937 311 976 quem
345 930 434 963 ante
468 937 589 962 annos
623 923 905 975 septemdecim
933 925 1151 962 exercitum
1179 929 1218 962 et
1244 923 1411 962 classem
1438 924 1646 963 habentem

114 989 292 1029 tribunos
312 989 438 1041 plebis
459 988 703 1040 aedilemque
724 990 881 1028 mittere
903 991 942 1027 in
965 989 1140 1027 Siciliam
1161 991 1247 1027 ausi
1268 1002 1419 1039 sumus,
1442 991 1508 1040 qui
1531 1002 1646 1040 pren-

112 1054 252 1094 derent
284 1068 372 1094 eum
406 1061 445 1093 et
470 1054 631 1093 llomam
667 1054 921 1105 reducerent,
955 1054 1001 1092 ad
1028 1066 1118 1093 eum
1151 1056 1349 1105 priuatum
1383 1067 1429 1092 ex
1456 1054 1549 1093 uilla
1577 1068 1645 1093 sua

112 1120 397 1159 extrahendum
425 1119 471 1159 ad
503 1132 658 1158 causam
686 1119 891 1158 dicendam
918 1121 1075 1158 mittere
1103 1132 1181 1158 non
1208 1116 1470 1173 audeamus')‚
1497 1120 1646 1158 tribuni

113 1185 239 1236 plebis
266 1185 447 1237 appellati
474 1185 520 1224 ab
551 1185 587 1223 L.
611 1186 795 1236 Scipione
828 1186 880 1223 ita
909 1183 1189 1236 decreuerunt,
1223 1187 1257 1223 si
1282 1184 1410 1223 morbi
1437 1197 1553 1224 causa
1582 1198 1646 1223 ex-

59 1265 92 1291 15
113 1256 330 1301 cusaretur,
357 1250 432 1289 sibi
458 1250 614 1302 placere
640 1251 765 1301 accipi
793 1262 877 1288 eam
905 1263 1062 1288 causam
1088 1249 1270 1301 diemque
1298 1250 1344 1288 ab
1371 1249 1531 1301 collegis
1558 1263 1646 1301 pro-

113 1315 201 1355 dici.
241 1316 424 1354 tribunus
450 1315 576 1367 plebis
603 1328 648 1354 eo
676 1321 852 1366 tempore
873 1315 932 1354 Ti.
952 1315 1210 1366 Sempronius
1232 1315 1432 1354 Gracchus
1459 1322 1552 1365 erat,
1580 1317 1643 1355 cui
1669 1315 1693 1349 h

111 1382 341 1420 inimicitiae
369 1394 458 1419 cum
483 1381 522 1419 P.
545 1381 728 1432 Scipione
755 1380 1064 1420 intercedebant.
1104 1382 1137 1419 is
1165 1394 1253 1419 cum
1281 1382 1476 1420 uetuisset
1502 1393 1645 1420 nomen

110 1459 225 1485 suum
254 1446 413 1485 decreto
440 1446 677 1497 collegarum
706 1446 889 1497 adscribi,
921 1447 1218 1497 tristioremque
1245 1459 1382 1485 omnes
1408 1447 1644 1485 sententiam

111 1518 403 1563 exspectarent,
437 1513 489 1550 ita
517 1511 711 1562 decreuit,
744 1524 832 1550 curn
867 1512 907 1550 L.
936 1512 1066 1562 Scipio
1094 1518 1323 1550 excusasset
1348 1511 1529 1550 morbum
1558 1523 1645 1549 esse

56 1590 89 1616 20
110 1590 250 1616 causae
279 1578 408 1628 fratri,
440 1578 534 1615 satis
562 1576 601 1615 id
628 1577 703 1616 sibi
729 1576 870 1615 uideri,
911 1590 952 1615 se
981 1576 1019 1615 P.
1042 1578 1287 1628 Scipionem,
1312 1578 1543 1628 priusquam
1571 1576 1646 1613 ito-

111 1655 214 1691 mam
242 1642 428 1694 redisset,
454 1643 632 1681 accusari
657 1654 734 1680 non
762 1654 983 1693 passurum.
1024 1649 1105 1680 tum
1133 1655 1307 1693 quoque,
1334 1643 1367 1680 si
1394 1654 1436 1680 se
1464 1641 1647 1693 appellet,

110 1707 253 1747 auxilio
287 1709 323 1747 ei
350 1708 545 1758 futurum,
578 1720 625 1745 ne
657 1719 814 1745 causam
843 1706 956 1746 dicat.
996 1707 1044 1746 ad
1071 1707 1109 1746 id
1137 1708 1337 1758 fastigium
1365 1707 1484 1745 rebus
1511 1708 1646 1757 gestis,

109 1773 323 1813 honoribus
355 1773 489 1824 populi
521 1772 686 1811 Romani
716 1772 756 1811 P.
783 1772 1007 1824 Scipionem
1043 1772 1205 1811 deorum
1238 1773 1520 1823 hominumque
1553 1784 1645 1810 con-

109 1851 229 1878 sensu
255 1839 506 1890 peruenisse,
538 1843 582 1876 ut
608 1837 680 1876 sub
714 1840 854 1876 rostris
882 1850 994 1877 reum
1022 1843 1125 1876 stare
1153 1843 1192 1876 et
1216 1837 1409 1889 praebere
1436 1849 1551 1876 aures
1579 1837 1644 1876 ad-

25 1933 27 1935 .
54 1920 87 1945 25
108 1904 369 1944 ulescentium
397 1904 588 1942 conuiciis
616 1902 757 1954 populo
784 1902 958 1942 Romano
985 1904 1110 1954 magis
1138 1902 1310 1942 deforme
1338 1915 1453 1954 quam
1482 1904 1557 1953 ipsi
1582 1904 1643 1941 sit.

110 1965 163 2024 (c.
188 1965 276 2023 53.)
310 1968 454 2007 adiecit
483 1969 640 2007 decreto
666 1968 996 2019 indignationem:
1024 1967 1120 2007 ‘Sub
1148 1968 1314 2019 pedibus
1341 1969 1486 2007 uestris
1514 1968 1643 2020 stabit,
1672 1967 1682 2000 i

109 2035 269 2085 tribuni,
298 2033 467 2073 domitor
492 2033 555 2072 ille
582 2034 735 2072 Africae
760 2032 921 2085 Scipio?
959 2033 1048 2072 ideo
1075 2039 1260 2085 quattuor
1285 2033 1552 2072 nobilissimos
1576 2034 1644 2073 du-

203 2172 313 2207 h—k.
340 2173 398 2207 De
422 2172 490 2206 hac
519 2171 676 2207 Gracchi
701 2172 963 2214 intercessione,
989 2171 1032 2206 de
1056 2183 1127 2215 qua
1148 2172 1303 2206 Liuium
1324 2171 1401 2206 Dio
1428 2172 1490 2215 (fr.
1508 2175 1571 2216 62)
1592 2184 1642 2207 se-

106 2225 212 2256 cutus
237 2224 298 2263 est,
323 2220 400 2254 uid.
421 2230 534 2264 supra
557 2231 593 2263 p.
611 2229 821 2263 CCCXVllsq.

200 2351 222 2388 6
258 2349 304 2386 de
330 2349 396 2387 Po.
418 2350 596 2387 Romano
622 2350 728 2396 Moy.
762 2349 899 2397 populi
925 2348 1095 2386 Romani
1127 2352 1195 2386 aut
1226 2349 1266 2386 P.
1292 2349 1336 2386 R.
1364 2350 1454 2387 libra·
1485 2361 1555 2387 rec.

109 2410 146 2446 6.
164 2411 185 2446 7
209 2410 463 2447 secessionem
492 2421 536 2446 eo
563 2408 625 2446 die
646 2410 708 2446 aec
739 2408 993 2446 secessionem
1015 2408 1163 2445 Romae
1184 2421 1228 2445 eo
1250 2408 1312 2445 die
1341 2410 1399 2446 acl
1428 2410 1641 2447 concessio-

108 2481 195 2505 nem
217 2468 353 2506 eodem
378 2468 440 2505 die
466 2469 557 2506 libret
577 2480 646 2506 ree.
745 2470 768 2505 9
796 2470 841 2504 ut
861 2468 1038 2505 additum
1059 2479 1103 2504 βω
1121 2467 1240 2515 Moy„
1266 2469 1309 2505 in
1335 2469 1398 2506 lib.
1420 2480 1490 2505 rec.
1511 2480 1582 2506 om.

110 2529 164 2566 10
193 2527 242 2565 ad
263 2540 377 2576 quem
399 2530 517 2564 antea
537 2529 750 2564 exercitum
777 2528 867 2565 libri
886 2539 956 2565 rec.
1020 2529 1110 2564 ante
1138 2540 1260 2564 annos
1282 2527 1506 2576 quindecim
1534 2528 1640 2575 3109.

108 2590 199 2624 ante
220 2588 332 2624 aunis
353 2587 631 2635 septemdecim
650 2586 780 2623 Aldus
812 2589 902 2623 ante
923 2598 1046 2623 annos
1067 2586 1345 2634 septemdecim
1369 2587 1520 2624 Greuer.
1549 2600 1641 2624 nam

107 2657 206 2692 quae
232 2657 291 2683 res
314 2646 542 2683 obuersatur
567 2646 745 2689 tribunis,
771 2647 905 2683 {malit
930 2647 971 2682 m
997 2658 1032 2682 α.
1053 2647 1151 2683 204.
1175 2646 1270 2683 550.
1297 2658 1351 2683 an
1372 2658 1479 2683 error
1500 2649 1551 2683 cst
1571 2646 1641 2684 Le·-

106 2706 164 2743 uia·
188 2716 257 2742 seu
283 2705 456 2743 Valerii?
558 2707 606 2742 11
635 2705 838 2742 tribunum
865 2706 970 2753 Moy.
1002 2704 1181 2742 tribunos
1209 2716 1233 2748 ς
1258 2707 1305 2753 cf.
1326 2706 1417 2743 Lim.
1439 2707 1580 2748 2220

109 2756 177 2801 14*
197 2766 242 2802 ut
273 2765 306 2801 si
330 2763 506 2810 plerique
532 2776 556 2808 ς
681 2765 731 2801 15
767 2764 815 2802 ad
849 2764 1021 2812 collegas
1053 2765 1128 2801 <leco
1159 2776 1183 2807 ς
1308 2765 1442 2801 1516
1477 2765 1639 2813 produci

101 2823 280 2873 plerique
305 2835 329 2866 ς
455 2824 504 2860 16
533 2824 592 2860 Ti.
620 2824 675 2861 ed.
695 2824 793 2861 Bas.
825 2826 852 2860 t.
880 2834 904 2866 ς
1018 2826 1067 2861 19
1096 2826 1319 2861 excusasset
1344 2824 1449 2871 Moy.
1484 2827 1639 2861 excuset

106 2882 210 2930 uuly.
319 2883 384 2921 19.
401 2884 454 2920 20
480 2882 658 2920 morbum
686 2895 827 2920 causae
853 2894 935 2919 esse
962 2883 1032 2920 alii
1059 2895 1082 2926 ς
1193 2885 1245 2920 27
1276 2883 1408 2932 Scipio
1435 2883 1506 2920 (tvl.
1530 2884 1640 2920 (labet
