2002 3342
740 420 789 465 L.
831 419 1200 467 SCRIBONIVS
1238 421 1380 467 LIBO

385 528 521 565 (Iit-ero
548 532 588 564 ut
618 528 747 576 sciret,
776 528 840 577 qui
867 526 1001 565 decem
1030 527 1143 577 legati
1164 527 1350 565 Mummio
1377 533 1463 578 post
1485 540 1665 567 euersam
1687 530 1822 569 Corin-

296 593 405 631 thum
433 589 483 644 (a.
508 589 602 630 146.
625 588 730 645 608)
759 593 943 643 fuissent,
977 593 1017 629 111
1046 591 1194 630 duabus
1226 593 1403 642 epistulis
1431 593 1477 631 ad
1505 594 1674 633 Atticum
1702 608 1732 633 a.
1753 592 1821 634 45.

296 655 380 697 709
410 657 508 695 datis
529 654 616 709 (13,
633 654 760 708 30‚3;
782 654 849 706 32,
866 654 903 695 3.
931 657 976 695 fr.
997 656 1030 694 1.
1053 655 1098 709 2)
1120 656 1279 695 Libonis
1307 658 1519 696 annalem
1549 671 1589 697 se
1617 661 1657 697 in
1683 672 1822 699 manus

295 724 511 773 sumpsisse
541 721 650 772 dicit,
684 723 750 772 (1111
781 722 937 772 quidem
966 720 1116 760 annalis
1143 734 1335 772 nusquam
1363 722 1455 760 alibi
1483 730 1822 775 commemoratur,

294 793 337 827 ut
363 787 459 826 nihil
487 788 563 825 nisi
589 787 663 825 hoc.
688 799 811 825 unum
839 793 945 825 certo
973 792 1136 837 constet,
1164 799 1252 825 eum
1281 788 1470 837 scriptum
1497 800 1581 826 esse
1604 789 1825 828 3111611111111.

295 866 326 892 3.
348 850 416 891 45.
440 850 535 891 709.
576 852 727 903 3111111113
760 853 880 902 igitur
912 857 1018 902 patet
1044 853 1282 890 coniecturis
1310 865 1481 903 campus.
1522 859 1636 903 atque
1664 853 1822 893 Vossius

294 918 470 969 quidem,
498 930 613 968 quem
641 918 767 955 secuti
794 922 885 955 311111
912 914 1234 967 111-3113611138,
1269 916 1417 956 Closset
1439 931 1473 968 p.
1490 916 1588 968 461,
1615 917 1763 969 Kayser
1782 921 1822 957 in

294 983 373 1022 ind.
397 996 499 1021 nom.
516 984 593 1021 (lic.
615 996 651 1033 p.
666 980 764 1031 468,
786 982 863 1033 alii,
885 981 930 1020 de
953 982 992 1019 L.
1009 981 1214 1020 Scribonio
1237 982 1382 1021 Libone
1404 984 1603 1033 cogitauit,
1630 985 1695 1034 qui
1716 997 1823 1023 acer-

295 1050 393 1087 rime
427 1048 615 1087 suadente
648 1047 791 1086 Catone
820 1061 850 1085 a.
869 1045 963 1086 149.
986 1044 1071 1086 605
1100 1046 1281 1085 tribunus
1308 1047 1433 1098 plebis
1460 1049 1703 1098 rogationem
1735 1061 1823 1100 pro-

294 1114 501 1164 mulgauit,
531 1111 589 1151 tut.
616 1113 810 1163 Lusitani,
845 1114 911 1163 (1111
944 1114 983 1150 111
1019 1112 1134 1150 fidem
1167 1112 1301 1163 populi
1327 1111 1491 1151 Romani
1520 1113 1640 1151 dediti
1667 1113 1712 1152 ab
1740 1114 1823 1153 Ser.

296 1178 413 1218 Galba
430 1180 469 1217 111
485 1178 645 1217 Galliam
662 1179 880 1228 uenissent,
896 1179 934 1215 111
950 1177 1173 1216 libertatem
1188 1176 1508 1216 restituerentur⁷
1525 1174 1628 1231 (Liu.
1644 1191 1724 1229 per.
1734 1176 1824 1233 49),

295 1258 411 1296 quem
446 1256 523 1282 11011
555 1245 745 1281 infantem
780 1243 901 1281 fuisse
929 1256 975 1281 ex
1003 1242 1245 1281 orationihus
1272 1242 1446 1293 intellegi
1474 1243 1610 1281 Cicero
1636 1244 1676 1281 in
1703 1243 1824 1282 Bruto

296 1306 469 1364 (93,90)
492 1309 670 1347 affirmat.
706 1309 851 1346 rectius
872 1313 1001 1346 tamen
1019 1308 1365 1358 Schweighaeuser
1385 1307 1431 1346 ad
1446 1308 1606 1358 Appian.
1622 1308 1656 1346 11.
1675 1321 1705 1347 c.
1721 1306 1822 1359 3,77

295 1376 335 1414 L.
358 1374 607 1413 Scribonium
629 1373 829 1423 Libonem,
857 1373 964 1411 Sexti
985 1373 1145 1423 Pompei
1172 1385 1365 1422 socerum,
1391 1372 1500 1411 illum
1528 1373 1707 1411 annalem
1734 1386 1825 1412 con-

297 1441 444 1479 didisse
471 1440 639 1478 coniecit
670 1438 931 1489 prohauitque
958 1438 1005 1476 M.
1033 1438 1208 1488 Hertzio,
1241 1439 1308 1488 qui
1342 1437 1452 1476 docta
1480 1443 1518 1476 et
1545 1438 1721 1489 diligenti
1750 1438 1826 1477 dis-

296 1507 497 1557 putatione
520 1516 604 1543 eam
626 1516 721 1554 rem,
744 1503 869 1554 quoad
891 1504 977 1542 sieri
997 1504 1134 1554 potuit,
1156 1503 1202 1541 ad
1223 1503 1415 1554 liquidum
1435 1503 1619 1554 perduxit
1636 1500 1716 1555 (De
1736 1505 1824 1543 [ἐν.

293 1572 443 1622 fraym.
472 1575 676 1609 comment.
694 1575 807 1618 pari.
835 1570 891 1607 IJ.
918 1568 996 1607 ind.
1025 1568 1111 1607 lect.
1138 1568 1216 1606 hih.
1238 1568 1391 1607 Vratisl.
1416 1566 1529 1607 1864
1555 1566 1824 1622 p.13—17).

295 1636 359 1675 ille
388 1637 492 1674 enim
520 1635 668 1673 amicus
696 1635 768 1672 fuit
792 1634 954 1685 Pompei
974 1633 1102 1684 Magni
1128 1633 1309 1684 belloque
1337 1633 1446 1672 ciuili
1472 1639 1556 1672 orto
1584 1635 1668 1672 eius
1693 1640 1825 1685 partes

294 1701 496 1753 amplexus
518 1705 587 1739 est.
620 1701 661 1737 in
682 1701 766 1750 ipso
788 1699 889 1737 bello
906 1699 1021 1737 classi
1043 1698 1196 1737 cuidam
1210 1699 1433 1750 praefectus
1447 1700 1574 1749 primo
1588 1698 1825 1737 Dolabellam

294 1780 341 1805 ex
362 1766 549 1804 Dalmatia
575 1764 726 1815 pepulit
746 1764 963 1815 Gaiumque
984 1765 1196 1802 Antonium
1220 1765 1335 1815 cepit,
1362 1769 1445 1802 tum
1465 1776 1560 1802 uero
1582 1764 1727 1802 frustra
1754 1765 1825 1802 im-

294 1831 457 1883 pediuit,
476 1843 523 1869 ne
539 1830 586 1868 M.
602 1830 792 1868 Antonius
808 1829 1029 1868 Brundusio
1050 1831 1090 1867 in
1113 1829 1315 1867 Graeciam
1336 1830 1530 1867 traiceret.
1564 1830 1825 1879 gratissimam

296 1903 423 1936 tamen
458 1908 616 1947 operam
650 1900 685 1933 61
720 1895 904 1945 Pompeio
938 1900 977 1933 et
1012 1896 1070 1933 rei
1103 1893 1282 1945 publicae
1315 1894 1415 1932 hanc
1442 1893 1638 1944 praebuit,
1670 1899 1714 1932 ut
1739 1896 1826 1945 paci

295 1960 561 2000 conciliandae
595 1972 753 2011 operam
788 1959 914 2010 daret,
947 1961 1073 2011 primo
1109 1960 1251 1998 frustra
1285 1960 1390 1997 inter
1417 1958 1623 1998 Caesarem
1651 1964 1689 1997 et
1714 1958 1825 1997 Pom-

294 2028 426 2078 peium
454 2026 654 2076 Magnum,
687 2030 770 2063 tum
803 2026 1031 2076 prosperius
1061 2026 1165 2063 inter
1191 2024 1351 2063 Sextum
1378 2024 1609 2074 Pompeium
1636 2035 1825 2074 generum

295 2098 335 2131 et
373 2091 628 2130 Octauianum
668 2091 976 2141 Antoniumque,
1017 2090 1184 2140 denique
1223 2090 1270 2128 ad
1302 2090 1511 2128 Antonium
1552 2094 1824 2139 transgressus

294 2170 326 2196 a.
344 2155 412 2196 34.
436 2154 520 2195 720
546 2156 679 2194 consul
711 2157 835 2194 sactus
863 2152 971 2209 estl)

384 2222 627 2272 Quamquam
655 2226 783 2259 autem
806 2221 910 2259 hunc
930 2220 1120 2259 Libonem
1141 2221 1269 2270 ipsum
1291 2221 1330 2258 in
1351 2219 1494 2258 litteris
1516 2225 1716 2258 uersatum
1738 2231 1825 2258 esse

295 2300 373 2326 non
401 2293 460 2326 est
485 2286 689 2336 traditum,
716 2291 864 2337 tamen,
900 2287 933 2324 si
961 2299 1006 2325 ex
1034 2287 1169 2324 amicis
1196 2285 1289 2323 licet
1317 2284 1565 2335 concludere,
1593 2284 1639 2323 ab
1667 2286 1723 2323 eis
1749 2296 1827 2322 non

294 2353 454 2392 uidetur
481 2352 632 2390 alienus
660 2352 793 2390 fuisse.
834 2353 1023 2390 nimirum
1048 2350 1233 2389 utebatur
1259 2350 1323 2389 ille
1358 2349 1621 2388 familiaritate
1648 2349 1695 2388 M.
1716 2349 1828 2388 Marii

295 2415 394 2471 (Cic.
416 2417 462 2455 ad
484 2418 571 2455 sam.
589 2414 625 2467 7,
640 2414 786 2470 1—4),
807 2417 976 2454 hominis
997 2416 1272 2455 humanissimi
1294 2420 1331 2454 et
1354 2415 1583 2465 doctissimi,
1605 2419 1644 2453 et
1664 2420 1746 2452 arta
1767 2414 1827 2453 lit-

292 2488 469 2522 terarum
491 2483 676 2521 societate
699 2483 932 2520 coniunctus
954 2486 1037 2520 erat
1058 2494 1147 2519 cum
1168 2482 1253 2532 ipso
1271 2480 1460 2519 Cicerone
1483 2485 1520 2518 et
1541 2492 1629 2518 cum
1644 2479 1827 2529 Varrone,

295 2550 363 2599 qui
389 2559 645 2598 quaecunque
667 2546 864 2585 scribebat
885 2560 973 2585 cum
996 2559 1039 2585 eo
1061 2547 1373 2585 communicasse
1394 2545 1553 2584 uidetur
1574 2550 1689 2595 atque
1710 2546 1827 2583 etiam

295 2613 417 2651 libros
450 2612 637 2663 quosdam
671 2611 718 2650 ad
752 2624 839 2650 eum
874 2613 982 2650 misit
1014 2608 1112 2665 (Cic.
1135 2611 1181 2649 ad
1202 2612 1290 2649 fam.
1315 2609 1351 2661 7,
1367 2608 1405 2649 4.
1441 2610 1546 2649 acad.
1568 2615 1666 2661 post.
1684 2609 1719 2660 1,
1738 2609 1773 2660 1,
1789 2607 1826 2648 3.

294 2673 941 2730 (1111130111Ο1)1130.11111.41)7).
981 2690 1001 2715 a
1034 2677 1100 2715 tali
1133 2678 1253 2727 igitur
1286 2676 1442 2714 homine
1477 2675 1626 2714 annalis
1654 2676 1826 2713 conscri-

391 2812 424 2854 1)
447 2809 539 2843 Vide
560 2809 605 2843 de
626 2810 696 2843 hoe
711 2808 1002 2853 Prosopograph.
1024 2809 1112 2852 imp.
1127 2807 1292 2843 Rom.111
1306 2820 1341 2852 p.
1356 2810 1421 2842 184
1437 2819 1470 2841 n.
1485 2810 1564 2841 210.
1598 2806 1638 2841 G.
1652 2807 1689 2840 F.
1702 2806 1826 2852 Vnger

292 2863 331 2897 in
357 2863 535 2897 Fleckeis.
558 2873 641 2897 ann.
665 2862 806 2898 CXLIII
825 2875 860 2907 p.
878 2866 1074 2897 644—649.
