2002 3342
601 186 903 220 SEMPRONIVS
931 186 1126 220 ASELLIO
1478 199 1628 229 CCXLV

102 300 392 349 interfuissent,
426 298 562 336 audire
590 303 740 348 posset,
775 298 951 347 scripsit,
988 303 1117 336 tamen
1151 311 1265 337 nemo
1300 311 1432 337 rerum
1467 299 1636 348 scriptor

103 377 192 402 eum
222 364 409 414 laudauit,
447 369 489 402 ut
516 376 612 414 quae
648 375 694 401 ex
722 363 807 400 eius
834 361 945 400 libris
980 363 1193 413 fragmenta
1228 370 1381 403 seruata
1416 369 1524 413 sunt,
1564 362 1636 401 soli

104 430 447 479 grainmaticorum
476 428 714 479 diligentiae,
738 429 803 478 qui
830 426 1043 465 uerborum
1071 441 1185 467 eausa
1217 431 1301 468 eius
1334 429 1455 468 libros
1481 428 1635 479 peruol-

103 500 258 545 nerant,
294 493 515 533 debeamus.
561 491 685 544 quid?
731 492 833 543 quod
870 497 1025 542 praeter
1059 494 1287 533 Ciceronem
1326 500 1413 533 ante
1449 493 1634 531 Hadriani

103 565 267 598 aetatem
301 561 459 597 omnino
494 571 607 597 nemo
642 560 726 597 eius
760 569 807 595 ne
841 558 1081 596 mentionem
1116 559 1274 609 quidem
1307 555 1485 612 iniecitss)
1520 563 1635 608 atque

103 638 150 663 ne
185 627 223 663 in
257 624 370 663 Gellii
403 624 561 675 quidem
595 624 789 673 notitiam,
829 621 931 672 apud
970 636 1086 673 quem
1127 623 1285 663 dimidia
1328 626 1635 675 fragmentorum

104 702 192 740 pars
214 686 271 742 (1.
287 687 325 727 2.
341 687 379 728 5.
396 687 432 728 6.
452 687 486 727 7.
504 686 541 727 8.
562 687 626 727 10.
646 684 718 741 11)
741 692 877 737 exstat,
905 690 1099 740 peruenit,
1128 691 1205 728 nisi
1225 696 1478 741 posteaquam
1501 693 1636 727 noctes

102 755 249 793 Atticae
273 756 347 793 iam
369 754 415 793 ad
438 755 554 793 finem
576 754 788 805 perductae
811 758 902 790 sunt
924 747 1134 806 (Meroklin
1155 756 1463 794 Cz'tiermetlzode
1484 756 1520 793 (Ι.
1541 755 1635 791 Gell.

103 833 138 871 p.
162 817 245 859 704
266 820 384 871 adn).
421 826 551 858 cetera
580 820 797 870 fragmenta
824 816 1009 867 leguntur
1036 819 1111 858 duo
1139 820 1241 871 apud
1268 820 1438 858 Nonium
1469 816 1526 874 (4.
1549 814 1636 871 ΞΑ),

103 885 254 935 singula
269 884 371 936 apud
386 885 569 924 Seruium
586 881 694 939 (14),
708 883 953 922 Priscianum
968 879 1047 939 (3),
1062 886 1102 923 in
1119 885 1277 924 scholiis
1288 886 1447 937 Vergilii
1463 886 1636 927 Beruen-

103 951 212 989 sibus
240 946 317 1003 (9),
346 950 420 989 duo
448 950 550 1001 apud
577 950 799 989 Chai-isium
826 944 885 1001 (in
913 960 958 987 eo
986 952 1113 1001 capite
1141 951 1244 1002 quod
1272 957 1331 990 est
1360 951 1405 990 de
1437 951 1636 1005 aduerbio,

104 1017 148 1055 l'r.
168 1015 231 1054 12.
253 1013 335 1067 13).
376 1015 421 1054 de
448 1016 510 1054 his
536 1021 667 1054 tamen
694 1016 760 1054 uix
785 1012 946 1053 dubium
970 1017 1056 1067 erit,
1083 1018 1177 1067 quin
1199 1018 1274 1068 ipsi
1296 1017 1531 1057 Asellionem
1560 1032 1636 1057 non

107 1082 351 1132 inspexerint
372 1081 439 1120 sed
462 1094 507 1120 ex
530 1081 641 1120 libris
662 1081 827 1120 aliorum
848 1083 1205 1132 grammaticorum,
1230 1083 1297 1133 qui
1318 1089 1498 1122 accurate
1520 1085 1636 1122 etiam

104 1159 288 1185 numeros
309 1146 501 1186 librorum
529 1146 772 1198 addiderant,
799 1149 885 1188 eius
912 1148 1129 1198 fragmenta
1156 1147 1442 1199 transtulerint,
1465 1148 1504 1187 id
1533 1149 1634 1200 quod

104 1211 150 1250 de
178 1211 354 1250 Charisio
382 1213 498 1250 etiam
525 1225 596 1263 pro
624 1218 731 1251 certo
759 1213 895 1252 haberi
921 1218 1067 1264 potest,
1094 1225 1183 1251 nam
1211 1214 1263 1263 is,
1297 1226 1387 1252 cum
1414 1213 1526 1252 alteri
1553 1214 1636 1253 loco

104 1274 168 1330 (fr.
194 1274 265 1329 13)
294 1276 549 1328 adscripserit
583 1280 650 1316 ubi
682 1279 740 1317 Fl.
768 1280 898 1328 Caper
927 1277 1128 1327 ‘quamuis
1160 1282 1408 1326 artificiosus
1440 1281 1524 1319 diei
1558 1292 1636 1319 uon,

97 1345 236 1391 possit,
260 1348 302 1381 ul
328 1341 578 1391 male'lz'osus’,
606 1348 738 1393 aperte
767 1345 963 1394 signifieat
984 1356 1026 1382 se
1047 1343 1256 1383 Asellionis
1277 1343 1398 1383 uerba
1420 1346 1636 1396 sumpsisse

105 1419 150 1446 ex
177 1407 231 1445 Fl.
254 1407 390 1458 Capro,
418 1409 484 1458 qui
509 1430 567 1434 —
595 1409 789 1447 incertum
818 1415 877 1448 est
904 1422 977 1460 qua
1005 1414 1130 1449 aetate
1158 1432 1213 1436 —-
1243 1409 1288 1448 de
1317 1409 1434 1448 dubio
1455 1422 1636 1449 sermone

105 1472 225 1511 libros
252 1474 487 1524 conscripsit
515 1479 563 1524 et,
590 1479 633 1512 ut
660 1479 743 1512 erat
768 1474 982 1513 uerborum
1004 1475 1254 1525 antiquorum
1277 1474 1488 1526 studiosus,
1515 1475 1636 1514 multa

105 1550 150 1576 ex
179 1539 348 1589 antiquis
376 1540 623 1589 potissimum
652 1539 912 1590 scriptoribus
940 1539 1116 1590 exempla
1145 1539 1312 1590 collegit.

202 1666 233 1707 1)
261 1663 329 1698 Hie
355 1664 432 1698 illic
460 1676 658 1699 consensus
686 1665 839 1709 quidam
866 1678 949 1700 eum
974 1665 1146 1710 Appiano
1167 1665 1226 1709 (cf.
1249 1666 1333 1700 adn.
1356 1666 1402 1699 ad
1424 1665 1467 1700 fr.
1483 1670 1513 1700 5.
1532 1670 1561 1700 7.
1580 1668 1637 1709 11)

105 1717 386 1751 animaduersus
413 1719 479 1759 est),
508 1718 620 1751 etiam
647 1730 730 1752 cum
752 1718 951 1753 Plutarcho
973 1719 1071 1763 (adn.
1089 1720 1136 1752 ad
1156 1718 1199 1754 fr.
1217 1721 1262 1763 7),
1289 1730 1409 1763 neque
1429 1721 1554 1753 tamen
1575 1731 1636 1753 eos

103 1770 290 1805 Asellione
317 1782 401 1805 usos
429 1782 507 1805 esse
534 1771 765 1806 crediderim.
