2002 3342
600 644 646 691 C.
675 644 870 692 CASSI}
908 643 1209 690 HEMINAE
1248 643 1551 690 ANNALES

927 746 996 782 EX
1023 744 1183 783 LtBRo
1210 745 1229 782 Ι

404 825 470 867 1²³³.
503 828 991 878 Tertulle·cm.cq20loq.10.
1020 827 1233 866 Saturnum
1255 829 1399 878 itaque,
1427 829 1459 866 si
1486 833 1674 878 quantum
1694 827 1846 866 litterae

313 894 466 945 docent,
492 907 621 945 neque
647 894 841 932 Diodorus
867 892 1039 931 Graecus
1066 897 1133 931 aut
1152 892 1312 931 Thallus
1340 905 1468 943 neque
1497 892 1654 932 Cassius
1676 892 1847 931 Seuerus

312 964 378 998 aut
405 959 611 998 Cornelius
638 959 768 1009 Nepos
802 971 928 1009 neque
961 957 1065 996 ullus
1099 963 1383 996 commentator
1413 957 1606 996 eiusmodi
1639 959 1847 1008 antiquita—

310 1029 394 1063 tum
417 1025 535 1063 alium
558 1037 674 1075 quam
701 1024 900 1062 hominem
927 1023 1290 1074 promulgauerunt,
1318 1024 1351 1061 si
1372 1029 1559 1074 quantum
1581 1035 1713 1062 rerum
1735 1036 1847 1074 argu-

311 1095 443 1128 menta
470 1102 664 1141 nusquam
692 1090 853 1127 iuuenio
881 1088 1068 1138 fideliora,
1095 1100 1211 1139 quam
1238 1088 1340 1139 apud
1367 1090 1489 1139 ipsam
1518 1088 1679 1139 ltaliam,
1706 1090 1746 1126 in
1773 1101 1847 1139 qua

311 1155 504 1193 Saturnus
530 1159 619 1205 post
645 1153 788 1192 multas
818 1153 1088 1204 expeditiones
1116 1158 1282 1204 postque
1309 1154 1435 1192 Attica
1460 1153 1629 1205 hospitia
1657 1153 1846 1204 consedit,

312 1225 500 1270 exceptus
528 1232 547 1257 a
575 1219 666 1257 Iano
693 1218 756 1257 uel
783 1218 886 1269 Iane,
912 1224 956 1257 ut
983 1218 1077 1257 Salii
1102 1219 1252 1257 uolunt.

400 1281 470 1324 2²⁴².
506 1286 628 1323 Solia.
641 1285 780 1333 polyb.
802 1284 840 1332 2,
858 1285 924 1322 IO.
964 1283 1107 1322 Notum
1142 1289 1200 1323 est
1231 1307 1285 1310 ——
1314 1285 1566 1323 constitutam
1598 1306 1644 1310 ——
1675 1284 1845 1322 Ariciam

309 1350 355 1388 ab
382 1350 614 1388 Archilocho
644 1349 794 1400 Siculo,
826 1348 931 1388 unde
960 1354 997 1388 et
1023 1361 1184 1399 nomen,
1216 1354 1259 1387 ut
1286 1348 1474 1387 Heminae
1501 1349 1638 1400 placet,
1664 1354 1846 1392 tractum,

400 1411 468 1456 3²³².
502 1416 617 1453 Seru.
640 1416 823 1462 (anolus)
846 1416 902 1453 acl
919 1415 1018 1453 Aen.
1038 1415 1071 1462 7,
1086 1415 1182 1452 631.
1220 1413 1377 1452 Cassius
1398 1413 1562 1452 Hemina
1588 1413 1760 1464 tradidit7
1788 1413 1845 1452 Si-

308 1479 440 1519 culum
468 1479 664 1531 quendam
691 1480 849 1518 nomine
877 1481 1012 1517 uxoris
1040 1491 1132 1517 suae
1161 1478 1441 1530 Clytemestrae
1469 1478 1692 1518 condidisse
1720 1478 1845 1529 Clyte—

305 1551 512 1597 mestrum,
539 1558 627 1583 mox
656 1550 841 1595 corrupto
870 1546 1029 1582 nomine
1058 1544 1374 1583 Crustumerium
1403 1543 1561 1583 dictum.

396 1607 466 1651 4²³³.
501 1612 616 1649 Seru.
633 1612 816 1657 (auctus)
839 1612 895 1648 ad
911 1622 1050 1658 qeory.
1070 1610 1108 1658 l,
1124 1611 1190 1648 10.
1232 1609 1390 1648 Cincius
1413 1614 1451 1648 et
1472 1609 1630 1648 Cassius
1651 1610 1771 1659 aiunt,
1799 1608 1845 1647 ah

402 1738 438 1771 1.
468 1737 522 1780 Cf.
548 1737 693 1771 Tertull.
716 1736 766 1770 ad
785 1741 862 1770 wat.
882 1738 918 1778 2,
934 1738 997 1770 12:
1028 1735 1117 1770 Cum
1145 1736 1269 1770 autem
1297 1734 1496 1769 Saturnum
1524 1737 1670 1769 constat
1696 1734 1845 1777 uixisse,

306 1785 445 1818 frustra
471 1784 694 1818 demutatis:
722 1795 796 1817 non
824 1783 1040 1817 conceditur
1063 1782 1181 1826 uobis,
1209 1794 1319 1826 quem
1339 1793 1413 1816 non
1433 1782 1620 1827 negabitis
1646 1782 1761 1816 fuisse
1781 1782 1846 1816 ho-

305 1832 455 1874 minem,
483 1832 547 1875 qui
573 1842 693 1875 neque
715 1831 805 1864 deus
825 1841 947 1874 neque
968 1832 1114 1874 tempus
1136 1830 1285 1864 defendi
1312 1831 1448 1874 potest.
1484 1831 1606 1864 exstat
1627 1830 1727 1874 apud
1746 1829 1846 1863 litte-

304 1892 364 1913 ras
398 1881 542 1913 uestras
575 1889 843 1922 usquequaque
871 1877 1021 1912 Saturni
1056 1888 1202 1911 census:
1228 1877 1394 1922 degimus
1427 1878 1527 1921 apud
1555 1876 1757 1911 Cassium
1784 1876 1846 1910 Se-

304 1938 435 1961 uerum
455 1927 523 1972 [cf.
539 1938 653 1970 supra
665 1939 704 1971 p.
721 1926 868 1971 (·LXXJ]‚
896 1925 995 1969 apud
1025 1924 1212 1959 Cornelios
1233 1925 1408 1969 Nepotem
1438 1927 1475 1958 et
1499 1925 1671 1959 Tacitum
1692 1925 1795 1969 [hist.
1812 1928 1845 1966 ὅ,

304 1978 348 2017 2,·
369 1975 427 2019 4],
459 1974 559 2018 apud
587 1973 746 2008 Graecos
777 1984 940 2017 quoque,
973 1972 1176 2006 Diodorum
1206 1972 1317 2015 quiue
1345 1972 1410 2006 alii
1437 1972 1709 2016 antiquitatum
1735 1982 1845 2006 canos

307 2021 539 2066 collegerunt
564 2022 639 2066 [sie
665 2022 771 2064 libr2·;
797 2020 1067 2064 antiquitatum
1095 2031 1206 2054 canos
1235 2032 1258 2054 a
1283 2021 1508 2055 Tertulliano
1535 2021 1670 2054 dictum
1695 2031 1766 2054 esse
1786 2030 1843 2054 ar-

306 2070 464 2104 bico-atur
494 2070 617 2104 Oehler
642 2080 713 2112 pro
746 2068 1012 2112 antiquissimis
1044 2069 1260 2102 hominibus.
1289 2088 1331 2093 --
1360 2078 1520 2101 canones
1546 2067 1744 2102 Sehmvsstter.
1784 2078 1845 2112 (390

304 2118 467 2163 coyitauz'
487 2117 529 2152 (Ze
550 2116 821 2160 antiquitatum
842 2115 1125 2150 commentarios
1146 2116 1224 2150 coll.
1239 2116 1334 2159 apol.
1352 2116 1430 2160 10].
1460 2116 1624 2149 Illinuciz‘
1639 2114 1716 2148 Fez.
1731 2116 1790 2157 21,
1805 2117 1844 2148 4.-

305 2163 505 2198 Saturnum
538 2163 636 2197 enim
668 2163 875 2208 principem
907 2163 1016 2196 huius
1050 2163 1196 2207 generis
1223 2165 1260 2196 et
1286 2162 1466 2196 examinis
1494 2173 1619 2197 omnes
1647 2161 1844 2206 scriptores

304 2211 505 2246 uetustatis
522 2210 654 2246 Graeci
669 2211 902 2254 Romanique
917 2210 1104 2244 hominem
1117 2210 1369 2254 prodiderunt.
1399 2210 1469 2244 scit
1485 2209 1638 2255 [scribit.
1654 2209 1843 2254 Pi‘theous]

304 2259 374 2293 hoc
400 2259 525 2304 Nepos
552 2260 589 2292 et
615 2257 800 2293 Cassius
827 2258 871 2292 in
896 2257 1120 2299 historia,
1149 2260 1185 2291 et
1211 2258 1322 2302 [delet
1342 2258 1481 2303 Halm]
1507 2257 1660 2291 Thallus
1687 2268 1729 2290 ac
1756 2256 1843 2289 Dio—

305 2307 416 2341 dorus
435 2307 507 2340 hoc
526 2306 740 2350 loquuntur.
774 2306 946 2340 Laetam.
968 2306 1081 2340 instit.
1099 2308 1236 2348 1,13,3
1258 2315 1343 2349 (quo
1365 2306 1437 2339 loco
1460 2305 1575 2340 Varro
1596 2315 1724 2350 agmen
1743 2304 1841 2338 claa-

304 2354 392 2389 dens
417 2356 495 2389 eius
521 2354 724 2389 doctrinam
750 2354 927 2394 indicam:
962 2352 1098 2387 Omnes
1120 2363 1206 2397 ergo
1227 2363 1300 2386 non
1321 2354 1469 2386 tantum
1488 2353 1621 2396 poetae
1642 2351 1706 2385 sed
1726 2351 1842 2385 histo-

303 2402 442 2435 riarum
475 2412 623 2445 quoque
656 2412 700 2435 ae
731 2411 854 2434 rerum
888 2400 1125 2443 antiquarum
1156 2400 1354 2444 scriptores
1379 2400 1628 2445 [Saturnum]
1654 2398 1843 2432 hominem

304 2449 419 2484 fuisse
446 2449 700 2490 consentiunt,
728 2449 792 2492 qui
818 2458 875 2482 res
903 2448 980 2481 eius
1006 2448 1045 2481 in
1072 2447 1181 2481 Italia
1208 2448 1333 2492 gestas
1359 2447 1558 2481 memoriae
1585 2446 1840 2491 prodiderunt,

304 2496 436 2531 Graeci
461 2496 645 2530 Diodorus
670 2496 728 2541 [5‚
745 2496 815 2541 66]
842 2497 879 2529 et
905 2494 1071 2537 Thallus,
1097 2495 1222 2528 Latini
1242 2494 1368 2538 Nepos
1396 2496 1433 2528 et
1453 2495 1634 2529 Cassius
1655 2495 1692 2528 et
1716 2493 1839 2527 Varro.

304 2545 349 2586 cf'.
371 2544 567 2589 Schweyler
588 2545 818 2587 110212311.
844 2547 877 2578 et
902 2554 1016 2586 supra
1038 2554 1064 2577 s.
1086 2543 1108 2577 l.

400 2590 437 2626 4.
466 2592 546 2626 Ποῖ.
567 2602 681 2635 supra
696 2603 734 2635 p.
750 2594 806 2625 41.

396 2710 440 2765 2,
471 2716 492 2752 9
522 2715 700 2752 chilocho
727 2715 864 2752 Hatm.
927 2714 1074 2751 Archia
1099 2713 1265 2751 Salmas

395 2769 440 2823 3,
472 2777 524 2812 10
552 2786 569 2812 e
597 2775 815 2812 Turonensz·
841 2773 993 2811 addidit
1018 2773 1163 2810 Daniel

393 2828 436 2883 4,
468 2834 520 2870 13
557 2834 641 2871 Vici.
672 2833 778 2871 Ome.
804 2834 853 2880 fr.
875 2833 904 2870 2

1886 1102 1902 1127 5
