2002 3342
309 225 393 265 228
944 222 1206 263 RELIQVIAE

393 333 577 372 Claudius
617 339 776 372 secutus
811 333 979 371 Graecos
1012 332 1206 372 Acilianos
1233 333 1354 372 libros
1392 334 1432 372 P.
1459 334 1683 374 Africanum
1715 336 1756 375 in
1791 349 1836 375 ea

305 400 426 437 fuisse
461 399 655 449 legatione
695 398 814 437 tradit,
846 411 1014 449 eumque
1046 398 1192 449 Ephesi
1225 398 1458 437 collocutum
1502 412 1589 438 eum
1619 400 1835 440 Hannibale

307 471 345 503 et
378 476 600 502 sermonem
633 476 755 502 unum
790 465 907 502 etiam
936 464 1073 502 refert:
1106 466 1311 514 quaerenti
1337 465 1535 515 Africano,
1569 477 1686 516 quem
1714 466 1836 505 fuisse

307 530 522 568 maximum
549 530 826 579 imperatorem
854 528 1045 567 Hannibal
1073 529 1269 577 crederet,
1296 530 1546 580 respondisse
1573 530 1834 569 Alexandrum

307 593 564 632 Macedonum
597 606 748 644 regem,
781 593 884 645 quod
918 606 1037 645 parua
1071 606 1188 632 manu
1220 594 1527 633 innumerabiles
1555 596 1751 634 exercitus
1778 596 1836 634 fu-

307 658 429 697 disset
451 659 634 709 quodque
653 658 810 697 ultimas
831 671 930 709 oras,
951 671 1047 710 quas
1068 660 1199 697 uisere
1221 671 1337 710 supra
1359 672 1468 710 spem
1490 660 1698 698 humanam
1719 665 1838 711 esset,

306 730 567 775 peragrasset.
608 726 813 775 quaerenti
847 723 1003 773 deinde,
1037 736 1152 774 quem
1180 723 1396 762 secundum
1429 730 1610 775 poneret,
1643 725 1836 776 Pyrrhum

312 788 457 827 dixisse
485 795 612 827 castra
640 790 780 827 metari
806 790 977 840 primum
1000 788 1197 841 docuisse3
1225 788 1271 827 ad
1299 789 1371 827 hoe
1398 790 1595 828 neminem
1617 789 1836 840 elegantius

308 854 390 892 loca
417 855 585 905 cepisse,
612 854 808 905 praesidia
837 854 1096 905 disposuisse3
1124 859 1246 892 artem
1274 855 1390 892 etiam
1412 854 1646 893 conciliandi
1673 854 1748 893 sibi
1767 855 1836 893 ho—

305 920 433 957 mines
467 932 551 958 eam
584 918 788 970 habuisse,
821 925 864 957 ut
889 919 1045 957 Italicae
1078 924 1214 969 gentes
1247 920 1350 969 regis
1377 921 1529 958 externi
1556 932 1673 970 quam
1699 919 1835 971 populi

306 984 470 1023 Romani
496 990 572 1023 tani
609 984 673 1022 diu
707 985 898 1035 principis
931 985 970 1022 in
1004 996 1048 1022 ea
1074 990 1180 1022 terra
1206 985 1416 1035 imperium
1443 996 1530 1023 esse
1556 985 1727 1024 mallent.
1767 997 1835 1024 ex·

305 1051 505 1100 sequenti,
539 1062 654 1101 quem
688 1051 847 1088 tertium
884 1049 1061 1100 duceret,
1094 1048 1197 1088 haud
1225 1049 1341 1087 dubie
1368 1056 1492 1088 semet
1520 1051 1649 1101 ipsum
1677 1050 1835 1089 dixisse.

305 1121 387 1153 tum
414 1116 539 1153 risum
567 1115 748 1153 ohortum
776 1115 968 1166 Scipioni,
1001 1120 1040 1153 et
1066 1114 1282 1153 subiecisse
1311 1112 1511 1165 ‘quidnam
1539 1122 1580 1154 tu
1609 1115 1773 1167 diceres,
1800 1117 1834 1154 si

302 1192 365 1218 me
399 1177 619 1219 uicisses‘P'
657 1177 756 1218 ‘tuni
789 1192 884 1218 uero
918 1177 996 1218 me’
1023 1181 1152 1231 inquit
1185 1178 1239 1218 ‘et
1271 1185 1360 1218 ante
1386 1180 1648 1219 Alexandrum
1681 1186 1720 1219 et
1745 1186 1835 1219 ante

301 1245 492 1296 Pyrrhum
515 1251 553 1283 et
573 1250 661 1283 ante
682 1245 778 1283 alios
796 1246 923 1283 omnis
943 1246 1201 1296 imperatores
1219 1243 1334 1283 esse’.
1367 1250 1406 1283 et
1425 1245 1653 1296 perplexum
1675 1246 1824 1285 Punico

301 1316 386 1348 astu
421 1322 653 1361 responsum
688 1316 726 1349 et
757 1312 1002 1361 inprouisum
1029 1310 1312 1349 adsentationis
1339 1322 1462 1361 genus
1490 1311 1714 1362 Scipionem
1740 1323 1824 1349 mo-

300 1376 418 1425 uisse,
440 1375 543 1426 quod
564 1388 584 1414 e
606 1388 725 1426 grege
747 1388 788 1414 se
810 1378 1092 1427 imperatorum
1113 1375 1221 1414 uelut
1241 1375 1566 1414 inaestimabilem
1582 1376 1820 1415 seereuisset

300 1494 536 1540 ἐξιστάμενον
556 1495 628 1539 ἄρα
644 1494 880 1542 Ἀλεξάνδρῳ,
900 1495 1149 1537 ἐπανερέσθαι
1170 1494 1222 1537 δέ,
1248 1493 1303 1535 τίς
1323 1495 1377 1539 εἴη
1399 1495 1568 1555 δεύτερος
1582 1493 1658 1540 μετ’
1676 1494 1834 1538 Ἀλέξαν-

300 1544 401 1583 δρον
436 1557 498 1577 και
530 1543 595 1577 τὸν
629 1543 769 1587 φάναι·
790 1534 940 1586 Πῦρρος
966 1542 984 1577 ὁ
1006 1542 1252 1586 Ἠπειρώτης
1279 1557 1346 1587 την
1372 1543 1506 1587 ἀρετὴν
1534 1543 1606 1586 ἄρα
1632 1543 1699 1588 τὴν
1725 1554 1834 1586 στρα-

301 1603 429 1634 msam
436 1604 454 1623 ν
495 1592 534 1625 ἐν
576 1589 688 1636 τόλμῃ
729 1590 938 1635 τιθέμενον.
985 1591 1027 1625 οὐ
1064 1590 1133 1635 γὰρ
1170 1590 1265 1625 ἔστιν
1302 1591 1423 1633 εὑρεῖν
1458 1589 1835 1635 μεγαλοτολμοτέρους

298 1640 415 1671 τῶνδε
441 1643 515 1672 τῶν
541 1637 728 1683 βασιλέων.
762 1638 995 1683 δακνόμενον
1015 1636 1050 1672 δ’
1075 1637 1145 1682 ἥδη
1165 1638 1230 1672 τὸν
1251 1637 1446 1672 Σκιπιωνα
1467 1637 1564 1682 ὅμως
1584 1637 1834 1681 ἐπανερέσθαι

301 1684 369 1725 {m
401 1683 474 1719 τίνι
506 1684 631 1730 διδοίη
663 1685 709 1720 τὰ
740 1685 863 1729 τρίτα,
895 1686 987 1730 ταχὺ
1016 1691 1106 1730 γοῦν
1139 1684 1331 1726 ἐλπίζοντα
1357 1684 1451 1727 ἕξειν
1475 1685 1521 1720 τὰ
1545 1683 1666 1728 τρίτα·
1699 1685 1764 1720 τὸν
1791 1686 1832 1719 ὀὲ-

302 1733 471 1779 (ἐμαυτᾷἰ
507 1732 643 1776 φάναι·
677 1732 760 1773 νέος
791 1732 861 1778 γὰρ
895 1731 946 1767 ὢν
979 1733 1031 1767 ἐτι
1057 1731 1222 1776 Ἰβηρίας
1252 1745 1289 1766 τε
1318 1732 1501 1777 ἐκράτησα
1533 1733 1595 1766 καὶ
1622 1735 1762 1788 στρατῷ
1787 1732 1834 1766 τὰ

292 1769 447 1814 ’Ἁλπεια
476 1779 543 1825 ὄρη
576 1778 664 1824 μεθ’
694 1778 879 1823 Ηρακλέα
911 1786 1054 1823 πρῶτος
1080 1781 1293 1824 ὑπερῆλθον
1326 1780 1361 1820 ἔς
1386 1793 1423 1814 τε
1449 1779 1516 1823 τὴν
1537 1778 1700 1814 ’,Ιταλίαν
1731 1781 1834 1839 ὑμῶν

300 1825 453 1866 οὐδενός
485 1841 540 1861 πω
567 1830 803 1871 θαρροῦντος
829 1827 994 1872 ἐμβαλὼν
1020 1827 1238 1871 τετρακόσια
1265 1827 1447 1871 ἀνέστησα
1473 1827 1563 1871 ἄστη
1590 1828 1654 1861 καὶ
1679 1827 1763 1870 περὶ
1788 1833 1832 1872 τῇ

298 1873 402 1909 πόλει
421 1873 486 1909 τὸν
507 1875 633 1919 αγῶνα
653 1875 827 1914 πολλάκις
846 1876 932 1919 ὑμῖν
953 1874 1145 1919 ἐπέστησα,
1166 1874 1248 1909 οὔτε
1263 1887 1324 1918 μοι
1344 1874 1538 1918 χρημάτων
1559 1875 1641 1909 ούτε
1663 1880 1835 1917 στρατιᾶς

300 1922 597 1966 ἐπιπεμποιιένης
628 1923 667 1957 ἐκ
695 1922 946 1968 Καρχηδόνος.
987 1929 1035 1962 ως
1069 1922 1108 1956 δὲ
1136 1920 1250 1956 αυτὸν
1276 1921 1294 1956 ὁ
1323 1921 1491 1956 Σκιπίων
1517 1919 1616 1956 εἷὸεν
1642 1922 1834 1972 ἀπομηκύ-

299 1982 414 2003 νοντα
434 1983 475 2013 τ1
481 1984 500 2004 ν
522 1969 774 2014 σεμνολογίαν,
795 1970 864 2014 ἔφη
886 1969 1166 2014 ,1ελ.άσας·Ποῡ
1188 1967 1222 2003 δ
1242 1967 1265 2003 ἃ
1271 1983 1289 2003 ν
1310 1967 1442 2004 ἑαυτὸν
1463 1969 1616 2012 ἕταττες,
1637 1971 1664 2003 ὠ
1679 1967 1833 2015 Αννίβα,

301 2030 348 2060 ιιη
376 2017 615 2073 νενικημένος
646 2015 710 2052 ὑπ’
735 2017 840 2061 ἐμοῦ;
873 2015 938 2052 τὸν
971 2016 1012 2052 δὲ
1044 2018 1159 2061 φασιν
1193 2015 1470 2060 αισθανόμενον
1502 2015 1572 2061 ὴδη
1599 2023 1663 2061 τῆς
1688 2018 1833 2061 ζηλοτυ-

302 2063 391 2104 πίας
423 2065 540 2099 εἰπεῖν
574 2078 628 2099 οτι
661 2065 771 2109 ἔγωγε
805 2065 914 2106 ἔταξα
947 2078 994 2099 αν
1027 2064 1186 2122 ἐμαυτὸν
1217 2062 1289 2106 πρὸ
1315 2062 1558 2107 Αλεξάνδρου.
1599 2064 1693 2099 οὕτω
1720 2064 1786 2108 μὲν
1811 2063 1832 2098 ὁ

292 2109 464 2157 Ἀννιβας
491 2112 657 2155 ἐπέμεινέ
682 2125 719 2146 τε
738 2118 781 2158 τῇ
802 2110 1021 2160 σεμνολογία
1040 2112 1103 2146 καὶ
1123 2109 1188 2146 τὸν
1209 2109 1403 2146 Σκιπίωνα
1423 2112 1551 2146 λαθὼν
1571 2111 1834 2155 ἐθεράπευσεν,

300 2160 348 2200 ὡς
383 2159 593 2194 καθελόντα
627 2158 692 2194 τὸν
728 2158 908 2204 ἀμείνονα
940 2149 1182 2201 Αλέξανδρον.
1225 2156 1468 2203 διαλυομένης
1503 2158 1542 2193 δὲ
1577 2165 1642 2203 τῆς
1673 2158 1833 2193 συνόδου

299 2206 497 2241 Σκιπίωια
529 2220 594 2251 μεν
627 2206 644 2241 ὁ
677 2205 839 2252 Αννίβας
871 2207 931 2241 ἐπὶ
963 2205 1064 2254 ξενίᾳ
1097 2206 1234 2242 ἐκάλει
1267 2205 1437 2240 Σκιπίων
1470 2205 1509 2240 δε
1538 2204 1699 2241 ἐλθεῖν
1687 2205 1734 2240 αν
1761 2206 1833 2250 ἔφη

301 2254 397 2298 μάλα
423 2255 645 2298 προθύμως,
678 2255 710 2289 εἰ
741 2268 788 2299 μη
821 2257 993 2298 συνῆσθα
1025 2268 1094 2289 νυν
1117 2252 1293 2312 Αντιόχῳ
1319 2251 1412 2296 πρὸς
1432 2251 1633 2297 Ρωμαίους
1661 2252 1834 2294 ὑπόπτως

300 2302 429 2346 ἔχοντι.
469 2303 566 2336 Ρίιιΐ.
588 2303 712 2337 Flam.
732 2305 798 2337 21:
824 2301 979 2346 Λέγεται
1012 2302 1050 2335 δὲ
1084 2299 1198 2341 αὖθις
1223 2303 1262 2336 ἐν
1284 2299 1428 2346 Ἐφέσῳ
1456 2301 1653 2345 συμβαλεῖν
1680 2301 1830 2340 αὐτούς·

299 2350 360 2383 καὶ
395 2355 542 2392 πρῶτοι
573 2350 638 2393 μὲν
671 2350 711 2384 ἐν
743 2352 790 2395 τῷ
819 2355 1107 2404 συμπεριπατεῖν
1132 2354 1197 2382 τοῦ
1224 2347 1386 2393 Ἀννίβου
1411 2362 1478 2392 την
1505 2348 1766 2392 προσήκουσαν
1792 2349 1833 2382 ἐν

300 2397 477 2440 ἀξιώματι
503 2396 608 2438 τάξιν
634 2394 732 2431 εἶναι
757 2396 1009 2448 προλαβοντος
1034 2396 1235 2441 ἀνέχεσθαι
1266 2409 1330 2429 και
1355 2401 1570 2437 περιπατεῖν
1598 2396 1741 2439 ἀφελῶς
1766 2393 1833 2430 τὸν

300 2442 534 2502 Αφρικαιόνζ
565 2444 690 2478 ἔπειτα
722 2442 834 2488 λόγου
865 2445 949 2486 περὶ
982 2449 1194 2488 στρατηγῶν
1226 2441 1445 2486 ἐμπεσόντος
1475 2456 1538 2476 και
1571 2448 1636 2477 τοῦ
1650 2441 1833 2493 Αννίβου

300 2491 496 2533 κράτιστον
517 2491 810 2536 ἀποφηναμένου
830 2490 1023 2535 γεγονέναι
1041 2496 1114 2525 τῶν
1135 2495 1346 2534 στρατηγῶν
1364 2489 1609 2534 Αλέξανδρον,
1630 2492 1708 2524 εἰτα
1732 2490 1831 2532 Πύρ-

300 2552 377 2580 ρον.
409 2537 532 2580 τρίτον
565 2538 604 2573 δε
638 2537 764 2579 αὐτόν,
797 2538 912 2584 ἡσυχη
945 2538 1188 2582 μειδιάσαντα
1214 2535 1277 2572 τὸν
1304 2535 1520 2587 Αφρικανὸν
1547 2537 1664 2571 εἰπεῖν
1686 2535 1752 2571 Τί
1777 2535 1817 2572 δ’
1822 2564 1835 2580 ‚

299 2586 331 2619 εἰ
357 2586 405 2630 μή
433 2597 469 2621 σε
496 2586 564 2630 ἐγὼ
592 2586 814 2630 νενικήκειν’
826 2602 834 2629 3
861 2587 924 2620 καὶ
950 2586 1014 2620 τὸν
1040 2584 1205 2631 Αννιραν
1233 2585 1328 2619 ‘Oisn
1350 2584 1408 2624 ἀν
1436 2587 1462 2618 ὠ
1483 2583 1676 2628 Σκηπίων’
1682 2584 1832 2629 ,φάναι

391 2700 413 2735 3
437 2711 513 2746 quo
535 2699 740 2747 quaerenti
761 2709 785 2742 ς
877 2699 900 2735 6
924 2698 1027 2746 quod
1041 2696 1498 2744 Bamb.]1[09.Peraezoelza
1512 2696 1641 2734 Aldus
1667 2698 1706 2734 et
1725 2696 1831 2745 quod

299 2757 496 2794 Drcdoenb.
560 2770 658 2806 quas
684 2758 811 2795 uisere
839 2761 871 2795 et
902 2758 1004 2794 esset
1035 2768 1105 2794 om.
1127 2757 1265 2794 Bamb.
1293 2756 1382 2792 add.
1403 2756 1507 2803 Bloy.
1570 2755 1732 2793 ultimas
1757 2767 1829 2793 om.

299 2817 405 2863 Moy.
495 2818 515 2852 7
545 2817 723 2854 uictoriis
749 2820 836 2854 ante
861 2818 1110 2866 peragrasset
1136 2816 1225 2852 add.
1250 2813 1360 2852 Creu.
1423 2816 1603 2863 querenti
1629 2814 1769 2852 Bamb.

304 2877 354 2912 13
385 2876 422 2912 et
448 2887 518 2913 0111.
541 2875 718 2919 Βα11ιῖ).ς

1857 609 1873 634 5

1857 934 1892 958 10

1858 1258 1891 1283 15
