2002 3342
541 198 580 241 Q.
603 198 838 234 CLAVDIVS
867 197 1230 240 QvAomeAmvs
1549 210 1651 240 00οΙ

121 318 154 351 et
191 312 333 350 litteris
365 311 464 350 bene
492 312 736 349 meritorum.
776 309 844 348 sed
870 309 942 347 bae
970 308 1121 358 laudes,
1159 307 1368 347 dummodo
1402 315 1651 359 posterorum

121 377 268 416 inuidia
302 376 487 415 liberatae
522 381 627 413 recte
661 374 957 424 intellegantur,
991 375 1106 411 etiam
1143 386 1247 411 nuno
1275 375 1313 411 in
1342 373 1546 412 annalibus
1573 386 1652 411 ma-

122 448 226 491 nent,
254 441 415 479 bellicae
443 446 571 479 autem
600 452 722 490 paene
744 440 902 478 omnino
924 439 1085 477 obrutae
1109 452 1152 477 ex
1176 439 1333 489 uulgata
1354 439 1541 477 memoria
1564 450 1652 476 eua-

122 513 304 545 nuernnt.
344 512 518 557 pugnant
544 507 647 543 enim
675 505 864 555 triumphi
893 517 972 553 sex,
1001 503 1099 542 duae
1126 505 1328 542 ouationes
1354 505 1439 542 eius
1466 505 1651 555 patriciae

120 573 266 622 gentis,
306 584 420 622 quem
457 583 665 609 numerum
700 570 911 608 Suetonius
946 565 1049 622 (Tib.
1076 565 1117 622 1)
1156 581 1202 606 ex
1240 570 1324 606 eius
1359 570 1652 607 commentariis

121 638 241 687 eruit,
278 649 366 675 cum
400 635 598 674 annalium
632 636 820 673 memoria
849 631 1085 687 (Mommsen
1107 647 1143 684 p.
1159 630 1353 684 290511),
1387 633 1539 684 qualem
1568 646 1653 672 eam

123 702 258 740 Liuius
280 707 314 740 et
338 701 547 752 Dionysius
569 702 871 749 constituerunt,
899 701 949 737 ita
971 704 1014 737 ut
1035 698 1365 750 quemadmodum
1387 699 1495 737 Fabii
1514 699 1653 738 Veiens

120 767 265 805 bellum
299 767 408 805 uelut
443 766 634 805 familiare
671 779 691 804 a
724 771 861 804 senatu
896 764 1208 815 depoposcerant
1240 762 1343 816 (Liu.
1366 761 1554 817 2,48,9)
1589 770 1654 802 aut

121 832 260 871 Furiae
294 833 401 883 genti
434 832 510 870 sato
544 831 711 882 quodam
746 830 832 868 data
867 835 957 868 sunt
991 829 1135 867 Gallica
1168 829 1266 867 bella
1295 825 1571 882 (31,48,12),
1598 831 1653 868 sie

121 897 294 936 Claudiis
320 897 430 935 uelut
458 898 531 935 fato
559 897 666 935 litem
696 908 784 934 enm
819 895 988 933 tribunis
1015 907 1058 933 ac
1084 894 1198 945 plebe
1233 895 1353 933 fuisse
1387 893 1451 932 ille
1484 894 1655 933 uoluerit

123 958 338 1016 (9,33,3).
378 974 505 1013 neque
538 967 669 1000 tamen
702 960 779 999 illis
813 961 995 1011 contigit,
1027 965 1070 998 ut
1101 961 1311 998 ueritatem
1344 960 1503 998 omnino
1537 972 1583 997 ex
1611 971 1654 998 ea

121 1027 373 1079 expellerent.
420 1033 634 1078 supersunt
669 1028 787 1065 etiam
820 1038 924 1064 nunc
957 1025 1119 1076 indicia,
1154 1037 1252 1076 quae
1286 1026 1319 1063 si
1352 1037 1441 1063 cum
1476 1025 1564 1063 ficta
1592 1024 1655 1062 illa

123 1092 372 1131 Claudiorum
401 1094 533 1144 specie
561 1094 736 1144 apertius
759 1091 1042 1142 discreparent,
1071 1091 1216 1129 frustra
1237 1089 1373 1128 Liuius
1395 1091 1655 1128 inconstantia

121 1164 159 1196 et
186 1159 328 1196 astutia
356 1157 599 1208 singulorum
626 1156 873 1209 quorundam
901 1155 1060 1207 uelauit,
1086 1161 1129 1195 ut
1157 1155 1259 1207 quod
1287 1153 1324 1204 3,
1341 1153 1408 1205 33,
1426 1155 1447 1194 7
1479 1156 1655 1205 regimen

123 1223 440 1261 decemuirorum
461 1236 582 1274 penes
597 1224 763 1274 Appium
786 1222 895 1260 illum
911 1222 1117 1271 Verginiae
1136 1222 1294 1259 nomine
1314 1220 1510 1259 foedatum
1533 1221 1654 1259 fuisse

122 1289 281 1339 scripsit.
307 1289 457 1338 fauore
480 1291 631 1338 plebe‘s,
664 1287 813 1327 addidit
846 1293 975 1326 autem
1009 1289 1111 1326 adeo
1141 1298 1289 1325 nouum
1320 1298 1407 1324 eum
1432 1288 1512 1324 sibi
1543 1289 1655 1334 inqe-

122 1358 232 1394 m‘um
253 1356 444 1402 induisse,
470 1359 513 1392 ut
532 1354 735 1402 plebicola
756 1359 921 1402 repente
947 1356 1153 1401 omnisque
1174 1364 1304 1390 aurae
1321 1354 1540 1400 popularis
1561 1363 1655 1400 cap-

122 1426 230 1459 tator
257 1421 451 1458 euaderet
468 1430 549 1468 pro
578 1421 687 1457 truce·
711 1430 914 1467 saeuoque
941 1421 1186 1457 insectatore
1204 1419 1346 1466 plebe's.

212 1484 324 1523 Nune
350 1496 445 1522 uero
474 1485 693 1534 quaeritur,
727 1485 814 1534 quis
842 1482 1047 1521 annalibus
1075 1483 1156 1521 suis
1184 1483 1413 1520 memoriam
1440 1481 1654 1520 Romanam

122 1555 273 1589 tantum
302 1549 575 1600 deprauauerit
598 1549 772 1599 aliosque
799 1549 992 1587 infecerit.
1032 1554 1139 1586 certo
1161 1547 1329 1598 quodam
1352 1547 1514 1585 consilio
1537 1553 1574 1585 et
1596 1560 1655 1585 ra-

122 1617 229 1654 tione
256 1627 345 1653 eum
374 1614 533 1653 ductum
568 1626 653 1652 esse
685 1626 847 1652 necesse
875 1622 945 1652 est.
985 1615 1115 1664 itaque
1143 1613 1359 1651 Mommsen
1386 1608 1563 1666 (ps-315)
1592 1612 1654 1651 Li-

122 1682 271 1719 cinium
292 1679 464 1717 Macrum
490 1679 690 1718 tribunum
714 1679 838 1730 plebis
860 1691 891 1717 a.
910 1677 975 1717 73.
998 1676 1095 1729 681,
1123 1679 1191 1729 qui
1212 1691 1243 1716 a.
1260 1675 1328 1716 66.
1351 1675 1435 1716 688
1457 1679 1541 1728 ipse
1562 1677 1655 1715 sibi-

123 1752 199 1785 met
229 1750 394 1783 mortem
423 1745 626 1794 consciuit„
654 1745 862 1782 incusauit.
903 1757 1030 1795 neque
1059 1750 1189 1782 tamen
1217 1742 1400 1781 omnibus
1422 1743 1655 1781 criminibus

122 1823 212 1850 eum
235 1810 394 1860 dignum
417 1811 536 1848 l'uisse
558 1810 659 1848 inl'ra
680 1822 940 1861 exponemus3
966 1822 1054 1847 nam
1077 1821 1311 1860 quamquam
1335 1814 1373 1846 et
1392 1810 1655 1859 patrocinium

121 1875 248 1928 plebis
281 1877 319 1913 in
354 1874 560 1913 annalibus
594 1888 748 1926 quoque
783 1876 865 1913 suis
898 1880 1126 1925 susceperat
1159 1880 1197 1912 et
1224 1886 1316 1912 suae
1344 1875 1491 1924 gentis,
1526 1879 1655 1912 tamen

123 1947 228 1980 certa
251 1953 366 1979 causa
393 1940 571 1991 indagari
592 1954 668 1979 non
692 1946 830 1991 potest,
858 1953 929 1979 cur
956 1946 1032 1978 tam
1054 1940 1281 1978 uehementi
1302 1939 1390 1977 odio
1412 1940 1452 1977 in
1475 1938 1655 1977 Claudios

124 2007 305 2045 inuectus
341 2007 408 2056 sit,
442 2012 506 2044 aut
538 2005 661 2044 ullum
698 2005 888 2043 indicium
922 2005 1076 2043 consilii
1103 2004 1308 2043 cuiusdam
1344 2003 1655 2054 corrumpendae

124 2084 258 2110 eorum
287 2072 511 2121 memoriae,
539 2077 581 2109 nt
608 2084 676 2109 sua
703 2071 805 2109 ultra
834 2070 991 2108 modum
1019 2076 1219 2120 augeatur.
1260 2076 1298 2108 at
1323 2082 1419 2107 uero
1441 2070 1569 2107 omnia
1597 2081 1655 2106 ar-

124 2142 307 2187 gumenta
335 2135 381 2174 ad
404 2136 596 2174 Valerium
625 2137 831 2185 Antiatem,
860 2136 994 2174 talium
1022 2135 1319 2174 mendaciorum
1347 2136 1550 2184 artificem,
1577 2140 1654 2172 tra-

126 2201 232 2240 bunt.
272 2201 388 2240 buius
416 2203 520 2239 enim
548 2203 675 2251 gentis
700 2201 880 2240 laudibus
908 2203 1075 2239 maxime
1104 2201 1255 2239 Claudii
1282 2200 1517 2250 ol'ticiebant,
1544 2212 1654 2250 prae-

124 2268 261 2305 sertim
289 2280 376 2305 cum
400 2268 516 2305 etiam
539 2267 585 2305 de
608 2268 742 2305 fauore
764 2266 889 2317 plebis
910 2266 973 2305 uel
995 2266 1129 2317 populi
1150 2279 1239 2304 cum
1260 2265 1424 2303 Valeriis
1446 2270 1654 2303 certarent.

125 2333 255 2383 itaque
282 2332 416 2370 Antias
444 2338 482 2370 et
502 2333 624 2383 Appio
647 2332 819 2381 Claudio,
846 2338 888 2370 ut
909 2345 998 2370 cum
1020 2338 1135 2380 gente
1159 2344 1226 2369 sua
1249 2330 1295 2369 de
1318 2330 1472 2368 Sabinis
1494 2329 1655 2368 Romam

125 2398 324 2447 migraret,
346 2397 383 2435 l‘.
400 2397 595 2436 Valerium
611 2397 849 2448 l'oplicolam
871 2399 1115 2448 persuasisse
1137 2398 1251 2447 eique
1275 2395 1470 2434 domicilia
1492 2395 1655 2433 donasse

126 2462 238 2500 finxit
248 2458 279 2516 1)
297 2468 345 2513 et,
360 2468 403 2501 ut
417 2462 482 2501 illo
498 2465 747 2513 potissimum
763 2463 909 2500 bonore
923 2462 1105 2500 Claudios
1121 2462 1318 2513 spoliaret,
1336 2462 1462 2499 ueteri
1479 2460 1534 2498 illi
1549 2462 1655 2510 genti

126 2526 232 2565 litem
256 2540 344 2565 cum
372 2527 540 2566 tribunis
562 2541 604 2566 ac
629 2528 742 2579 plebe
764 2528 873 2566 uelut
897 2533 1025 2565 notam
1054 2528 1255 2578 impressit
1275 2532 1390 2577 atque
1412 2538 1497 2564 eam
1519 2532 1654 2564 contu·

126 2593 248 2630 maoia
271 2606 338 2631 sua
361 2594 602 2644 patricioque
623 2595 721 2632 l'astu
737 2593 872 2644 populi
893 2592 1020 2631 studia
1037 2605 1056 2630 a
1072 2605 1113 2630 se
1130 2591 1348 2643 reppulisse
1369 2592 1555 2641 narrauit,
1571 2592 1655 2641 qui-

126 2656 198 2695 bus
220 2658 279 2695 sui
301 2658 467 2708 gentiles
485 2659 703 2709 Poplicolae
725 2671 942 2709 cognomen
963 2659 1213 2696 meruissent.
1241 2657 1345 2695 bunc
1366 2668 1459 2694 sane
1481 2658 1655 2694 animum

127 2723 250 2772 spirat
270 2728 307 2760 et
322 2722 423 2761 Liuii
445 2729 483 2761 et
496 2723 669 2775 Dionysii
692 2724 866 2762 bistoria.
906 2722 1046 2774 quodsi
1068 2722 1273 2761 Claudium
1295 2735 1314 2760 a
1336 2721 1447 2760 Liuio
1469 2722 1507 2759 in
1530 2722 1655 2771 tertia,

223 2861 255 2903 1)
283 2859 342 2893 Sic
361 2860 583 2895 Plutarchus
603 2861 742 2905 Poplic.
764 2872 792 2895 c.
810 2865 852 2895 21
875 2860 1039 2894 Antiatis
1061 2859 1286 2894 auctoritate
1306 2859 1342 2892 in
1364 2859 1434 2893 hae
1454 2859 1535 2893 uita
1555 2869 1653 2892 usus.
