2002 3342
625 190 663 224 L.
686 189 883 224 COELIVS
911 190 1187 224 ANTIPATER
1556 204 1676 234 CCXV

237 303 493 352 inscriptio
522 303 604 351 ipsa
632 302 852 339 accuratius
881 313 900 338 a
928 300 1009 338 solo
1033 300 1220 339 Cicerone
1250 296 1316 354 (fr.
1342 300 1385 354 l)
1414 300 1582 339 indicata
1604 309 1675 351 cst,

147 370 238 406 belle·
265 369 427 416 Pum'ce‘,
462 378 559 417 quae
586 365 706 404 uerba
734 378 769 403 u.
798 368 967 404 allerias
994 365 1210 416 supplenda
1238 378 1324 404 esse
1351 366 1466 404 modo
1493 366 1678 405 uidimus

146 433 429 482 nominatiuus,
466 445 541 482 quo
569 443 766 480 caremus,
805 430 947 469 dubius
975 436 1045 468 est.
1098 443 1226 482 neque
1259 431 1514 470 historiarum
1551 444 1678 482 neque

146 498 342 535 annalium
376 497 472 535 mihi
504 496 647 547 placet3
689 495 844 534 additus
880 497 984 534 enim
1020 495 1175 534 diuerse
1211 509 1230 533 a
1265 496 1415 535 duobus
1453 497 1679 536 auctoribus

146 569 239 612 erat,
261 564 327 613 qui
348 564 431 613 ipsa
451 562 572 601 uerba
594 567 883 612 excerpserant,
909 566 946 599 et
969 560 1014 598 ab
1036 561 1237 599 inferioris
1259 563 1398 600 aetatis
1420 561 1680 612 scriptoribus

146 627 354 677 diligenter
370 627 590 678 descriptus
606 632 676 665 est.
711 632 832 665 restat
848 624 974 665 ‘libri’
992 632 1028 664 et
1049 626 1214 664 sortasse
1229 639 1371 664 nomen
1388 628 1484 677 eius,
1501 627 1547 665 ad
1562 640 1679 678 quem

145 692 298 731 Coelius
332 705 397 731 eos
430 694 608 742 miserat,
648 693 692 730 L.
720 693 867 740 Aelii,
907 698 948 729 ut
984 696 1072 742 post
1107 690 1202 730 alios
1236 687 1459 744 (Popmam,
1489 692 1679 743 Vossium,

146 757 321 809 Nautam,
343 756 571 801 Krausium')
600 757 661 796 Fr.
678 757 783 795 Marx
809 758 906 795 scita
929 756 1193 807 disputatione
1204 752 1237 809 1>
1259 758 1445 795 restituit.
1480 770 1569 795 nam
1591 771 1679 796 cum

144 824 184 860 in
212 824 346 873 fragm.
369 821 465 861 ‘24ss
499 823 708 861 meliorum
743 821 922 861 codicum
959 833 1175 860 consensus
1202 834 1272 872 pro
1301 821 1457 872 uulgata
1484 824 1679 873 scriptura

146 886 358 927 ‘Lucillus'
387 888 459 926 hoc
487 900 630 926 nomen
655 887 846 938 exhibeat,
877 887 923 925 de
945 886 1083 925 eadem
1104 892 1236 925 autem
1256 886 1470 925 uerborum
1491 890 1680 926 transiec-

146 954 266 1003 tione,
301 966 398 1004 quae
426 955 691 1004 uituperatur,
726 954 765 991 in
793 953 994 1004 prooemio
1021 951 1114 990 belli
1140 951 1281 990 Punici
1307 951 1346 990 L.
1371 952 1545 991 Coelium
1572 954 1679 991 Anti-

144 1025 299 1069 patrum
327 1020 454 1069 egisse
483 1020 619 1057 Cicero
648 1019 759 1056 testis
788 1019 838 1056 sit
865 1014 930 1070 (l'r.
956 1013 1017 1070 1),
1050 1029 1167 1068 quem
1195 1029 1310 1068 saepe
1338 1030 1427 1055 cnm
1454 1018 1520 1056 illo
1548 1019 1679 1069 ignoto

144 1090 319 1134 auctore,
347 1086 413 1135 qui
440 1084 636 1122 rhetorica
664 1083 710 1121 ad
737 1083 982 1121 Herennium
1009 1084 1247 1133 composuit,
1278 1084 1489 1121 concinere
1518 1089 1680 1133 constat,

144 1161 221 1187 non
249 1149 295 1187 ad
322 1149 514 1199 Laelium,
550 1155 591 1187 ut
622 1149 685 1187 hic
719 1148 921 1199 uulgatur,
950 1160 1040 1186 eum
1067 1148 1276 1198 scripsisse
1305 1149 1578 1198 consequitur,
1612 1148 1681 1186 sed

144 1213 190 1252 ad
230 1214 270 1252 L.
303 1215 473 1265 Aelium,
518 1214 759 1265 philologum
800 1213 909 1252 ilium
951 1218 988 1251 et
1029 1212 1199 1251 Graecae
1247 1217 1283 1251 et
1324 1212 1483 1251 Latinae
1525 1213 1680 1264 linguae

143 1281 446 1330 peritissimum,
487 1279 591 1331 quod
624 1291 766 1318 nomen
800 1278 901 1330 apud
941 1277 1174 1317 Ciceronem
1213 1278 1326 1317 facile
1368 1278 1490 1317 Laelii
1523 1279 1680 1317 nomine

144 1344 348 1383 obscurari
375 1346 512 1396 potuit.
553 1344 746 1383 accedunt
779 1343 876 1383 aliae
911 1356 1062 1382 causae.
1108 1356 1198 1382 nam
1227 1343 1265 1382 C.
1294 1343 1450 1382 Laelius
1485 1344 1681 1395 Scipionis

145 1411 294 1448 amicus
338 1411 412 1448 iam
460 1423 490 1448 a.
534 1407 628 1448 128.
663 1407 747 1448 626
794 1414 972 1447 mortuus
1019 1414 1118 1459 erat,
1170 1414 1207 1447 at
1252 1421 1346 1447 uero
1393 1409 1548 1447 Coelius
1593 1416 1681 1460 post

145 1476 183 1513 C.
213 1475 377 1513 Gracchi
412 1488 550 1514 necem
582 1472 648 1528 (fr.
676 1472 751 1529 50)
792 1487 889 1525 opus
929 1487 1045 1512 suum
1085 1474 1270 1525 confecit,
1310 1474 1351 1513 L.
1378 1474 1510 1513 Aelius
1551 1480 1680 1513 autem

144 1541 261 1578 etiam
306 1553 336 1579 a.
380 1539 474 1579 lOO.
514 1539 600 1579 654
645 1540 687 1585 Q.
727 1539 926 1578 Metellum
972 1539 1223 1578 Numidicum
1268 1541 1308 1577 in
1354 1539 1515 1578 exilium
1563 1541 1680 1578 comi-

144 1610 246 1644 tatus
283 1611 341 1644 est
377 1612 414 1644 et
450 1606 573 1644 redux
609 1607 797 1656 magister
828 1605 1013 1643 Varronis
1048 1610 1083 1643 et
1119 1604 1321 1643 Ciceronis
1358 1605 1441 1643 suit.
1487 1610 1569 1643 tum
1604 1617 1679 1656 quo

143 1683 220 1709 uno
254 1670 337 1709 loco
364 1671 519 1709 Coelius
552 1672 656 1710 inter
687 1670 828 1708 Fabios
856 1675 893 1708 et
920 1669 1140 1719 Cornelios,
1176 1671 1277 1708 utris
1312 1670 1480 1720 faueret,
1515 1671 1679 1721 aperuit,

143 1735 204 1773 his
232 1738 347 1775 etiam
375 1736 611 1775 obtrectauit
637 1733 704 1788 (cf.
722 1736 766 1774 fr.
788 1734 838 1774 1‘7
863 1749 893 1774 c.
911 1732 1018 1787 adn.)
1045 1734 1287 1786 Fabiumque
1315 1735 1511 1774 Pictorem
1538 1736 1680 1774 citasse

142 1801 302 1840 uidetur
335 1797 400 1854 (fr.
421 1799 510 1855 49).
555 1802 734 1840 Forsitan
767 1802 807 1839 in
840 1802 1098 1852 inscriptione
1131 1800 1287 1839 additus
1323 1802 1375 1839 sit
1411 1802 1527 1838 etiam
1560 1800 1680 1839 libro-

143 1879 230 1905 rum
262 1879 469 1917 numerus,
504 1868 570 1918 qui
607 1873 757 1917 septem
792 1867 911 1904 fuisse
947 1865 1145 1904 uidentur.
1190 1878 1281 1904 nam
1314 1871 1370 1904 tot
1405 1865 1549 1904 laudati
1589 1872 1679 1904 sunt

143 1945 270 1983 neque
297 1932 431 1983 plures
459 1932 580 1971 fuisse
607 1932 811 1983 uidentur,
848 1932 1033 1982 quoniam
1062 1930 1162 1969 libro
1190 1933 1357 1982 septimo
1385 1932 1464 1969 iam
1492 1930 1539 1969 ad
1566 1943 1680 1982 proe-

143 1997 238 2035 lium
266 1997 459 2048 quoddam
487 2010 518 2036 a.
541 1995 638 2036 203.
658 1995 740 2035 551
771 1998 1028 2036 commissum
1051 1996 1205 2035 Coelius
1229 1996 1488 2035 descenderat
1508 1993 1574 2049 (fr.
1589 1993 1680 2050 44),

144 2062 246 2113 quod
281 2064 396 2101 etiam
430 2063 567 2101 Liuius
601 2064 639 2101 in
674 2062 810 2101 eodem
845 2061 963 2113 libro,
1000 2074 1076 2112 quo
1110 2063 1179 2100 toti
1205 2061 1308 2100 hello
1336 2062 1453 2100 finem
1481 2063 1679 2112 imposuit,

143 2125 373 2180 na1·1·auit.‘-')
419 2133 463 2166 ut
488 2141 582 2166 uero
610 2128 855 2178 singulorum
883 2127 1091 2177 librorum,
1125 2126 1252 2177 quoad
1279 2127 1366 2164 fieri
1392 2127 1553 2177 poterit,
1590 2125 1678 2164 hre-

143 2194 488 2243 uiterargumenta
513 2193 806 2243 distribuamus,
827 2194 998 2243 primum
1021 2192 1221 2242 prooemio
1244 2191 1290 2230 de
1312 2192 1506 2230 sermonis
1522 2203 1679 2242 genere,

144 2271 219 2309 quo
244 2270 390 2297 usurus
417 2264 534 2309 esset,
560 2258 762 2297 rhetorum
788 2270 897 2296 more
925 2258 1105 2308 exposuit
1132 2261 1171 2294 et
1191 2256 1368 2306 fortasse,
1396 2257 1557 2295 sirecte
1578 2255 1679 2295 Roth

144 2323 190 2361 de
219 2324 264 2362 fr.
285 2322 310 2361 2
338 2323 538 2374 iudicauit,
568 2323 612 2362 de
642 2323 815 2362 fontibus
837 2336 856 2362 a
878 2336 919 2361 se
941 2322 1136 2361 adhibitis
1184 2334 1278 2359 num
1307 2321 1447 2360 deinde
1475 2321 1678 2372 quaedam,

144 2401 259 2439 quem
287 2388 334 2427 ad
361 2388 520 2427 modum
548 2388 742 2439 Polybius,
775 2388 819 2427 de
847 2389 974 2439 primo
1002 2387 1102 2425 bello
1131 2392 1167 2424 et
1196 2385 1242 2424 de
1271 2386 1389 2425 rebus
1417 2392 1504 2425 ante
1531 2386 1677 2425 bellum

142 2453 442 2492 llannibalicum
470 2456 590 2504 gestis
618 2454 815 2505 praefatus
843 2455 910 2504 sit,
946 2453 1118 2491 discerni
1151 2464 1229 2489 non
1261 2457 1402 2503 potest.
1448 2452 1517 2490 sed
1544 2453 1677 2490 termi-

143 2520 251 2557 nauit
270 2520 441 2569 primum
462 2518 605 2557 librum
629 2518 739 2557 clade
762 2520 844 2570 ipsa
866 2518 1062 2557 Cannensi
1084 2522 1239 2555 narrata
1261 2517 1327 2569 (fr.
1345 2514 1432 2570 22).
1469 2530 1567 2568 quae
1590 2524 1677 2568 post

144 2595 227 2621 eam
254 2584 294 2621 in
322 2585 462 2622 castris
482 2584 642 2623 Punicis
670 2586 767 2622 facta
795 2589 897 2634 sunt,
926 2585 1001 2622 iam
1028 2581 1279 2633 pertinebant
1306 2581 1354 2621 ad
1380 2582 1547 2621 alterum
1569 2578 1676 2635 (25).

241 2748 272 2789 1)
297 2746 400 2781 Stud.
422 2746 626 2780 Luciliano.
656 2758 691 2790 p.
715 2748 864 2780 96—98.
910 2744 1053 2789 Proleg.
1081 2746 1176 2778 auct.
1198 2744 1245 2777 ad
1269 2743 1426 2778 Herenn.
1455 2756 1490 2788 p.
1514 2748 1579 2777 136
1595 2755 1673 2788 sqq.

239 2803 272 2842 2)
298 2798 353 2833 Ne
380 2799 519 2833 incerta
545 2810 629 2833 cum
656 2798 765 2833 certis
792 2800 1003 2841 miscerem,
1031 2797 1185 2832 consilio
1212 2797 1248 2831 in
1278 2797 1362 2831 adn.
1388 2796 1430 2831 fr.
1452 2800 1495 2830 46
1524 2797 1675 2831 Cartha-

144 2852 240 2896 ginis
266 2852 491 2886 mentionem
518 2864 590 2886 non
617 2852 699 2886 feci.
