2002 3342
258 210 417 239 CLXXX
594 195 656 229 DE
684 194 990 229 SCRIPTORVM
1017 195 1139 232 VITIS
1166 196 1229 231 ET
1257 196 1465 232 SCRIPTIS

262 320 419 345 manum
448 318 586 344 arcens
613 305 660 344 ad
687 311 837 357 portam
867 308 1116 357 trigeminam
1141 309 1295 347 occisus
1323 314 1393 347 est.
1404 304 1437 361 1)
1470 310 1502 347 is
1530 314 1660 348 tamen
1679 309 1794 348 Pom-

258 373 399 423 ponius
430 371 572 421 Rufus,
606 384 650 409 ex
686 373 798 410 cuius
832 372 1084 411 collectorum
1120 373 1219 411 libro
1246 373 1423 411 Valerius
1450 373 1640 412 Maximus
1667 371 1725 426 (4,
1746 372 1793 425 4)

261 436 596 475 narratiunculam
624 436 729 474 illam
757 437 927 487 lepidam
953 438 1134 489 inseruit,
1162 451 1235 489 qua
1258 438 1437 477 Cornelia
1463 445 1660 477 matronae
1683 439 1794 478 Cam-

260 515 384 553 panae
412 502 557 540 liberos
584 507 627 540 ut
654 514 722 540 sua
750 508 977 551 ornamenta
1004 503 1197 554 producit,
1224 504 1413 542 inferiore
1440 509 1565 542 aetate
1593 504 1639 542 ad
1666 505 1793 542 imita-

259 569 407 605 tionem
435 567 642 605 Phocionis
668 568 804 605 uxoris
829 567 936 606 illam
964 568 1124 607 finxisse
1151 568 1374 619 litterisque
1401 569 1651 608 mandauisse
1683 569 1795 608 uide-

258 639 341 684 tur3
375 632 472 670 haec
497 633 641 683 uiginti
667 634 799 671 mariti
826 634 887 671 sui
912 634 1109 684 praeturis
1135 639 1179 672 ut
1205 646 1275 671 suo
1303 638 1442 672 ornatu
1469 634 1630 684 gloriata
1657 630 1789 686 erat.2)

350 697 486 748 Neque
520 702 650 736 tamen
678 698 780 736 iusto
808 699 893 736 iure
915 698 953 737 C.
977 698 1195 737 Gracchum
1224 698 1351 737 locum
1380 712 1494 737 suum
1520 700 1625 738 inter
1644 699 1715 738 hos
1736 699 1795 737 hi-

258 765 426 802 storicos
454 763 632 801 obtinere
660 764 1013 814 perseuerauerim.
1053 765 1198 815 pietate
1225 764 1330 802 enim
1357 765 1542 802 incensus
1568 765 1691 815 patris
1720 764 1795 802 fra-

258 830 411 880 trisque
444 830 675 867 memoriam
703 828 805 879 apud
837 828 1019 879 aequales
1049 841 1231 867 narrasse
1259 828 1430 879 uidetur,
1463 828 1793 880 quemadmodum

252 894 417 932 'Tacitus
445 893 665 945 Agricolae,
698 899 742 932 ut
768 906 904 932 eorum
936 895 1106 933 uirtutes
1140 893 1333 944 laudaret,
1367 907 1555 945 suamque
1582 894 1744 945 gloriam
1773 908 1792 932 a

256 960 416 1010 pietate,
449 971 526 997 non
554 959 600 997 ab
627 964 710 997 arte
738 960 906 997 oratoria
934 960 1136 1010 repetisse.
1184 959 1253 997 sed
1279 959 1384 998 idem
1411 959 1613 997 hominum
1641 960 1794 997 animos

258 1025 384 1075 ipsius
407 1024 551 1063 doloris
573 1023 713 1063 robore
734 1029 886 1062 tantum
907 1025 1042 1074 mouit,
1069 1030 1112 1063 ut
1132 1024 1233 1063 ultra
1256 1030 1423 1063 aetatem
1445 1026 1530 1063 eius
1551 1024 1616 1063 ille
1636 1023 1794 1062 libellus

258 1095 453 1140 maneret,
487 1091 641 1140 insigne
671 1089 950 1127 documentum
977 1090 1122 1128 amoris
1150 1090 1314 1129 fraterni
1340 1102 1412 1141 per
1439 1102 1480 1128 se
1508 1088 1794 1128 admirandum.

348 1155 525 1206 Arripuit
563 1156 684 1206 igitur
722 1154 958 1193 Plutarchus
998 1156 1083 1193 eius
1121 1157 1384 1205 mentionem,
1424 1167 1661 1207 quamquam
1699 1155 1796 1193 haec

257 1222 437 1272 quaestio
464 1222 528 1259 uix
557 1233 745 1271 umquam
772 1220 818 1259 ad
847 1219 1039 1271 liquidum
1066 1220 1231 1271 perduci
1257 1223 1415 1272 poterit,
1442 1233 1536 1259 num
1564 1221 1682 1259 etiam
1709 1219 1796 1258 aliis

258 1286 355 1325 locis
390 1298 479 1324 eum
513 1287 741 1337 inspexerit.
782 1286 879 1324 mihi
911 1291 1043 1324 tamen
1077 1298 1163 1324 esse
1196 1286 1438 1337 probabilius
1470 1285 1630 1324 uidetur
1654 1291 1698 1324 ut
1725 1284 1795 1323 Gai

259 1353 481 1391 orationum
510 1353 566 1390 sic
594 1353 710 1390 etiam
738 1351 855 1390 huius
883 1350 974 1389 libri
1002 1352 1181 1390 notitiam
1209 1364 1281 1402 per
1300 1351 1439 1390 Fannii
1460 1351 1619 1390 annales
1645 1351 1686 1389 in
1706 1350 1795 1388 Plu-

256 1417 385 1456 tarchi
417 1418 519 1456 uitas
552 1418 776 1467 transiisse,
810 1430 829 1455 a
864 1429 940 1468 quo
974 1417 1186 1468 scriptore,
1223 1416 1489 1455 Gracchorum
1525 1417 1668 1467 amico,
1705 1428 1796 1454 eum

259 1495 336 1521 non
373 1482 596 1533 neglectum
633 1494 720 1521 esse
758 1494 829 1533 per
866 1494 906 1521 se
944 1478 1158 1535 apparet.3)
1218 1481 1400 1520 Ciceroni
1436 1483 1519 1533 ipse
1556 1486 1671 1520 notus
1708 1493 1795 1520 esse

258 1549 395 1599 potuit.

356 1677 388 1719 1)
415 1675 517 1708 Haec
549 1674 648 1708 enim
679 1676 777 1708 recte
805 1673 928 1708 valer.
950 1674 1046 1708 Max.
1069 1678 1106 1715 4,
1124 1677 1191 1716 7‚2
1226 1675 1263 1708 et
1289 1673 1411 1708 Aurel.
1441 1672 1539 1707 Vict.
1567 1673 1612 1706 de
1644 1672 1713 1706 uir.
1740 1672 1793 1706 ill.

258 1732 351 1771 65‚5
377 1728 630 1773 prodiderunt.
670 1727 834 1761 Velleius
862 1731 976 1771 2,6,6
1009 1727 1105 1762 falso
1138 1727 1306 1762 confudit
1336 1726 1531 1771 Pomponii
1566 1728 1603 1760 et
1633 1725 1796 1760 Laetorii

258 1784 413 1823 mortes,
446 1793 601 1825 quorum
633 1782 789 1825 uterque
822 1781 860 1814 in
894 1780 1008 1814 simili
1036 1782 1172 1815 conatu
1201 1781 1320 1815 uitam
1347 1780 1484 1814 amisit.
1524 1779 1623 1824 apud
1651 1779 1796 1813 Plutar-

258 1835 370 1870 chum
403 1837 469 1869 aut
501 1835 619 1879 ipsius
646 1836 711 1868 aut
742 1834 979 1868 librariorum
1007 1845 1128 1869 errore
1154 1835 1319 1879 (propter
1344 1833 1529 1875 Liciniae,
1563 1832 1632 1867 Gai
1659 1832 1794 1875 uxoris,

259 1900 393 1923 nomen
415 1899 525 1932 saepe
546 1889 887 1931 commemoratum,
902 1889 944 1921 ut
965 1887 1109 1932 opinor)
1125 1899 1191 1932 pro
1206 1887 1374 1922 Laetorio
1389 1886 1553 1920 Licinius
1570 1886 1795 1920 substitutus

259 1944 317 1976 est
343 1941 437 1987 (Gai.
461 1942 615 1976 Graceh.
640 1943 705 1985 16).
746 1943 826 1975 tum
860 1941 980 1975 minus
1013 1943 1185 1976 accurate
1212 1938 1284 1984 ἂτρὸ
1310 1945 1375 1985 τῆς
1400 1940 1566 1984 γεφύρας
1596 1941 1795 1984 utrumque

259 1998 491 2040 pugnantem
523 1995 753 2029 trucidatum
786 2005 864 2029 esse
897 1995 1048 2039 scripsit
1074 1997 1214 2040 (c.17);
1247 1996 1394 2039 portam
1427 1994 1525 2028 enim
1556 1994 1796 2038 trigeminam

258 2050 426 2093 proxime
453 2051 605 2093 pontem
631 2048 831 2083 sublicium
858 2048 975 2083 fuisse
995 2050 1152 2090 constat,
1180 2048 1218 2082 in
1238 2059 1310 2092 quo
1331 2047 1525 2082 Laetorius
1546 2047 1695 2081 Valerio
1717 2047 1796 2081 Ma-

260 2104 359 2137 ximo
386 2104 423 2136 et
449 2102 600 2137 Aurelio
627 2102 777 2137 Victore
804 2102 962 2137 testibus
988 2103 1109 2146 periit.

359 2158 394 2200 2)
421 2156 517 2190 Plut.
540 2156 650 2191 Phoc.
674 2160 727 2190 19.
768 2156 942 2190 Muenzer
969 2157 1014 2191 R.
1036 2157 1083 2190 E.
1112 2156 1160 2190 IV
1187 2167 1216 2189 c.
1242 2159 1341 2189 1593.

356 2213 389 2254 3)
417 2210 499 2244 Vid.
528 2209 626 2244 infra
653 2211 709 2244 De
735 2222 770 2243 u.
797 2214 829 2245 et
854 2221 919 2245 scr.
942 2210 1066 2244 Fann.
