2002 3342
348 743 671 790 INCERTAE
712 742 984 790 AETATIS
1025 742 1404 790 SORIPTORES

678 848 893 903 su1pi0ius
921 848 1079 889 Blitho.

205 941 322 979 Vnico
344 940 506 991 Sulpicii
527 939 719 978 Blithonis
746 939 937 978 librorum
964 940 1181 990 fragmento
1209 941 1274 978 uix
1297 939 1508 991 quidquam
1533 952 1643 990 prae-

115 1008 215 1045 fatus
238 1018 376 1057 essem,
403 1007 479 1044 nisi
501 1019 520 1044 a
536 1006 670 1044 Vossio
693 1005 776 1059 (lib.
798 1006 811 1044 I
835 1018 864 1044 c.
884 1004 936 1044 18
959 1018 994 1056 p.
1008 1002 1094 1058 92),
1116 1007 1180 1044 cui
1201 1004 1242 1043 G.
1265 1005 1303 1044 F.
1321 1005 1449 1055 Vnger
1470 1001 1589 1057 (Aba.
1606 1006 1641 1042 d.

114 1073 262 1122 Bayer.
284 1073 414 1111 Alcad.
436 1070 517 1109 xvl
538 1084 573 1122 p.
593 1068 694 1125 154)
724 1083 908 1109 assensus
929 1077 1000 1121 est,
1028 1076 1132 1109 esset
1153 1071 1339 1109 confusus
1361 1083 1449 1109 cum
1471 1069 1643 1121 Sulpicio

115 1137 244 1188 Galba,
266 1136 408 1176 Galbae
429 1139 678 1188 imperatoris
699 1149 782 1187 auo,
805 1138 870 1188 qui
891 1136 1148 1187 multiplicem
1171 1148 1243 1175 nec
1264 1138 1501 1175 incuriosam
1524 1136 1643 1174 histo-

115 1204 211 1242 riam
238 1202 373 1253 edidit,
398 1208 442 1241 ut
468 1204 522 1241 ait
542 1202 752 1241 Suetonius
775 1202 880 1241 Gall).
902 1199 940 1253 3,
968 1203 1080 1240 cuius
1108 1201 1183 1240 duo
1212 1202 1429 1252 fragmenta
1450 1198 1528 1254 (ap.
1544 1200 1642 1239 Plut.

113 1268 220 1308 Rom.
239 1266 304 1319 17,
332 1267 441 1307 Oros.
464 1266 508 1319 ὗ,
529 1265 603 1319 23,
625 1266 662 1307 6.
699 1267 775 1306 Vol.
797 1267 828 1306 ΙΙ
855 1281 890 1319 p.
908 1277 1031 1306 LVIII.
1053 1265 1121 1306 41.
1154 1267 1233 1306 uid.
1254 1266 1413 1318 Prosop.
1435 1267 1485 1305 lli
1506 1280 1541 1318 p.
1558 1264 1642 1305 283

113 1347 149 1373 n.
167 1330 269 1388 720)
298 1333 345 1372 ad
372 1346 442 1372 nos
468 1338 749 1384 peruenerunt.
789 1345 877 1372 nam
905 1333 1022 1372 huius
1050 1339 1160 1384 pater
1188 1332 1270 1372 Ser.
1293 1332 1491 1384 Sulpicius
1513 1332 1643 1383 Galba,

114 1412 202 1438 cum
229 1412 260 1437 a.
276 1397 343 1437 54.
368 1396 450 1437 700
478 1404 700 1450 praeturam
728 1405 895 1449 gereret,
923 1411 954 1437 a.
970 1396 1038 1437 49.
1063 1396 1146 1437 705
1170 1398 1305 1437 consul
1328 1399 1516 1437 suffectus
1538 1404 1643 1436 esset

114 1461 291 1517 (Prosop.
312 1464 362 1502 ΙΙΙ
383 1477 418 1515 p.
435 1462 520 1503 284
541 1477 576 1502 n.
596 1461 712 1518 722),
739 1470 821 1503 erat
843 1464 1014 1503 Cornelii
1036 1462 1196 1515 Nepotis
1218 1464 1402 1515 aequalis,
1424 1476 1551 1515 neque
1573 1465 1643 1514 igi-

112 1537 177 1569 tur
204 1531 289 1568 lieri
314 1531 452 1581 potuit,
478 1536 519 1568 ut
547 1529 690 1568 librum
718 1530 886 1580 aliquem
914 1529 960 1568 ab
983 1531 1068 1567 eius
1095 1529 1174 1567 filio
1196 1525 1294 1582 (cos.
1318 1527 1384 1568 33.
1409 1526 1511 1582 786)
1540 1542 1642 1567 (τοπι-

113 1597 282 1646 positum
310 1595 514 1633 Cornelius
542 1594 670 1646 Nepos
704 1597 743 1634 in
770 1594 996 1634 auctoribus
1030 1597 1112 1634 suis
1139 1595 1312 1634 haberet.
1353 1601 1529 1634 ceterum
1558 1595 1643 1634 Sul-

113 1662 225 1712 piciis
252 1673 323 1711 per
348 1660 412 1699 illa
439 1666 612 1711 tempora
641 1660 785 1711 gentile
809 1661 880 1699 suit
902 1660 1028 1699 studia
1050 1661 1237 1700 historiae
1259 1662 1411 1713 l'ouere3
1439 1660 1641 1699 Claudium

112 1726 268 1777 quidem
304 1721 621 1780 (imperatorem)
663 1725 1000 1765 adulescentulum
1041 1726 1219 1765 hortante
1253 1726 1295 1765 T.
1324 1726 1433 1765 Liuio
1468 1725 1642 1765 scrihere

113 1804 341 1842 aggressum
357 1791 554 1842 Sulpicius
571 1791 712 1830 Flauus
734 1791 884 1831 adiuuit
905 1788 1030 1845 (Suet.
1047 1792 1179 1831 Claud.
1196 1790 1264 1843 41,
1284 1788 1339 1846 1).
1374 1797 1486 1830 antea
1501 1791 1540 1830 C.
1558 1791 1642 1830 Sul-

111 1858 237 1908 picius
265 1856 396 1895 Gallus
424 1852 634 1910 (cos.166.
657 1854 762 1911 588)
796 1857 1028 1909 astrologiae
1061 1870 1139 1896 non
1172 1858 1297 1897 solum
1331 1859 1482 1909 peritus
1516 1858 1643 1896 suerat

112 1922 180 1961 sed
209 1923 324 1961 etiam
352 1922 496 1961 librum
525 1921 570 1961 de
599 1935 642 1961 ea
670 1924 883 1974 scripserat
910 1920 1026 1977 (Pun.
1050 1936 1085 1962 n.
1106 1923 1143 1963 h.
1165 1922 1203 1974 2,
1220 1920 1293 1975 533
1315 1920 1403 1976 83).

801 2051 950 2093 Alfius.

200 2143 287 2182 Alfii
306 2142 527 2194 complures
548 2143 767 2181 litterarum
788 2143 902 2182 laude
924 2144 1105 2194 floruere,
1127 2149 1169 2182 ut
1184 2142 1305 2182 Alfius
1321 2143 1463 2181 Flauus
1478 2144 1642 2194 Augusti

113 2214 236 2248 aetate
252 2208 407 2247 celeber
427 2214 509 2247 erat
532 2215 569 2247 et.
590 2209 723 2247 rhetor
738 2214 776 2247 et
796 2214 919 2260 poeta,
943 2210 1105 2247 sortasse
1127 2208 1230 2247 idem
1247 2204 1344 2262 (sec.
1361 2208 1639 2259 Kiesslingium

112 2275 151 2312 in
173 2274 250 2312 ind.
267 2273 438 2313 Senecae
460 2287 494 2324 p.
511 2271 608 2312 529.
638 2274 785 2313 Schanz
807 2274 839 2312 ΙΙ
859 2272 900 2313 1³
921 2288 956 2325 p.
973 2271 1092 2329 367),
1113 2276 1180 2325 qui
1202 2274 1247 2313 de
1270 2274 1452 2325 delphino
1473 2287 1641 2325 puerum

113 2339 306 2391 quendam
333 2345 486 2378 amante
513 2352 589 2378 una
617 2352 706 2378 cum
733 2339 955 2378 Maecenate
983 2346 1021 2378 et
1041 2340 1210 2379 Fabiano
1232 2352 1252 2377 a
1273 2339 1397 2378 Plinio
1419 2352 1455 2378 n.
1477 2340 1513 2378 h.
1535 2338 1640 2391 9‚25

112 2406 223 2443 testis
251 2406 404 2455 citatur,
430 2410 512 2443 tum
540 2404 631 2443 libri
659 2405 933 2444 excellentium
961 2406 1140 2444 uirorum
1161 2405 1289 2456 Alphii
1311 2406 1414 2443 Auiti
1438 2405 1640 2444 cuiusdam

112 2469 325 2508 identidem
359 2484 378 2508 a
404 2470 604 2509 I'risciano
639 2470 846 2510 laudantur
875 2467 1090 2524 (Baehrens
1112 2471 1173 2509 Fr.
1195 2477 1296 2522 poet.
1319 2470 1381 2508 lat.
1403 2483 1438 2522 p.
1455 2468 1539 2510 383
1553 2471 1641 2525 sip).

113 2534 281 2585 denique
301 2535 422 2574 Alfius
433 2532 478 2590 ¹),
505 2537 674 2587 scriptor
695 2536 787 2575 belli
808 2536 1155 2587 Carthaginiensis,
1176 2537 1287 2574 cuius
1309 2538 1495 2575 memoria
1517 2544 1642 2576 exstat

113 2600 214 2651 apud
229 2597 435 2654 Festum.²)
476 2603 610 2640 omitto
632 2601 758 2641 Vossii
779 2599 851 2655 (De
873 2608 973 2653 poet.
990 2602 1051 2642 lat.
1074 2615 1109 2653 p.
1126 2598 1201 2656 38)
1225 2603 1492 2641 coniecturam
1514 2615 1558 2641 ex
1580 2603 1641 2641 his

209 2739 241 2782 1)
267 2738 536 2783 Nipperdeium
558 2739 705 2785 (Opusc.
728 2753 761 2785 p.
778 2744 845 2775 401
859 2742 926 2785 sq.)
959 2752 1032 2775 non
1066 2743 1164 2775 recte
1197 2741 1312 2776 Coelii
1346 2752 1479 2776 nomen
1508 2741 1641 2776 substi-

111 2791 226 2826 tuisse
252 2791 371 2826 uideri
397 2792 471 2827 iam
499 2804 610 2839 supra
629 2806 663 2838 p.
680 2807 846 2828 ccxxxvu
873 2794 1095 2828 monuimus.

206 2847 239 2889 2)
268 2845 342 2880 Sub
364 2845 507 2890 Alpheo
533 2847 725 2892 philologo
752 2849 852 2892 apud
874 2848 985 2882 Prisc.
1008 2852 1028 2883 8
1049 2860 1083 2892 p.
1101 2852 1168 2883 383
1184 2848 1227 2881 H.
1249 2848 1343 2882 latet
1364 2849 1494 2882 Ateius
1518 2848 1642 2882 Philo-

111 2897 230 2943 logus,
258 2910 366 2942 quem
393 2901 492 2934 recte
519 2900 661 2935 det-exit
688 2902 812 2935 Osann
835 2901 965 2935 Annal.
989 2901 1067 2936 erit.
1090 2914 1123 2946 p.
1141 2905 1194 2935 66,
1224 2901 1268 2935 cf.
1291 2902 1402 2935 Hertz
1425 2912 1455 2935 a.
1478 2902 1512 2935 h.
1534 2901 1555 2935 l.
