2002 3342
535 198 575 240 Q.
598 198 834 234 CLAVDIVS
864 199 1227 241 QVADRIGARIVS
1499 213 1647 243 ccxcv

110 309 291 348 mandam
335 316 484 348 tantum
530 311 748 362 pertineat3
796 322 882 348 meo
926 316 1055 348 autem
1099 313 1206 362 operi
1246 317 1352 350 certa
1396 310 1645 349 fundamenta

116 374 293 413 iacienda
322 381 443 426 erant,
471 377 510 413 in
539 374 681 426 quibus
709 375 882 414 studium
909 380 947 413 et
974 375 1175 414 meditatio
1203 376 1249 415 de
1273 377 1486 414 memoriae
1508 375 1646 414 Roma·

114 452 185 478 nae
213 442 379 479 ueritate
407 440 718 491 superstruenda
746 446 862 479 esset.
903 440 999 478 baec
1027 446 1156 478 tamen
1179 441 1420 492 aliquantum
1442 453 1503 479 me
1525 440 1646 479 extol-

114 504 194 543 lere
222 518 335 556 posse
364 517 491 556 spero,
519 507 563 556 si,
590 511 633 544 ut
661 505 775 544 tidem
799 505 951 543 Claudii
978 506 1140 556 eiusque
1169 505 1310 544 aemuli
1333 506 1474 544 valerii
1501 507 1645 544 exami—

111 581 212 620 nem,
239 570 312 608 hoc
339 570 423 608 loco
451 572 640 609 rationem
667 570 874 609 Liuianam
903 575 1084 608 auctores
1112 571 1259 609 citandi
1281 572 1503 609 accuratius
1525 570 1645 621 expli-

112 646 266 673 cauero.
307 648 422 686 quam
461 635 506 674 dc
541 642 678 686 quarta
712 637 924 687 quintaque
961 635 1106 674 decade
1140 638 1314 686 apertius
1348 647 1463 686 quam
1496 637 1536 673 in
1570 635 1645 674 ulla

113 699 204 751 alia,
238 700 304 739 ubi
338 702 509 751 primum
537 700 740 752 Polybium
768 701 1051 752 Claudiumque
1078 701 1314 751 nominauit,
1347 701 1549 751 professus
1576 707 1646 739 est.

201 765 256 803 Ab
285 766 356 804 boc
385 767 506 817 igitur
526 765 609 804 1060
632 765 916 805 exordiendum
940 772 1010 805 est.
1046 779 1134 804 nam
1162 771 1416 817 posteaquam
1438 765 1484 804 ad
1503 767 1646 817 Cynos-

113 830 292 881 cephalas
320 831 545 882 Philippum
578 833 727 870 uictum
761 844 848 870 esse
882 830 950 882 33,
966 829 1163 882 3—10,7
1200 831 1416 870 secundum
1443 831 1645 881 Polybium

112 898 289 934 narrauit
308 908 572 947 numerosque
594 909 797 935 caesorum
817 903 1099 948 captorumque
1121 896 1293 935 bostium
1309 902 1424 947 atque
1441 909 1645 934 caesorum

111 960 375 1000 Romanorum
404 961 564 1012 addidit,
591 963 631 1000 in
659 961 875 1013 appendice
903 959 1181 1013 c.10,S—10
1209 961 1479 1000 diuersitatem
1508 974 1645 999 nume-

113 1039 246 1065 rorum
275 1039 320 1065 ex
343 1026 493 1065 Valerio
521 1032 559 1065 et
586 1026 746 1065 Claudio
774 1029 826 1065 ita
856 1028 1068 1078 adnotauit,
1095 1033 1139 1066 ut
1166 1039 1300 1065 eorum
1329 1026 1446 1065 tidem
1475 1028 1645 1077 11153110-

112 1104 310 1130 merorum
345 1093 578 1131 enormitate
613 1091 808 1143 debilitet,
842 1092 1063 1144 Valeriique
1094 1094 1134 1130 in
1161 1093 1318 1143 primis,
1355 1105 1444 1130 cum
1472 1104 1560 1130 eum
1589 1093 1645 1130 sic

111 1156 341 1195 introducit:
365 1155 415 1196 ‘se'
432 1157 592 1196 Valerio
614 1160 684 1206 qui
704 1160 847 1197 credat
869 1161 1042 1197 omnium
1058 1170 1196 1196 rerum
1218 1155 1419 1196 inmodice
1434 1169 1644 1195 numerum

111 1219 309 1272 auqenti',
335 1234 463 1273 neque
488 1222 592 1273 quod
619 1235 808 1262 numerus
831 1229 1033 1274 captorum
1061 1223 1232 1262 hostium
1256 1224 1387 1261 minor
1407 1228 1477 1272 est,
1504 1234 1645 1273 oppro-

111 1287 174 1325 bio
206 1288 349 1338 parcit:
384 1285 457 1326 ‘ibe‘
488 1290 704 1327 modestius
736 1291 1039 1328 mendacium
1067 1286 1152 1328 θεῖ’.
1191 1287 1523 1339 multiplicauerat
1548 1299 1645 1325 uero

111 1364 320 1391 numerum
347 1352 519 1391 hostium
548 1365 753 1392 caesorum
780 1353 846 1392 ille
868 1356 1092 1405 quinquies,
1120 1353 1316 1403 Claudius,
1344 1365 1461 1404 quem
1489 1365 1565 1391 non
1587 1354 1644 1390 in-

111 1419 276 1468 cusauit,
303 1423 453 1468 quater,
481 1430 570 1456 cum
596 1418 661 1457 ille
690 1418 736 1457 de
757 1421 881 1470 captis
909 1419 1087 1458 hostibus
1112 1431 1202 1457 cum
1223 1418 1381 1469 Polybio
1408 1430 1532 1469 paene
1554 1430 1644 1457 con-

112 1484 288 1533 sentiret,
316 1483 379 1521 1116
406 1495 532 1534 usque
560 1483 607 1521 ad
627 1481 744 1522 4300
766 1484 1015 1523 diminueret.
1056 1483 1125 1523 sed
1151 1484 1224 1522 1106
1252 1483 1335 1522 loco
1363 1496 1441 1522 non
1462 1485 1557 1521 satis
1577 1483 1644 1522 ha-

111 1547 196 1586 buit
227 1560 349 1586 unum
384 1547 430 1586 de
457 1548 642 1587 Romanis
675 1550 850 1588 irrisisse
884 1549 953 1588 sed
980 1549 1074 1600 quid
1103 1550 1189 1600 ipse
1217 1550 1400 1598 sentiret,
1433 1549 1644 1599 praeconio

110 1613 319 1663 Polybiano
349 1619 556 1651 exsecutus
584 1620 660 1652 est:
694 1626 765 1653 nos
791 1626 870 1653 non
897 1618 1059 1654 minimo
1079 1617 1335 1664 potissimum
1362 1625 1529 1652 numero
1556 1626 1643 1652 cre-

110 1681 296 1726 didimus,
322 1680 395 1716 sed
421 1680 630 1728 Polybium
655 1683 786 1718 secute·
810 1692 957 1727 sumus,
985 1692 1063 1718 non
1092 1683 1291 1718 incertum
1319 1684 1527 1718 auctorem
1554 1690 1643 1717 cum

108 1746 283 1782 onme'um
311 1744 590 1782 Romanarum
623 1757 760 1784 rerum
789 1751 871 1784 lum
891 1748 1124 1795 praecipue
1150 1748 1191 1783 in
1224 1746 1400 1783 Graece’u
1425 1750 1643 1792 qeslurum,

110 1808 214 1859 quod
241 1808 447 1847 consilium
480 1811 724 1860 propositum
757 1811 797 1848 in
830 1811 1061 1849 memoriam
1095 1822 1253 1861 semper
1284 1809 1410 1848 denuo
1438 1810 1643 1847 occasione

111 1873 196 1912 data
218 1886 406 1912 reuocare
422 1886 760 1925 superuacaneum
777 1888 863 1914 esse
880 1875 990 1914 duxit
1000 1871 1050 1928 1);
1072 1876 1203 1926 itaque
1220 1875 1293 1913 alio
1310 1874 1393 1913 1060
1409 1871 1574 1927 (3833,
1585 1870 1643 1926 8),

109 1952 186 1990 quo
202 1939 338 1978 Liuius
359 1939 507 1978 cladem
524 1939 831 1991 Tectosagorum
852 1942 893 1979 in
913 1947 1045 1980 monte
1062 1940 1241 1992 Olympio
1263 1945 1462 1991 acceptam
1483 1939 1642 1990 Polybio

109 2017 203 2043 usus
238 2003 487 2043 adumbrauit
513 2001 565 2056 (c.
587 2004 786 2056 21—23,
808 2003 852 2059 5)
886 2018 1176 2057 numerumque
1210 2005 1383 2044 hostium
1416 2006 1642 2044 interfecto·

110 2082 209 2120 rum,
230 2071 298 2120 qui
317 2075 479 2120 propter
498 2077 679 2109 naturam
702 2071 775 2109 1061
796 2071 899 2110 haud
915 2071 1027 2110 facile
1043 2072 1135 2109 iniri
1151 2072 1355 2122 potuisset,
1370 2076 1413 2109 ut
1431 2070 1495 2109 ille
1511 2071 1643 2109 omisit

111 2130 272 2187 (Nissen
295 2148 329 2185 p.
346 2132 432 2173 204
444 2131 533 2188 sq),
559 2142 641 2174 tum
662 2136 767 2175 hunc
788 2136 972 2176 Romanis
994 2136 1219 2175 fictionibus
1241 2136 1451 2187 suppleuit,
1479 2134 1642 2186 Claudii,

109 2201 177 2251 qui
203 2201 331 2250 ipsum
360 2212 568 2239 numerum
588 2201 843 2252 Poly-bianum
870 2202 1042 2241 hostium
1065 2207 1268 2252 captorum
1290 2201 1337 2239 ad
1358 2213 1492 2239 caesos
1515 2207 1640 2239 trans-

109 2265 262 2315 tulerat,
289 2264 442 2315 Valerii,
470 2267 536 2317 qui
556 2279 681 2317 usque
704 2266 750 2305 ad
772 2274 951 2318 quartam
978 2272 1130 2318 partem
1153 2279 1242 2305 eum
1265 2271 1535 2317 reuocauerat,
1563 2265 1640 2304 dis-

108 2331 447 2381 ceptationemque
481 2344 525 2369 60
555 2331 731 2382 deduxit,
764 2338 805 2370 ut
838 2344 1048 2371 numerum
1076 2333 1322 2383 captiuorum
1349 2331 1471 2369 baud
1499 2330 1639 2369 dubie

110 2395 214 2433 milia
231 2395 483 2446 quadraginta
500 2396 720 2447 expleuisse
738 2397 887 2436 diceret
901 2397 1018 2449 idque
1038 2396 1295 2448 probabiliter
1310 2396 1549 2435 defenderet.
1577 2396 1641 2435 1116

108 2466 238 2498 autem
261 2458 379 2498 ‘haud
402 2460 559 2500 dubius’
584 2474 771 2501 numerus
794 2463 866 2501 fuit
880 2462 1042 2513 Polybii,
1064 2463 1177 2501 cuius
1193 2461 1328 2500 Liuius
1351 2474 1427 2500 0011
1448 2462 1639 2500 meminit.

108 2524 233 2563 Etiam
266 2525 364 2563 ultra
400 2528 523 2577 ipsam
557 2527 814 2578 appendicem
842 2525 993 2578 33,÷30,
1011 2525 1156 2566 8-—10
1186 2528 1398 2566 auctoritas
1426 2528 1510 2565 eius
1537 2539 1639 2565 com·

204 2649 236 2690 1)
264 2646 442 2680 Similiter
471 2646 622 2681 Tacit-us
655 2647 693 2681 in
726 2647 924 2682 annalibus
956 2658 1030 2681 non
1062 2648 1148 2681 ante
1179 2650 1292 2688 13‚20
1324 2647 1362 2680 in
1396 2646 1639 2681 adnotatione

107 2699 236 2733 critica
264 2699 369 2733 Fabii
392 2699 546 2741 Rustici,
573 2699 697 2743 Plinii,
725 2700 847 2735 Cluuii
874 2703 1066 2735 auctorum
1087 2712 1236 2734 auorum
1264 2700 1337 2734 iam
1359 2702 1469 2734 antea
1492 2699 1639 2734 adhibi-

108 2754 229 2786 torum
249 2752 475 2787 mentionem
495 2753 654 2787 inseruit,
675 2754 929 2798 conclusitque
949 2765 1015 2788 ‘nos
1034 2765 1244 2788 consensum
1265 2757 1452 2788 auctorum
1468 2754 1638 2795 secuturi,

107 2806 140 2840 si
160 2807 223 2849 qui
242 2806 390 2841 diuersa
409 2807 650 2850 prodiderint,
675 2808 741 2841 sub
762 2808 970 2842 nominibus
989 2809 1151 2852 ipsorum
1174 2807 1367 2842 trademus.
1408 2807 1483 2840 uid.
1505 2806 1585 2841 Vol.
1605 2806 1638 2839 II

108 2870 143 2902 p.
166 2870 317 2903 cnveqq.
345 2871 453 2893 chm
468 2870 521 2903 sq.
