2002 3342
239 185 265 226 2
273 185 329 225 96
879 178 1136 220 RELIQVIAE

334 289 439 333 137.
479 294 572 332 Gell.
590 292 740 340 12,15,
757 292 794 329 1.
834 289 931 328 Cum
964 289 1231 328 lectitaremus
1258 288 1462 327 historiam
1490 289 1676 328 Sisennae
1706 289 1771 328 ad·

243 359 373 409 sidue,
407 355 680 396 huiuscemodi
712 356 859 406 figurae
893 354 1080 394 aduerbia
1112 355 1151 392 in
1178 355 1354 392 oratione
1381 355 1465 392 eius
1492 353 1769 393 animaduerti-

242 437 347 475 ωας,
381 422 552 462 cuimodi
579 428 670 461 sunt
695 421 809 460 haec:
843 420 1016 471 Cursim,
1048 419 1306 470 properatim,
1341 418 1514 469 celatim,
1546 418 1773 469 uellicatim‚

245 490 453 529 saltuatim.
493 487 549 526 Ex
582 487 725 539 quihus
760 486 833 525 duo
867 487 1011 537 prima,
1044 485 1134 536 quia
1162 490 1253 522 sunt
1279 485 1447 534 notiora,
1479 483 1668 535 exemplis
1695 496 1773 523 non

244 554 484 603 indigebant.
1793 564 1809 589 5

335 621 443 665 138.
481 625 606 663 Prisc.
627 624 655 661 3
667 622 812 672 p.385
828 623 875 661 H.
916 621 1098 660 Sisenna:
1137 619 1261 658 Vitam
1289 632 1377 658 cum
1406 619 1537 658 dolore
1565 625 1604 658 et
1629 619 1774 669 insigni

247 692 425 729 cruciatu
452 690 701 728 carnificatus
729 688 870 726 amisit.

337 757 444 801 139.
480 759 900 809 Prisc.10p.546H.
944 757 1127 795 Sisenna:
1161 756 1225 795 Sic
1258 758 1298 794 in
1331 769 1414 794 eam
1447 755 1629 807 paludem
1662 754 1776 794 multi

243 828 412 878 piscium
441 824 720 864 salliendorum
747 835 863 862 causa
891 835 911 860 a
938 821 1106 860 nauibus
1133 822 1387 860 semionustis
1415 826 1644 859 commeant.

338 893 439 936 140.
477 897 606 935 Varro
629 897 677 934 de
698 897 720 933 l.
742 897 765 933 l.
791 895 897 933 VIII
914 894 979 932 73.
1019 893 1115 932 Item
1142 892 1276 944 plures
1303 897 1434 943 patres
1456 891 1622 930 familias
1645 890 1776 929 dicere
1801 899 1832 925 ιο

246 975 323 1001 non
353 961 585 1012 debuerunt,
612 960 681 999 sed
706 966 749 999 ut
777 959 942 998 Sisenna
970 958 1120 1009 scribit,
1146 964 1277 1009 patres
1304 957 1553 996 familiarum.

341 1029 446 1073 141.
480 1033 594 1071 Paul.
620 1045 649 1070 s.
677 1045 714 1070 u.
741 1033 1026 1070 mediterream
1050 1042 1094 1079 p.
1118 1030 1203 1068 123
1218 1030 1271 1068 M.
1322 1028 1598 1067 Mediterream
1636 1026 1778 1066 melius

247 1111 361 1150 quam
388 1098 716 1137 mediterraneam
745 1096 910 1135 Sisenna
939 1095 1014 1133 dici
1039 1100 1160 1145 putat.

340 1166 443 1209 142.
484 1170 678 1219 Cynthius
705 1171 745 1207 in
771 1168 886 1216 Very.
914 1168 1012 1205 Aen.
1041 1166 1068 1204 I
1090 1166 1176 1204 636
1203 1167 1284 1215 (ap.
1313 1165 1412 1204 Mai.
1435 1167 1549 1204 class.
1572 1168 1678 1203 auct.
1702 1163 1780 1202 VII

246 1236 364 1284 359).
404 1234 516 1286 Apud
549 1233 776 1272 Sallustium
810 1238 847 1270 et
875 1231 1081 1270 Sisennam
1115 1232 1317 1269 inuenitur
1345 1230 1405 1268 die
1438 1231 1478 1268 in
1507 1229 1647 1268 datiuo.
1688 1223 1777 1281 <Fa-
1799 1238 1832 1262 15

247 1300 402 1339 ciebant
429 1305 466 1338 et
492 1300 710 1350 genitiuum
736 1299 777 1336 in
803 1298 873 1347 ies,
899 1297 1016 1335 huius
1044 1292 1159 1349 dies.)

345 1473 436 1508 137.
465 1474 718 1517 Insequuntur
744 1471 846 1516 apud
875 1470 1033 1505 Gellium
1057 1470 1104 1513 fr.
1122 1471 1192 1504 126
1211 1470 1346 1504 et127.

344 1525 435 1561 140.
465 1527 518 1569 Of.
543 1526 682 1561 Charis.
703 1526 730 1559 Ι
742 1536 777 1569 p.
794 1526 866 1559 107
881 1524 949 1558 K..-
975 1523 1086 1557 Pater
1111 1521 1275 1556 familias
1303 1526 1340 1555 et
1362 1523 1482 1555 mater
1502 1519 1665 1554 familias
1686 1520 1781 1554 anti-

250 1575 313 1618 qui
340 1574 460 1618 magis
487 1575 774 1618 usurpauerunt.
802 1592 846 1597 —-
874 1571 938 1605 sed
972 1570 1207 1605 emendatius
1240 1568 1433 1603 custodiae
1459 1568 1582 1602 Maiae
1611 1569 1648 1601 et
1673 1566 1781 1601 fami-

251 1622 324 1656 liae
351 1621 519 1655 dicimus.
548 1621 646 1664 quod
673 1631 718 1654 ne
745 1619 996 1654 celebraretur
1017 1617 1208 1652 Sisenna
1234 1616 1367 1652 effecit.
1408 1616 1462 1650 ait
1488 1615 1587 1650 enim
1613 1626 1697 1649 eum
1718 1614 1782 1658 qui

251 1670 391 1704 diceret
416 1670 523 1713 pater
548 1667 725 1710 familiae,
753 1667 867 1701 etiam
892 1665 1088 1710 pluraliter
1108 1665 1229 1699 dicere
1250 1664 1383 1699 debere
1409 1666 1535 1708 patres
1554 1662 1782 1697 familiarum

251 1724 288 1751 et
307 1718 446 1751 matres
466 1715 704 1750 familiarum.
731 1715 824 1750 idem
840 1715 908 1758 11).
924 1716 996 1748 120
1010 1714 1076 1747 K.:
1096 1712 1239 1746 Plinius
1256 1711 1444 1746 Secundus
1460 1711 1591 1745 eodem
1604 1709 1698 1743 libro
1714 1709 1780 1743 VI:

253 1765 300 1798 ‘A
327 1763 433 1798 finita
458 1763 610 1798 nomina
637 1762 816 1807 singulari
842 1760 1074 1795 nominatiuo
1100 1761 1245 1794 ueteres
1267 1769 1354 1793 casu
1380 1758 1554 1803 genetiuo
1576 1768 1615 1791 as
1637 1756 1784 1800 syllaba

252 1811 507 1852 declinabant,
540 1812 582 1844 ut
606 1810 707 1844 Maia
733 1809 863 1843 Maias.
903 1818 990 1842 nam
1023 1808 1060 1841 et
1087 1806 1243 1841 Sisenna
1274 1805 1397 1850 inquit
1430 1817 1513 1839 eum
1545 1805 1609 1848 qui
1642 1805 1785 1838 diceret

250 1861 359 1904 pater
381 1858 558 1899 familiae,
584 1859 733 1902 patrum
754 1856 983 1891 familiarum
1004 1856 1173 1899 oportere
1195 1854 1326 1888 dicere.
1361 1853 1489 1897 itaque
1510 1854 1655 1896 patrum
1676 1851 1783 1886 fami-

251 1907 386 1941 liarum
413 1917 491 1941 cum
519 1904 798 1939 consuetudinis
825 1903 992 1938 taedium
1015 1902 1210 1946 respuerit,
1230 1903 1274 1939 cet
1296 1905 1402 1945 pater
1421 1901 1588 1943 familiaezs
1608 1899 1682 1933 dici
1701 1910 1784 1943 per-

253 1955 463 1989 seueratum
492 1953 573 1987 est’.
615 1953 799 1996 Corrupta
823 1955 909 1986 sunt
928 1951 1039 1986 uerba
1059 1950 1175 1985 Probi
1194 1950 1236 1984 de
1256 1960 1348 1983 nom.
1371 1960 1410 1993 p.
1426 1948 1577 1983 211K.:
1603 1948 1710 1991 pater
1729 1946 1785 1980 fa-

252 2001 377 2035 milias
411 2001 457 2035 ab
485 2000 650 2044 antiquis
678 1999 874 2034 dicebatur
895 2024 1166 2032 ..........
1189 1997 1336 2030 secutus
1363 1997 1419 2030 est
1445 1996 1482 2030 et
1507 1993 1679 2028 Messala.
1720 1993 1785 2027 sed

255 2049 426 2091 Sisenna,
455 2048 612 2093 scriptor
637 2047 853 2089 historicus,
880 2046 1021 2091 primus
1047 2046 1210 2079 mutasse
1238 2043 1374 2078 dicitur
1405 2046 1512 2088 pater
1537 2041 1704 2076 familiae
1730 2041 1785 2075 di-

256 2097 382 2131 cendo.

346 2263 454 2317 137,
485 2270 504 2305 1
544 2266 709 2304 Sisenna
734 2265 775 2303 in
800 2264 912 2302 libris
939 2263 1197 2302 historiarum
1229 2263 1368 2301 lemma
1430 2261 1569 2300 istoria
1597 2256 1659 2298 X1
1691 2261 1786 2298 isto-

254 2330 332 2365 rias
361 2322 424 2365 X2
454 2327 641 2365 historias
669 2326 714 2363 H
788 2324 957 2372 sisennie
987 2323 1022 2360 Τ
1051 2323 1204 2371 sisenne
1231 2322 1270 2360 B
1394 2322 1416 2359 3
1451 2322 1531 2359 sint¹
1556 2320 1649 2357 DN
1654 2319 1733 2357 ΤΥ

255 2400 322 2424 eur
349 2387 422 2425 sim
450 2382 511 2424 Xl
635 2386 659 2421 4
687 2384 852 2422 salutati
880 2383 960 2420 ΤΥ

347 2452 457 2507 138,
486 2459 507 2494 7
537 2457 693 2493 amissit
721 2455 876 2493 Gruter.
895 2454 1067 2492 Karolz'r.

348 2523 456 2578 139,
485 2528 508 2565 8
543 2529 701 2565 sisenna
728 2540 747 2561 ιτ
776 2527 831 2564 sic
856 2527 897 2563 in
926 2521 984 2577 (.)
1011 2525 1103 2563 Par.
1116 2520 1172 2562 R¹
1205 2524 1362 2562 sisenna
1394 2523 1466 2569 sic3
1500 2522 1540 2560 in
1567 2515 1730 2560 Par R2

257 2584 361 2639 eam]
391 2587 525 2626 eadem
550 2587 723 2634 Sanqall.
758 2585 891 2623 eadem
924 2586 1118 2622 Halberst.
1181 2583 1370 2633 puludem
1396 2582 1570 2620 Karolz'r.
1677 2581 1700 2618 9
1729 2592 1788 2618 sa.-

256 2647 476 2685 liendorum
490 2640 790 2683 Par.R1Grut.2
816 2644 1081 2682 sallendorum
1096 2643 1269 2691 Sawyall.
1291 2636 1506 2680 Halberst.¹
1558 2639 1790 2677 semionusti

256 2707 357 2745 Roth.
419 2708 598 2743 comeant
624 2705 798 2742 Karolir.

352 2771 454 2827 141,
479 2777 530 2813 13
560 2772 897 2814 ‘mediterraneum
918 2776 957 2812 in
982 2775 1089 2823 uuly.
1111 2786 1154 2812 ex
1174 2784 1301 2812 errore
1327 2772 1557 2821 typographi
1575 2772 1701 2808 ortum
1721 2765 1790 2806 θεῖ’

258 2836 427 2874 DIueller
