2002 3342
304 209 475 238 ccxx-m
637 194 698 227 DE
728 193 1035 227 sORIPTORVM
1062 193 1184 227 vrris
1211 193 1271 227 ET
1298 193 1505 227 scaiPTis

393 306 611 356 Descriptio
646 310 776 342 tamen
809 305 965 353 generis
1000 304 1156 342 dicendi
1183 317 1201 342 a
1231 305 1420 342 Cicerone
1453 299 1621 343 nonest
1647 305 1833 343 absoluta.

305 371 415 409 deest
447 373 550 409 enim
584 371 854 407 orationum
887 382 907 407 a
935 369 1065 407 Coelio
1100 370 1277 407 fictarum
1311 371 1476 419 mentio,
1513 370 1655 420 quibus
1681 371 1834 421 primus

305 436 481 487 exempla
503 435 648 473 Graeca
676 436 851 473 imitatus
878 434 1080 472 historiam
1106 435 1320 484 exornauit,
1347 434 1387 472 id
1413 434 1516 485 quod
1544 435 1730 485 explicari
1756 447 1835 473 non

304 507 431 552 potest
463 502 539 539 nisi
575 502 645 550 ita,
677 506 721 538 ut
754 499 863 538 illum
900 501 1095 538 orationes
1123 499 1168 537 ab
1203 499 1388 537 historiae
1422 505 1504 538 arte
1538 512 1720 550 separare
1756 512 1834 538 non

305 567 477 616 potuisse
510 578 637 616 neque
667 566 776 603 fictas
811 564 857 602 ab
892 567 968 615 eis,
996 577 1095 615 quae
1128 577 1222 602 uere
1255 564 1409 603 habitae
1437 570 1580 615 essent,
1610 564 1834 603 distinxisse

305 643 546 669 censeamus.
587 643 675 668 nam
697 630 789 668 Cato
816 642 880 668 eas
901 635 1051 668 tantum
1073 629 1187 667 modo
1216 642 1310 680 quas
1337 631 1421 680 ipse
1451 629 1601 668 dixerat
1627 631 1835 681 orationes,

304 702 347 734 ut
373 708 507 734 rerum
535 697 645 746 quasi
673 700 925 733 monumenta
952 700 1095 744 essent,
1123 696 1162 732 in
1190 696 1362 745 origines
1387 707 1477 733 suas
1499 699 1713 746 receperat,
1741 694 1836 733 Coe-

305 761 379 800 lius
406 774 501 800 uero
528 763 568 799 in
596 760 801 799 annalibus
829 761 910 799 suis
939 761 1054 798 etiam
1082 760 1232 798 Poenos
1260 759 1466 810 loquentes
1494 765 1532 798 et
1551 760 1746 798 Romanos
1772 759 1837 798 uel

304 827 456 865 Poenos
488 828 593 865 inter
626 839 667 864 se
701 828 741 863 in
775 831 912 864 senatu
939 825 1074 863 uerbis
1102 831 1298 863 certantes
1325 824 1533 863 induxerat
1560 821 1626 877 (fr.
1648 823 1686 864 5.
1709 823 1745 863 6.
1770 823 1835 863 16.

305 890 372 930 26.
393 890 461 930 47.
483 888 577 945 58),
611 904 708 942 quas
735 893 948 940 orationes,
988 896 1032 928 ut
1058 891 1299 928 ornamentis
1327 896 1365 928 et
1390 889 1605 929 luminibus
1632 890 1837 929 historiam

305 956 550 1006 inlustraret,
591 958 719 1006 ipsum
754 961 1018 994 commentum
1053 968 1138 994 esse
1171 957 1237 994 uix
1265 957 1473 1006 quisquam
1500 955 1669 1005 negabit.
1714 953 1837 1006 quid‘?

306 1021 409 1072 quod
429 1023 563 1060 nescio
585 1034 631 1059 an
655 1033 789 1059 earum
805 1022 1025 1059 orationum
1042 1034 1228 1071 summae,
1244 1033 1342 1071 quae
1358 1020 1460 1071 apud
1476 1020 1631 1059 Liuium
1647 1020 1736 1058 libri
1751 1020 1839 1059 XXI

305 1087 416 1124 initio
444 1086 629 1136 leguntur
655 1098 783 1136 neque
812 1098 857 1123 ex
884 1086 1042 1136 Polybio
1070 1087 1263 1136 originem
1292 1086 1455 1136 ducunt,
1491 1085 1538 1124 ad
1565 1087 1689 1136 ipsius
1717 1085 1839 1124 Coelii

307 1158 431 1190 artem
459 1150 703 1190 renocandae
732 1151 821 1189 sint.
866 1164 993 1202 neque
1022 1153 1127 1189 enim
1155 1151 1290 1190 Liuius
1319 1164 1414 1201 quas
1448 1152 1616 1189 inseruit
1643 1152 1838 1189 orationes

305 1229 441 1255 omnes
463 1222 562 1255 totas
585 1229 654 1254 5110
676 1217 833 1266 ingenio
854 1229 1024 1267 suaeque
1046 1218 1267 1254 inuentioni
1289 1213 1502 1267 deliebat.¹)
1530 1215 1689 1254 uidetur
1709 1221 1839 1254 autem

307 1282 461 1320 Coelius
491 1281 645 1320 adiutus
674 1293 759 1319 esse
787 1282 827 1318 in
854 1281 928 1319 hoc
955 1294 1025 1319 suo
1054 1281 1216 1319 consilio
1244 1293 1287 1319 ea
1315 1293 1356 1319 re
1385 1281 1489 1332 quod
1517 1280 1689 1332 Silenus,
1723 1294 1839 1332 quem

305 1348 538 1398 primarium
572 1352 772 1385 auctorem
806 1347 842 1384 ei
877 1346 997 1385 fuisse
1031 1359 1119 1385 mox
1153 1346 1423 1396 ostendemus,
1462 1346 1604 1385 multas
1644 1347 1840 1385 orationes

306 1413 492 1450 historiae
518 1413 695 1450 inseruit.
735 1424 825 1449 nam
847 1413 921 1449 etsi
942 1411 989 1449 ad
1011 1411 1226 1450 Chaeream
1249 1418 1286 1450 et
1307 1411 1486 1462 Sosylnm
1506 1413 1718 1462 pertinent,
1744 1424 1840 1462 quas

306 1478 472 1528 ineptias
511 1476 696 1527 Polybius
731 1474 789 1529 (3,
811 1473 887 1529 20)
921 1477 1060 1515 acerbe
1097 1476 1371 1528 reprehendit,
1410 1482 1522 1515 antea
1561 1482 1688 1515 tamen
1725 1478 1841 1515 etiam

306 1542 472 1581 aliorum
499 1542 773 1592 loquacitatem
796 1554 815 1579 a
837 1543 1004 1580 ueritate
1027 1541 1295 1580 aberrantium
1323 1541 1611 1593 improbauerat,
1638 1543 1678 1580 in
1699 1541 1841 1592 quibus

307 1609 423 1646 etiam
457 1607 633 1646 Silenum
667 1608 788 1645 1111558
820 1608 908 1645 ueri
941 1607 1069 1646 simile
1104 1613 1173 1646 est.
1218 1607 1369 1658 Polybii
1402 1613 1532 1646 autem
1567 1607 1689 1646 uerba
1724 1609 1842 1646 etiam

307 1674 383 1711 buc
416 1672 689 1711 transferenda
722 1679 830 1711 sunt:
873 1671 927 1711 Οἱ
956 1668 1003 1711 ὁὲ
1031 1669 1227 1724 Ῥωμαῖοι
1270 1670 1660 1724 προσπεπτωκυίας
1694 1670 1842 1719 αὐτοῖς

306 1737 388 1789 ἤδη
421 1742 497 1790 τῆς
529 1743 618 1776 τῶν
647 1736 944 1776 Ζακανθαίων
974 1734 1175 1784 ἁλώσεως
1207 1736 1259 1777 οὐ
1286 1736 1344 1787 μὰ
1370 1736 1459 1776 Δία
1485 1733 1583 1790 περὶ
1610 1741 1688 1776 τοῦ
1715 1735 1843 1777 πολέ-

306 1817 392 1853 μου
431 1803 528 1842 τότε
567 1801 829 1853 ὄιαβούλιον
866 1798 994 1854 ἦγον,
1034 1800 1234 1855 καθάπερ
1272 1799 1383 1842 ἔνιοι
1421 1808 1510 1841 τῶν
1548 1799 1842 1855 συγγραφέων

308 1868 433 1919 φασί,
472 1865 922 1945 προςκαταταῖτοντες
961 1864 1023 1906 ἑτι
1060 1864 1131 1907 καὶ
1167 1867 1270 1921 τοὺς
1308 1867 1369 1914 εἰς
1408 1865 1587 1919 ἑκάτερα
1625 1865 1844 1919 ῥηθέντας

308 1932 485 1984 λόγους,
524 1946 703 1972 παντων
736 1930 1017 1972 ἀτοπώτατον
1049 1937 1229 1985 πρᾶγμα
1259 1937 1502 1979 ποιοῦντες.
1529 1955 1587 1959 -
1619 1931 1728 1984 πρὸς
1762 1928 1843 1984 μὲν

308 2000 391 2037 οὐν
426 1997 477 2037 τὰ
512 2002 694 2037 τοιαῦτα
730 2003 818 2037 τῶν
854 1996 1207 2050 συγγραμμάτων
1242 1989 1312 2037 οἷα
1348 1995 1508 2049 γράφει
1547 1995 1733 2048 Χαιρέας
1770 1994 1842 2036 καὶ

309 2062 523 2110 Σωσύλος
555 2058 687 2102 οὐδὲν
720 2061 776 2102 ἀν
808 2060 901 2102 δέοι
933 2060 1067 2102 πλεον
1099 2063 1253 2115 λέγειν.
1299 2061 1351 2103 οὐ
1386 2061 1467 2115 γὰρ
1503 2061 1696 2115 ἱστορίας
1733 2060 1844 2102 ἀλλὰ

308 2133 550 2181 κουρεακῆς
576 2125 647 2167 καὶ
673 2127 906 2179 πανδήμου
935 2129 1085 2175 λαλιᾶς
1112 2128 1259 2179 ἔμοιγε
1286 2127 1470 2167 δοκοῦσι
1491 2125 1614 2176 τάξιν
1636 2128 1751 2179 ἔχειν
1770 2126 1842 2167 καὶ

312 2192 515 2244 δύναμιν.

398 2258 590 2304 Quoniam
622 2259 730 2297 hisce
757 2258 892 2297 uerbis
920 2258 1042 2297 Coelii
1077 2258 1232 2297 dicendi
1261 2260 1544 2309 proprietatem
1578 2259 1841 2309 exposuimus,

311 2336 413 2361 nunc
450 2323 496 2361 ad
530 2323 673 2362 sidem
707 2325 809 2362 eius
841 2323 1123 2362 historicam
1157 2323 1455 2362 examinandam
1490 2329 1528 2361 et
1560 2322 1840 2362 aestimandam

310 2390 534 2427 transimus.
575 2401 673 2439 quae
695 2389 871 2439 quaestio
898 2390 938 2427 in
958 2388 1037 2426 illis
1059 2399 1191 2427 rernm
1213 2388 1473 2439 scriptoribus
1495 2388 1576 2426 fere
1599 2393 1677 2426 tota
1699 2387 1842 2439 pendet

309 2453 355 2491 ab
383 2453 628 2503 auctoribus,
663 2455 729 2504 qui
762 2453 808 2492 ab
842 2455 899 2492 eis
932 2455 971 2491 in
1004 2466 1119 2492 usum
1153 2455 1281 2492 uocati
1308 2466 1394 2492 esse
1420 2453 1641 2492 uideantur.
1687 2452 1841 2491 Coelius

311 2584 494 2628 Enniique
521 2585 739 2626 admirator,
772 2584 955 2619 laudauit.
1002 2596 1278 2629 superuacanea
1309 2584 1425 2630 igitur
1451 2586 1508 2618 est
1533 2584 1731 2619 Duentzeri
1758 2595 1842 2619 con—

310 2638 448 2672 iectura
474 2639 601 2681 (Ztsch.
627 2638 655 2680 f.
680 2638 941 2683 Gymnasialw.
965 2642 1054 2672 1877
1087 2650 1122 2682 p.
1144 2641 1243 2681 424),
1283 2648 1357 2682 qua
1391 2649 1464 2672 non
1500 2637 1619 2671 solum
1651 2637 1842 2681 Aquilium

310 2701 375 2735 pro
396 2691 432 2724 L.
450 2690 573 2725 Coelio
594 2691 787 2725 substituit
808 2692 872 2725 sed
893 2691 1005 2726 etiam
1027 2691 1143 2726 uerba
1165 2692 1326 2735 ‘eumque
1345 2691 1503 2726 studiose
1528 2691 1733 2726 aemulatus
1755 2691 1839 2735 Aq!

310 2746 395 2788 post
422 2744 629 2778 ‘Plautum'
658 2745 896 2788 transposuit.

408 2799 440 2841 1)
466 2797 550 2832 Vid.
571 2797 787 2831 Lachmann
813 2798 866 2832 De
893 2797 917 2832 f.
939 2798 1016 2832 Liu.
1037 2798 1069 2832 ΙΙ
1098 2802 1163 2831 114
1179 2809 1232 2841 sq.
1270 2798 1405 2832 Nissen
1437 2798 1646 2833 Untersuch.
1672 2809 1707 2841 p.
1729 2800 1772 2831 27
1787 2808 1841 2841 sq.

312 2854 366 2885 92.
389 2854 456 2883 253
472 2861 525 2893 sq.
556 2851 677 2885 Gesch.
699 2850 788 2885 Liu.
811 2851 843 2884 Π
868 2863 904 2895 p.
925 2855 992 2885 299
1009 2862 1064 2895 sq.
