2002 3342
284 210 454 240 comm*
618 196 681 229 nn
711 194 1016 230 SCRIPTORVM
1042 194 1165 228 vrris
1191 194 1252 228 ET
1280 193 1487 229 SCRIPTIS

284 320 361 346 non
378 307 503 346 solum
519 305 620 357 apud
635 307 842 356 optimates
857 318 997 355 magno
1013 305 1215 343 inhonore
1237 310 1341 343 esset
1356 304 1423 343 sed
1439 317 1487 343 ne
1503 305 1604 355 apud
1625 305 1811 356 populum

284 372 441 423 quidem
470 372 592 421 gratia
614 376 767 409 careret
794 366 912 423 (plut.
933 370 1025 408 Mar.
1050 367 1134 419 14),
1163 369 1460 408 desiderabatur
1479 371 1519 408 in
1541 382 1692 408 summa
1713 371 1813 409 inte-

284 439 424 488 gritate
458 437 661 485 seueritaS,
695 437 924 486 constantia,
957 436 1140 485 grauitas,
1173 447 1288 485 quam
1327 434 1375 473 ob
1416 448 1499 473 rem
1538 435 1640 473 haud
1679 437 1811 486 inepte

284 502 421 540 Cicero
450 514 539 539 eum
561 501 804 551 comparauit
825 513 913 539 cum
935 500 1056 538 altero
1078 500 1206 538 Laelio
1228 497 1404 552 (Tuscul.
1425 498 1464 550 5,
1489 497 1553 550 19,
1576 496 1661 553 56).
1697 506 1812 551 atque

285 566 455 605 Graecae
483 565 641 616 quidem
668 565 823 616 linguae
850 570 930 604 tum
959 577 1094 603 omnes
1122 564 1272 603 nobiles
1292 564 1436 603 Romae
1464 566 1581 616 periti
1603 570 1723 615 erant,
1750 565 1814 603 hic

282 644 379 671 uero
406 633 469 681 ita,
496 637 539 669 ut
565 632 681 669 etiam
704 630 872 669 Graecos
898 631 1004 681 ipsos
1027 631 1062 668 ei
1088 642 1179 668 suae
1208 630 1362 679 linguae
1385 629 1640 668 subtilitatem
1662 629 1815 680 elegan-

284 699 458 748 tiamque
480 698 725 735 concessisse
756 695 893 734 Cicero
923 695 1134 733 Antonium
1164 694 1209 733 de
1237 700 1390 733 oratore
1418 694 1456 745 2,
1479 693 1515 745 7,
1536 693 1591 733 28
1621 694 1815 733 dicentem

283 762 409 813 saciat,
436 761 619 812 idemque
647 761 841 800 litteratus
869 766 906 799 et
933 760 1121 810 eruditus,
1148 772 1226 797 non
1254 761 1412 810 antiquo
1440 772 1548 798 more
1577 760 1644 798 sed
1665 761 1815 798 recenti

285 827 461 866 doctrina
483 826 628 865 Graeca
653 826 828 865 imbutus
849 823 976 877 (Brut.
998 823 1065 876 35,
1091 823 1184 863 132.
1220 824 1265 863 (18
1287 826 1349 863 off.
1375 822 1409 875 1,
1430 823 1498 875 37,
1523 821 1623 878 133)
1645 824 1814 876 philoso-

283 893 475 943 phiaeque
509 891 720 930 Carneadis
754 890 997 929 academicae
1033 890 1229 940 addictus,
1269 902 1343 941 qua
1378 891 1529 940 percipi
1567 889 1664 927 nihil
1700 902 1816 940 posse

282 957 455 1008 putabat,
483 956 742 995 adsensurum
769 961 899 994 tamen
921 968 998 993 non
1026 961 1224 1006 percepto,
1251 955 1289 993 id
1312 960 1370 993 est
1391 955 1640 1005 opinaturum
1662 956 1814 1006 sapien-

282 1028 378 1072 tem,
413 1021 481 1060 sed
514 1023 565 1060 ita
600 1027 642 1059 ut
678 1021 925 1071 intellegeret
959 1033 999 1058 se
1034 1021 1185 1071 opinari
1222 1021 1418 1070 sciretque
1456 1019 1553 1058 nihil
1589 1032 1675 1058 esse
1711 1019 1816 1070 quod

283 1086 565 1137 comprehendi
600 1092 637 1124 et
670 1087 822 1137 percipi
848 1082 1030 1138 11055811)
1074 1087 1129 1124 518
1156 1097 1233 1123 11011
1262 1085 1506 1134 mirabimur,
1534 1084 1636 1135 quod
1664 1086 1747 1135 ipse
1772 1090 1816 1123 ut

284 1150 510 1190 ‘multarum
538 1150 773 1190 litterarum’
803 1151 1065 1202 cognitionem
1088 1163 1197 1189 suam
1218 1149 1375 1201 publice
1402 1155 1628 1200 ostentaret,
1652 1149 1816 1188 Alexan-

283 1217 486 1255 drinorum
512 1218 689 1255 uirorum
713 1216 913 1255 doctorum
942 1224 1065 1255 artem
1093 1217 1266 1254 imitatus
1287 1216 1327 1253 in
1349 1214 1602 1265 carminibus,
1630 1216 1815 1253 orationi-

284 1281 370 1332 bus,
396 1282 573 1320 historiis
600 1281 881 1332 componendis
907 1287 1089 1320 uersatus
1116 1277 1222 1334 est.2)

373 1345 629 1384 Scribendi
665 1352 794 1385 autem
830 1359 978 1397 genus
1014 1345 1277 1397 respondebat
1313 1346 1396 1384 eius
1434 1350 1594 1383 naturae
1630 1351 1667 1384 et
1698 1346 1814 1384 uitae.

285 1411 465 1450 laudatur
492 1413 596 1449 enim
624 1424 643 1449 a
671 1411 859 1450 Cicerone
888 1413 1005 1450 etiam
1032 1412 1220 1449 orationis
1254 1411 1338 1448 81115
1372 1411 1534 1448 comitas
1561 1409 1750 1460 quaedam
1779 1415 1817 1449 et

279 1476 460 1527 mollitia,
494 1482 576 1515 tum
609 1478 837 1527 incorrupta
871 1476 999 1515 Latini
1034 1477 1228 1515 sermonis
1265 1476 1470 1525 integritas
1503 1471 1631 1528 (Brut.
1660 1475 1682 1513 l.
1711 1488 1740 1513 s.
1769 1474 1815 1514 de

277 1547 373 1581 orat.
395 1539 433 1592 3,
455 1539 492 1592 8,
515 1538 601 1595 29).
648 1543 815 1581 maxime
852 1547 983 1580 tamen
1019 1548 1062 1580 ut
1098 1543 1137 1580 in
1173 1542 1282 1579 uictu
1316 1540 1501 1591 cultuque
1543 1539 1736 1590 elegantia
1776 1545 1814 1578 et

280 1609 408 1646 nitore
439 1606 704 1645 delectabatur
732 1603 847 1659 (Plin.
873 1605 938 1657 17,
960 1604 997 1645 2.
1036 1606 1156 1645 Varro
1185 1605 1231 1644 de
1260 1617 1288 1644 r.
1311 1617 1340 1643 r.
1363 1603 1401 1655 3,
1423 1603 1460 1656 5,
1484 1602 1575 1658 12),
1608 1606 1660 1643 113
1697 1606 1814 1644 8113111

280 1673 320 1710 111
348 1671 512 1710 dicendo
541 1673 734 1710 suauitate
761 1673 871 1710 uocis
899 1677 937 1710 et
962 1672 1041 1710 leni
1069 1671 1326 1722 appellatione
1354 1670 1588 1720 litterarum,
1615 1676 1657 1708 ut
1679 1670 1816 1709 Cicero

279 1738 372 1776 111118
398 1738 647 1788 potissimum
676 1738 733 1775 rei
760 1737 914 1775 laudem
937 1739 1021 1776 eius
1043 1737 1252 1775 oratoriam
1274 1735 1467 1774 tribueret
1488 1730 1617 1788 (Brut.
1636 1733 1701 1784 74,
1717 1732 1816 1774 259.

282 1802 413 1848 Quint.
435 1804 525 1840 inst.
549 1800 615 1852 11,
637 1800 674 1852 3,
697 1798 785 1856 35).

372 1867 427 1905 Ex
454 1866 566 1905 libris
595 1872 724 1905 autem
752 1880 849 1917 quos
876 1868 1036 1918 scripsit
1060 1868 1232 1918 primum
1260 1871 1590 1904 commemoratur
1616 1867 1648 1904 15
1682 1865 1818 1903 liber

284 1931 433 1983 ‘quem
474 1932 525 1971 de
565 1931 817 1971 consulatu
857 1938 900 1970 et
941 1931 992 1970 de
1032 1931 1174 1970 rebus
1219 1932 1370 1982 gestis
1409 1932 1508 1969 suis
1548 1932 1815 1981 conscriptum

283 1998 390 2036 molli
417 2003 455 2036 et
481 1997 763 2048 Xenophonteo
797 2009 941 2048 genere
969 1998 1163 2036 sermonis
1190 1997 1299 2034 misit
1325 1995 1371 2034 ad
1398 1996 1439 2034 A.
1461 1996 1623 2034 Furium
1650 2002 1817 2046 poetam,

283 2063 515 2101 familiarem
548 2061 678 2101 suum'
713 2059 841 2115 (Brut.
863 2060 932 2113 35,
956 2060 1076 2113 132),
1110 2063 1222 2100 cuius
1255 2062 1346 2100 libri
1379 2073 1601 2100 sermonem
1635 2060 1817 2099 Latinum

284 2129 404 2166 fuisse
425 2128 515 2166 inde
538 2133 708 2179 apparet,
731 2127 834 2178 quod
856 2127 993 2166 Cicero
1013 2133 1057 2166 111
1078 2127 1205 2165 Latini
1226 2128 1420 2166 sermonis
1442 2128 1720 2176 integritatem,
1743 2138 1816 2176 qua

283 2192 443 2232 Catulus
469 2205 566 2232 usus
593 2198 708 2243 85581,
734 2194 1018 2244 perspicerent,
1045 2193 1217 2230 Atticum
1241 2192 1485 2242 Brutumque
1513 2191 1560 2230 ad
1587 2204 1676 2230 eum
1704 2203 1817 2229 reuo-

284 2260 398 2297 cauit.
433 2270 668 2309 quamquam
689 2257 733 2295 H.
754 2257 894 2296 Iordan
923 2253 1073 2310 (Herm.
1095 2257 1141 2295 VI
1168 2270 1203 2308 p.
1226 2253 1421 2310 68—81)
1444 2269 1489 2294 ex
1511 2268 1675 2295 numero
1696 2256 1816 2294 111510-

284 2325 431 2362 riarum
445 2323 509 2361 uel
525 2324 900 2362 commentariorum
916 2335 1005 2361 eum
1022 2319 1297 2373 expellendum
1312 2326 1350 2360 et
1371 2321 1513 2360 libellis
1532 2320 1815 2371 adsignandum

283 2401 369 2427 esse
391 2390 554 2438 censuit,
582 2389 648 2439 qui
669 2400 747 2426 non
775 2389 961 2426 scientiae
989 2400 1121 2426 rerum
1150 2387 1218 2425 sed
1238 2388 1409 2438 partium
1430 2386 1494 2425 1181
1513 2387 1630 2424 11111115
1652 2385 1816 2424 3118111115

282 2454 453 2491 hominis
480 2453 654 2492 consiliis
682 2458 721 2492 et
747 2453 887 2492 studiis
915 2454 1124 2503 seruirent,
1153 2464 1316 2490 exorsus
1344 2464 1364 2489 a
1391 2451 1474 2490 loco
1500 2450 1666 2502 quodam
1695 2450 1816 2488 Fron-

284 2520 385 2557 tonis
407 2515 461 2571 (p.
481 2516 562 2556 126
579 2514 657 2572 Ν),
686 2531 762 2569 quo
776 2518 920 2556 Verum
942 2519 1218 2569 imperatorem
1243 2519 1296 2555 ita
1323 2516 1513 2566 adulatur,
1540 2522 1583 2554 ut
1610 2514 1816 2566 epistulam

284 2584 368 2621 eius
397 2582 443 2620 de
478 2582 595 2621 rebus
622 2582 774 2621 bellicis
802 2582 848 2621 ad
876 2589 1054 2621 senatum
1082 2583 1268 2633 scriptam
1296 2594 1384 2620 cum
1413 2581 1497 2619 aliis
1530 2580 1725 2619 clarorum
1757 2581 1816 2618 ui-

380 2692 412 2735 1)
442 2690 554 2725 Cicer.
576 2690 679 2724 acad.
702 2694 733 2733 2,
749 2694 806 2734 48,
823 2694 902 2725 148.
930 2690 1049 2725 Zeller
1074 2691 1113 2724 in
1144 2690 1230 2724 hist.
1252 2689 1342 2734 phil.
1365 2689 1492 2724 Graec.
1513 2688 1554 2722 1³
1579 2700 1614 2732 p.
1637 2691 1703 2722 525
1731 2698 1815 2721 eum

284 2744 402 2778 solum
430 2744 636 2778 Romanum
663 2743 760 2777 inter
786 2743 986 2778 Carneadis
1014 2743 1215 2788 discipulos
1241 2742 1459 2777 nominauit.

379 2799 412 2841 2)
440 2797 562 2830 Etiam
590 2796 727 2830 artium
754 2797 911 2831 seientia
937 2797 1099 2842 quadam
1126 2796 1282 2840 insignis
1310 2797 1400 2838 erat,
1427 2795 1456 2829 si
1484 2795 1633 2838 quidem
1661 2793 1817 2827 Phidiae

286 2850 431 2884 duobus
458 2850 575 2894 signis
602 2850 731 2884 aedem
759 2850 943 2884 Fortunae
970 2850 1109 2885 Romae
1136 2849 1282 2883 ornauit
1307 2848 1415 2893 (Ptin.
1437 2860 1470 2882 n.
1493 2848 1528 2881 h.
1551 2851 1606 2890 34,
1622 2848 1689 2890 54).
