2002 3342
529 692 578 745 Q.
619 689 794 737 AELII
835 689 1196 737 TVBERONIS
1234 687 1579 736 HISTORIAE

908 797 979 836 nx
1004 796 1163 835 LIBRo
1189 797 1210 834 1

381 877 421 921 1.
456 881 555 920 Non.
575 893 605 919 S.
627 883 871 929 ammanus
881 892 925 929 p.
941 880 1038 918 376.
1083 878 1239 917 Tubero
1272 878 1524 917 historiarum
1558 878 1658 916 libro
1685 879 1717 917 1:
1750 909 1759 917 .
1781 909 1788 917 .
1811 911 1819 918 .

290 948 324 985 si
360 945 464 997 quod
500 958 518 984 a
555 945 784 996 parentibus
820 951 1022 996 acceptum
1062 945 1241 995 protinus
1278 944 1460 994 antiquae
1496 945 1707 982 memoriae
1743 949 1819 982 tra-

290 1012 487 1051 diderunt.

383 1074 452 1116 2²³².
488 1078 601 1115 Seru.
623 1078 680 1115 ad
696 1073 801 1115 Aen.
826 1076 862 1125 2,
878 1076 945 1114 15.
978 1074 1031 1113 De
1054 1075 1126 1113 hoe
1147 1086 1246 1125 equo
1267 1071 1488 1126 [Troiano]
1508 1075 1618 1112 uarie
1638 1075 1677 1112 in
1700 1073 1820 1112 histo-

292 1144 363 1181 riis
397 1141 554 1180 dictum.
600 1148 643 1180 ut
678 1143 783 1179 enim
811 1140 987 1192 Hyginus
1020 1145 1057 1178 et
1086 1139 1242 1178 Tubero
1277 1139 1429 1189 dicunt,
1461 1139 1820 1177 machinamentum
1841 1156 1856 1182 5

292 1207 476 1246 bellicum
511 1207 601 1257 suit,
638 1206 742 1257 quod
777 1218 901 1257 equus
934 1204 1168 1256 appellatur,
1203 1210 1247 1243 ut
1279 1205 1381 1243 aries
1407 1209 1445 1242 et
1471 1203 1644 1255 testudo⁷
1679 1203 1821 1254 quibus

290 1273 396 1311 muri
421 1272 485 1310 uel
514 1271 657 1311 discuti
683 1271 747 1310 uel
774 1271 911 1310 subrui
938 1270 1075 1309 solent.

382 1334 452 1376 3²³³.
481 1338 648 1387 Dionys.
665 1338 703 1385 1,
719 1336 786 1375 80.
821 1332 893 1383 Ὡς
920 1332 967 1375 dis
994 1332 1229 1386 Τουβέρων
1255 1336 1422 1385 Αἴλιος,
1449 1332 1594 1381 δεινὸς
1620 1331 1730 1384 ἀνὴρ
1750 1329 1822 1371 καὶ

291 1399 392 1454 περὶ
418 1401 499 1453 τὴν
526 1401 792 1453 συναγωγὴν
818 1406 892 1453 τῆς
914 1400 1108 1452 ἱστορίας
1128 1397 1344 1451 ἐπιμελής,
1370 1397 1544 1452 γράφει,
1569 1396 1823 1449 προειδότες

291 1466 335 1506 οὶ
361 1471 440 1506 τοῦ
465 1464 713 1520 λέμέτορος
739 1465 962 1513 θύσοντας
988 1465 1040 1505 τὰ
1061 1464 1234 1504 Λύκαια
1253 1464 1356 1511 τοὺς
1376 1463 1634 1510 νεανίσκους
1653 1461 1822 1515 [Romu-
1843 1478 1875 1502 ιο

389 1606 426 1641 1.
454 1607 555 1641 Fort.
584 1617 627 1641 ex
652 1607 835 1650 prooemio
862 1616 931 1649 quo
957 1605 999 1639 de
1024 1605 1092 1646 eis,
1123 1604 1187 1648 qai
1212 1607 1318 1638 antea
1346 1613 1401 1637 res
1428 1603 1616 1637 Romanas
1641 1602 1822 1645 scripsere,

292 1654 413 1700 cyerit,
439 1658 633 1698 sumptam.

388 1700 427 1736 2.
456 1701 510 1743 Cf.
534 1702 672 1746 Hyym.
694 1702 740 1743 fr.
764 1704 808 1734 15
830 1700 928 1743 (Vol.
950 1701 999 1734 II
1012 1710 1047 1743 p.
1065 1701 1137 1741 76).
1177 1699 1275 1732 Ptin.
1297 1709 1332 1731 n.
1353 1698 1385 1731 h.
1403 1699 1541 1739 2202:
1573 1696 1719 1740 Equum
1745 1694 1823 1740 (qui

292 1759 391 1782 nunc
416 1748 511 1782 aries
539 1747 761 1793 appellatur)
789 1748 828 1780 in
855 1747 1060 1781 muralibus
1087 1745 1269 1780 machinis
1295 1745 1429 1789 Epium
1456 1745 1504 1778 ad
1527 1743 1677 1778 Troiam
1704 1743 1822 1786 (inue-

291 1797 387 1831 m'sse
413 1796 567 1835 dicant).

389 1843 412 1878 3
446 1844 599 1877 inseruit
631 1843 838 1888 Dionysius
871 1842 1083 1876 narrationi
1113 1840 1307 1875 Fabianae
1338 1840 1383 1881 fr.
1407 1839 1457 1873 5¹³.
1502 1839 1547 1882 cf.
1575 1839 1824 1880 Liu.1,4‚9:

292 1890 389 1925 Hinc
420 1890 550 1924 robore
584 1890 799 1934 corporibus
833 1889 1040 1932 animisque
1067 1889 1214 1932 sumpto
1240 1888 1315 1921 iam
1342 1897 1414 1920 non
1441 1886 1537 1920 feras
1563 1886 1711 1919 tantum
1737 1884 1824 1919 sub-

293 1938 424 1972 sistere
450 1938 654 1983 [Romulus
685 1942 716 1972 et
744 1937 909 1981 Remus]‚
945 1936 1009 1970 sed
1040 1935 1079 1968 in
1111 1935 1274 1969 latrones
1306 1933 1446 1978 praeda
1479 1935 1630 1968 onustos
1662 1933 1824 1976 impetus

294 1986 416 2020 facere
442 1985 654 2030 pastoribus
682 1987 789 2028 rapta
816 1984 994 2025 diuidere,
1022 1991 1059 2017 et
1080 1994 1163 2017 cum
1188 1982 1245 2016 his
1267 1983 1453 2016 crescente
1480 1981 1518 2014 in
1538 1980 1616 2014 dies
1637 1990 1749 2025 grege
1769 1980 1825 2013 iu·-

292 2044 430 2067 uenum
464 2033 558 2067 seria
592 2043 634 2066 ac
667 2032 767 2066 iocos
801 2031 997 2066 celebrare.
1037 2030 1113 2064 lam
1145 2032 1225 2063 tum
1254 2029 1293 2063 in
1319 2028 1465 2062 Palatio
1491 2030 1617 2062 monte
1643 2026 1825 2071 Luperca-l

294 2080 364 2115 hoc
396 2080 508 2114 fuisse
541 2080 726 2114 ludicrum
759 2079 882 2113 serunt
914 2080 951 2113 et
984 2090 1005 2112 a
1034 2077 1221 2112 Pallantio
1253 2076 1345 2111 urbe
1370 2075 1553 2110 Arcadica
1585 2074 1824 2115 Pallantium,

294 2128 381 2162 dein
414 2127 601 2161 Palatium
634 2129 797 2162 montem
831 2125 1071 2170 appellatum.
1111 2125 1166 2158 ibi
1197 2124 1428 2165 Euandrum,
1463 2123 1527 2166 qui
1553 2133 1596 2156 ex
1622 2133 1664 2156 eo
1691 2132 1826 2167 genere

295 2176 482 2209 Arcadum
509 2175 636 2209 multis
665 2176 751 2208 ante
777 2173 1065 2217 tempestatibus
1092 2171 1255 2206 tenuerit
1279 2171 1373 2212 loca,
1401 2170 1579 2205 sollemne
1606 2169 1762 2204 allatum
1783 2180 1827 2203 ex

295 2223 456 2256 Arcadia
482 2222 698 2264 instituisse,
726 2224 767 2256 ut
792 2221 883 2255 nudi
909 2221 1062 2255 iuuenes
1089 2220 1273 2263 Lycaeum
1301 2218 1403 2252 Pana
1427 2219 1648 2253 uenerantes
1680 2227 1746 2261 per
1770 2216 1826 2250 lu-

295 2281 376 2304 sum
398 2272 509 2314 atque
530 2269 724 2304 lasciniam
747 2270 951 2309 currerent;
973 2279 1083 2312 quem
1101 2267 1260 2301 Romani
1280 2266 1414 2300 deinde
1433 2265 1664 2299 uocauerunt
1683 2264 1825 2299 Inuum.

294 2317 380 2352 huic
401 2317 538 2352 deditis
559 2317 715 2360 ludicro,
743 2328 825 2351 cum
846 2315 1022 2351 sollemne
1043 2316 1172 2349 notum
1193 2315 1300 2357 esset,
1321 2313 1519 2347 insidiatos
1540 2312 1586 2346 ob
1607 2311 1701 2345 iram
1720 2322 1827 2356 prae-

295 2365 366 2398 dae
393 2365 551 2399 amissae
578 2365 753 2408 latrones,
780 2376 863 2398 cum
889 2363 1067 2398 Romulus
1093 2362 1132 2396 ui
1159 2373 1197 2396 se
1224 2361 1463 2404 defendisset,
1490 2360 1646 2394 Remum
1674 2359 1826 2403 cepisse,

295 2414 447 2456 captum
480 2413 560 2458 regi
593 2412 741 2446 Amulio
772 2411 974 2446 tradidisse
1006 2410 1103 2444 ultro
1137 2410 1367 2444 accusantes.
1406 2407 1550 2442 crimini
1575 2406 1736 2441 maxime
1763 2406 1828 2440 da-

383 2544 425 2598 l,
457 2552 475 2586 1
512 2548 649 2586 lubero
680 2544 732 2586 ΘΙ
855 2550 877 2584 2
913 2548 946 2584 si
974 2545 1067 2594 quid
1093 2544 1130 2582 A
1193 2541 1316 2594 antiq:
1346 2544 1381 2582 G
1420 2544 1605 2591 antiquae
1633 2544 1696 2580 cet.
1719 2542 1826 2580 codd.

297 2607 451 2656 antiqui
483 2609 636 2646 Illerccr
675 2607 854 2656 antiquei
884 2607 1053 2643 Mueller
1091 2606 1299 2654 antiquum
1330 2603 1454 2640 Barth
1495 2603 1693 2651 antique
1726 2601 1769 2649 (ι’.
1797 2612 1826 2639 e.

296 2667 482 2714 studiose)
511 2667 606 2704 Roth

383 2721 426 2773 2,
457 2727 479 2763 5
513 2726 644 2773 Supra
676 2727 828 2764 eoeleibmt
858 2724 1072 2763 Cassellcmz·
1103 2724 1338 2770 scripturam
1370 2716 1467 2773 (wisi
1498 2721 1598 2767 quod
1629 2721 1670 2757 in
1704 2731 1742 2757 eo
1776 2721 1830 2757 est

297 2781 468 2836 uariae),
508 2785 689 2835 Hyginus
723 2787 761 2822 et
794 2783 951 2821 Tubero
984 2783 1030 2821 de
1062 2783 1133 2820 hoc
1166 2794 1265 2831 equo
1298 2781 1435 2818 dicunt
1466 2779 1828 2817 machinamentum

297 2843 483 2881 bellicum
509 2844 585 2881 fuit
612 2845 738 2882 Paris.
766 2844 836 2881 aliz·
861 2844 965 2881 codd.
995 2845 1034 2880 et
1059 2841 1212 2878 Tubero
1239 2853 1309 2878 om.
1337 2843 1368 2878 ei
1394 2840 1566 2877 scribant
1591 2838 1686 2876 dicit
