<?xml version="1.0" encoding="UTF-8"?>
<!DOCTYPE html PUBLIC "-//W3C//DTD XHTML 1.0 Transitional//EN"
    "http://www.w3.org/TR/xhtml1/DTD/xhtml1-transitional.dtd">
<html xmlns="http://www.w3.org/1999/xhtml" xml:lang="en" lang="en">
 <head>
  <title>
</title>
<meta http-equiv="Content-Type" content="text/html;charset=utf-8" />
  <meta name='ocr-system' content='tesseract 3.04.00' />
  <meta name='ocr-capabilities' content='ocr_page ocr_carea ocr_par ocr_line ocrx_word'/>
</head>
<body>
  <div class='ocr_page' id='page_1' title='image "./historicorumroma01peteuoft_0368.png"; bbox 0 0 2002 3342; ppageno 0'>
   <div class='ocr_carea' id='block_1_1' title="bbox 247 186 1455 237">
    <p class='ocr_par' dir='ltr' id='par_1_1' title="bbox 247 186 1455 237">
     <span class='ocr_line' id='line_1_1' title="bbox 247 186 1455 237; baseline -0.006 -10"><span class='ocrx_word' id='word_1_1' title='bbox 247 207 412 237; x_wconf 71' lang='lat' dir='ltr'>000le</span> <span class='ocrx_word' id='word_1_2' title='bbox 588 191 649 225; x_wconf 84' lang='lat' dir='ltr'>DE</span> <span class='ocrx_word' id='word_1_3' title='bbox 679 189 986 225; x_wconf 77' lang='lat' dir='ltr'>SCRIPTORVM</span> <span class='ocrx_word' id='word_1_4' title='bbox 1013 187 1135 223; x_wconf 76' lang='lat' dir='ltr'>vrris</span> <span class='ocrx_word' id='word_1_5' title='bbox 1161 187 1222 222; x_wconf 82' lang='lat' dir='ltr'>ET</span> <span class='ocrx_word' id='word_1_6' title='bbox 1249 186 1455 221; x_wconf 65' lang='lat' dir='ltr'>sommus</span> 
     </span>
    </p>
   </div>
   <div class='ocr_carea' id='block_1_2' title="bbox 241 296 1786 1916">
    <p class='ocr_par' dir='ltr' id='par_1_2' title="bbox 251 296 1785 486">
     <span class='ocr_line' id='line_1_2' title="bbox 251 296 1782 351; baseline -0.007 -7"><span class='ocrx_word' id='word_1_7' title='bbox 251 306 359 343; x_wconf 89' lang='lat' dir='ltr'>omni</span> <span class='ocrx_word' id='word_1_8' title='bbox 388 309 494 342; x_wconf 81' lang='lat' dir='ltr'>certo</span> <span class='ocrx_word' id='word_1_9' title='bbox 522 302 666 341; x_wconf 89' lang='lat' dir='ltr'>iudicio</span> <span class='ocrx_word' id='word_1_10' title='bbox 695 300 950 351; x_wconf 75' lang='lat' dir='ltr'>abstinemus,</span> <span class='ocrx_word' id='word_1_11' title='bbox 978 301 1052 338; x_wconf 85' lang='lat' dir='ltr'>etsi</span> <span class='ocrx_word' id='word_1_12' title='bbox 1077 304 1239 350; x_wconf 83' lang='lat' dir='ltr'>propter</span> <span class='ocrx_word' id='word_1_13' title='bbox 1265 297 1455 336; x_wconf 85' lang='lat' dir='ltr'>librorum</span> <span class='ocrx_word' id='word_1_14' title='bbox 1476 309 1683 336; x_wconf 79' lang='lat' dir='ltr'>numerum</span> <span class='ocrx_word' id='word_1_15' title='bbox 1704 296 1782 335; x_wconf 81' lang='lat' dir='ltr'>Ma·-</span> 
     </span>
     <span class='ocr_line' id='line_1_3' title="bbox 252 361 1785 419; baseline -0.006 -11"><span class='ocrx_word' id='word_1_16' title='bbox 252 382 363 408; x_wconf 86' lang='lat' dir='ltr'>crum</span> <span class='ocrx_word' id='word_1_17' title='bbox 396 380 522 419; x_wconf 83' lang='lat' dir='ltr'>usque</span> <span class='ocrx_word' id='word_1_18' title='bbox 556 366 602 405; x_wconf 82' lang='lat' dir='ltr'>ad</span> <span class='ocrx_word' id='word_1_19' title='bbox 631 379 740 405; x_wconf 83' lang='lat' dir='ltr'>suam</span> <span class='ocrx_word' id='word_1_20' title='bbox 768 371 936 404; x_wconf 82' lang='lat' dir='ltr'>aetatem</span> <span class='ocrx_word' id='word_1_21' title='bbox 965 363 1214 403; x_wconf 78' lang='lat' dir='ltr'>descendisse</span> <span class='ocrx_word' id='word_1_22' title='bbox 1243 368 1280 401; x_wconf 84' lang='lat' dir='ltr'>et</span> <span class='ocrx_word' id='word_1_23' title='bbox 1310 361 1547 414; x_wconf 72' lang='lat' dir='ltr'>procedente</span> <span class='ocrx_word' id='word_1_24' title='bbox 1574 373 1691 413; x_wconf 90' lang='lat' dir='ltr'>opere</span> <span class='ocrx_word' id='word_1_25' title='bbox 1719 374 1785 400; x_wconf 84' lang='lat' dir='ltr'>co-</span> 
     </span>
     <span class='ocr_line' id='line_1_4' title="bbox 251 426 1152 486; baseline -0.006 -14"><span class='ocrx_word' id='word_1_26' title='bbox 251 435 402 486; x_wconf 88' lang='lat' dir='ltr'>piosius</span> <span class='ocrx_word' id='word_1_27' title='bbox 431 446 494 472; x_wconf 92' lang='lat' dir='ltr'>res</span> <span class='ocrx_word' id='word_1_28' title='bbox 521 433 749 483; x_wconf 83' lang='lat' dir='ltr'>exposuisse</span> <span class='ocrx_word' id='word_1_29' title='bbox 777 431 864 469; x_wconf 86' lang='lat' dir='ltr'>ueri</span> <span class='ocrx_word' id='word_1_30' title='bbox 891 429 1018 468; x_wconf 89' lang='lat' dir='ltr'>simile</span> <span class='ocrx_word' id='word_1_31' title='bbox 1046 426 1152 482; x_wconf 80' lang='lat' dir='ltr'>est.¹)</span> 
     </span>
    </p>

    <p class='ocr_par' dir='ltr' id='par_1_3' title="bbox 241 491 1786 1916">
     <span class='ocr_line' id='line_1_5' title="bbox 338 491 1784 547; baseline -0.006 -10"><span class='ocrx_word' id='word_1_32' title='bbox 338 498 450 537; x_wconf 73' lang='lat' dir='ltr'>Nunc</span> <span class='ocrx_word' id='word_1_33' title='bbox 476 503 519 536; x_wconf 88' lang='lat' dir='ltr'>ut</span> <span class='ocrx_word' id='word_1_34' title='bbox 540 496 586 535; x_wconf 78' lang='lat' dir='ltr'>ad</span> <span class='ocrx_word' id='word_1_35' title='bbox 607 509 755 547; x_wconf 83' lang='lat' dir='ltr'>genus</span> <span class='ocrx_word' id='word_1_36' title='bbox 784 494 1033 534; x_wconf 85' lang='lat' dir='ltr'>scribendi</span> <span class='ocrx_word' id='word_1_37' title='bbox 1053 505 1274 545; x_wconf 82' lang='lat' dir='ltr'>pergamus,</span> <span class='ocrx_word' id='word_1_38' title='bbox 1301 505 1389 531; x_wconf 90' lang='lat' dir='ltr'>cum</span> <span class='ocrx_word' id='word_1_39' title='bbox 1411 492 1531 531; x_wconf 79' lang='lat' dir='ltr'>Macri</span> <span class='ocrx_word' id='word_1_40' title='bbox 1550 491 1673 531; x_wconf 82' lang='lat' dir='ltr'>uerba</span> <span class='ocrx_word' id='word_1_41' title='bbox 1693 504 1784 543; x_wconf 87' lang='lat' dir='ltr'>per-</span> 
     </span>
     <span class='ocr_line' id='line_1_6' title="bbox 249 556 1786 615; baseline -0.006 -12"><span class='ocrx_word' id='word_1_42' title='bbox 249 577 372 615; x_wconf 79' lang='lat' dir='ltr'>pauca</span> <span class='ocrx_word' id='word_1_43' title='bbox 406 563 452 601; x_wconf 81' lang='lat' dir='ltr'>ad</span> <span class='ocrx_word' id='word_1_44' title='bbox 486 575 557 601; x_wconf 93' lang='lat' dir='ltr'>nos</span> <span class='ocrx_word' id='word_1_45' title='bbox 590 562 863 613; x_wconf 85' lang='lat' dir='ltr'>peruenerint,</span> <span class='ocrx_word' id='word_1_46' title='bbox 897 558 1202 610; x_wconf 80' lang='lat' dir='ltr'>confugiendum</span> <span class='ocrx_word' id='word_1_47' title='bbox 1237 563 1296 597; x_wconf 91' lang='lat' dir='ltr'>est</span> <span class='ocrx_word' id='word_1_48' title='bbox 1323 557 1370 596; x_wconf 79' lang='lat' dir='ltr'>ad</span> <span class='ocrx_word' id='word_1_49' title='bbox 1398 557 1598 596; x_wconf 84' lang='lat' dir='ltr'>Ciceronis</span> <span class='ocrx_word' id='word_1_50' title='bbox 1624 556 1786 608; x_wconf 77' lang='lat' dir='ltr'>iudicia,</span> 
     </span>
     <span class='ocr_line' id='line_1_7' title="bbox 246 620 1780 681; baseline -0.004 -13"><span class='ocrx_word' id='word_1_51' title='bbox 246 631 315 681; x_wconf 92' lang='lat' dir='ltr'>qui</span> <span class='ocrx_word' id='word_1_52' title='bbox 341 629 386 668; x_wconf 94' lang='lat' dir='ltr'>de</span> <span class='ocrx_word' id='word_1_53' title='bbox 410 630 494 667; x_wconf 93' lang='lat' dir='ltr'>eius</span> <span class='ocrx_word' id='word_1_54' title='bbox 516 626 759 666; x_wconf 82' lang='lat' dir='ltr'>orationibus</span> <span class='ocrx_word' id='word_1_55' title='bbox 782 627 839 664; x_wconf 89' lang='lat' dir='ltr'>sic</span> <span class='ocrx_word' id='word_1_56' title='bbox 861 627 1021 676; x_wconf 74' lang='lat' dir='ltr'>scripsit</span> <span class='ocrx_word' id='word_1_57' title='bbox 1043 626 1082 663; x_wconf 88' lang='lat' dir='ltr'>in</span> <span class='ocrx_word' id='word_1_58' title='bbox 1104 624 1223 663; x_wconf 90' lang='lat' dir='ltr'>Bruto</span> <span class='ocrx_word' id='word_1_59' title='bbox 1246 621 1313 674; x_wconf 82' lang='lat'>67,</span> <span class='ocrx_word' id='word_1_60' title='bbox 1328 620 1431 662; x_wconf 76' lang='lat'>238:</span> <span class='ocrx_word' id='word_1_61' title='bbox 1464 623 1502 662; x_wconf 86' lang='lat' dir='ltr'>C.</span> <span class='ocrx_word' id='word_1_62' title='bbox 1519 623 1664 662; x_wconf 81' lang='lat' dir='ltr'>Macer</span> <span class='ocrx_word' id='word_1_63' title='bbox 1684 634 1780 662; x_wconf 82' lang='lat' dir='ltr'>auc-</span> 
     </span>
     <span class='ocr_line' id='line_1_8' title="bbox 251 690 1780 742; baseline -0.005 -8"><span class='ocrx_word' id='word_1_64' title='bbox 251 698 417 734; x_wconf 84' lang='lat' dir='ltr'>toritate</span> <span class='ocrx_word' id='word_1_65' title='bbox 442 705 600 742; x_wconf 77' lang='lat' dir='ltr'>semper</span> <span class='ocrx_word' id='word_1_66' title='bbox 626 695 753 741; x_wconf 69' lang='lat' dir='ltr'>equit,</span> <span class='ocrx_word' id='word_1_67' title='bbox 785 693 859 730; x_wconf 79' lang='lat' dir='ltr'>sed</span> <span class='ocrx_word' id='word_1_68' title='bbox 881 692 963 740; x_wconf 77' lang='lat' dir='ltr'>suit</span> <span class='ocrx_word' id='word_1_69' title='bbox 980 695 1187 740; x_wconf 84' lang='lat' dir='ltr'>patronus</span> <span class='ocrx_word' id='word_1_70' title='bbox 1202 690 1497 739; x_wconf 73' lang='lat' dir='ltr'>propemodum</span> <span class='ocrx_word' id='word_1_71' title='bbox 1523 690 1780 736; x_wconf 70' lang='lat' dir='ltr'>diliyentissi-</span> 
     </span>
     <span class='ocr_line' id='line_1_9' title="bbox 247 756 1782 808; baseline -0.005 -10"><span class='ocrx_word' id='word_1_72' title='bbox 247 772 345 799; x_wconf 85' lang='lat' dir='ltr'>mus.</span> <span class='ocrx_word' id='word_1_73' title='bbox 384 760 505 798; x_wconf 79' lang='lat' dir='ltr'>huius</span> <span class='ocrx_word' id='word_1_74' title='bbox 529 760 566 796; x_wconf 89' lang='lat' dir='ltr'>si</span> <span class='ocrx_word' id='word_1_75' title='bbox 591 760 695 808; x_wconf 82' lang='lat' dir='ltr'>uita,</span> <span class='ocrx_word' id='word_1_76' title='bbox 721 759 757 795; x_wconf 86' lang='lat' dir='ltr'>si</span> <span class='ocrx_word' id='word_1_77' title='bbox 782 768 930 804; x_wconf 87' lang='lat' dir='ltr'>mores,</span> <span class='ocrx_word' id='word_1_78' title='bbox 962 758 999 794; x_wconf 83' lang='lat' dir='ltr'>si</span> <span class='ocrx_word' id='word_1_79' title='bbox 1030 757 1166 793; x_wconf 84' lang='lat' dir='ltr'>uultus</span> <span class='ocrx_word' id='word_1_80' title='bbox 1193 756 1366 802; x_wconf 77' lang='lat' dir='ltr'>(lenique</span> <span class='ocrx_word' id='word_1_81' title='bbox 1391 764 1468 792; x_wconf 90' lang='lat' dir='ltr'>non</span> <span class='ocrx_word' id='word_1_82' title='bbox 1497 764 1649 792; x_wconf 86' lang='lat' dir='ltr'>omnem</span> <span class='ocrx_word' id='word_1_83' title='bbox 1677 763 1782 791; x_wconf 87' lang='lat' dir='ltr'>com·</span> 
     </span>
     <span class='ocr_line' id='line_1_10' title="bbox 250 818 1780 871; baseline -0.006 -7"><span class='ocrx_word' id='word_1_84' title='bbox 250 826 548 864; x_wconf 81' lang='lat' dir='ltr'>mendationem</span> <span class='ocrx_word' id='word_1_85' title='bbox 563 825 704 871; x_wconf 67' lang='lat' dir='ltr'>inqeni</span> <span class='ocrx_word' id='word_1_86' title='bbox 718 826 929 871; x_wconf 87' lang='lat' dir='ltr'>euerteret,</span> <span class='ocrx_word' id='word_1_87' title='bbox 950 823 1081 859; x_wconf 81' lang='lat' dir='ltr'>maius</span> <span class='ocrx_word' id='word_1_88' title='bbox 1101 831 1242 859; x_wconf 79' lang='lat' dir='ltr'>nomen</span> <span class='ocrx_word' id='word_1_89' title='bbox 1258 822 1297 858; x_wconf 89' lang='lat' dir='ltr'>in</span> <span class='ocrx_word' id='word_1_90' title='bbox 1312 821 1504 868; x_wconf 82' lang='lat' dir='ltr'>patronis</span> <span class='ocrx_word' id='word_1_91' title='bbox 1519 818 1675 867; x_wconf 84' lang='lat' dir='ltr'>fuisset.</span> <span class='ocrx_word' id='word_1_92' title='bbox 1702 829 1780 856; x_wconf 90' lang='lat' dir='ltr'>non</span> 
     </span>
     <span class='ocr_line' id='line_1_11' title="bbox 247 883 1783 936; baseline -0.006 -7"><span class='ocrx_word' id='word_1_93' title='bbox 247 896 338 930; x_wconf 88' lang='lat' dir='ltr'>erat</span> <span class='ocrx_word' id='word_1_94' title='bbox 366 890 592 936; x_wconf 78' lang='lat' dir='ltr'>abundans,</span> <span class='ocrx_word' id='word_1_95' title='bbox 619 899 695 926; x_wconf 86' lang='lat' dir='ltr'>non</span> <span class='ocrx_word' id='word_1_96' title='bbox 726 890 841 936; x_wconf 85' lang='lat' dir='ltr'>inops</span> <span class='ocrx_word' id='word_1_97' title='bbox 862 892 1007 934; x_wconf 85' lang='lat' dir='ltr'>tamen,</span> <span class='ocrx_word' id='word_1_98' title='bbox 1034 897 1112 924; x_wconf 87' lang='lat' dir='ltr'>non</span> <span class='ocrx_word' id='word_1_99' title='bbox 1135 886 1256 923; x_wconf 77' lang='lat' dir='ltr'>ualde</span> <span class='ocrx_word' id='word_1_100' title='bbox 1274 887 1417 935; x_wconf 82' lang='lat' dir='ltr'>nitens,</span> <span class='ocrx_word' id='word_1_101' title='bbox 1443 894 1520 922; x_wconf 88' lang='lat' dir='ltr'>non</span> <span class='ocrx_word' id='word_1_102' title='bbox 1540 885 1668 932; x_wconf 86' lang='lat' dir='ltr'>plane</span> <span class='ocrx_word' id='word_1_103' title='bbox 1687 883 1783 921; x_wconf 74' lang='lat' dir='ltr'>leor-</span> 
     </span>
     <span class='ocr_line' id='line_1_12' title="bbox 241 949 1782 1002; baseline -0.005 -8"><span class='ocrx_word' id='word_1_104' title='bbox 241 957 337 995; x_wconf 77' lang='lat' dir='ltr'>rida</span> <span class='ocrx_word' id='word_1_105' title='bbox 353 956 486 994; x_wconf 82' lang='lat' dir='ltr'>oratio</span> <span class='ocrx_word' id='word_1_106' title='bbox 494 968 508 1000; x_wconf 89' lang='lat'><em>;</em></span> <span class='ocrx_word' id='word_1_107' title='bbox 535 964 628 1002; x_wconf 61' lang='lat' dir='ltr'>uox,</span> <span class='ocrx_word' id='word_1_108' title='bbox 646 958 785 1001; x_wconf 68' lang='lat' dir='ltr'>qestus</span> <span class='ocrx_word' id='word_1_109' title='bbox 805 957 843 990; x_wconf 89' lang='lat' dir='ltr'>et</span> <span class='ocrx_word' id='word_1_110' title='bbox 858 953 987 990; x_wconf 80' lang='lat' dir='ltr'>omnis</span> <span class='ocrx_word' id='word_1_111' title='bbox 1005 953 1112 989; x_wconf 78' lang='lat' dir='ltr'>actio</span> <span class='ocrx_word' id='word_1_112' title='bbox 1126 953 1214 989; x_wconf 82' lang='lat' dir='ltr'>sine</span> <span class='ocrx_word' id='word_1_113' title='bbox 1228 952 1364 999; x_wconf 87' lang='lat' dir='ltr'>lepore</span> <span class='ocrx_word' id='word_1_114' title='bbox 1371 963 1386 995; x_wconf 89' lang='lat'><em>;</em></span> <span class='ocrx_word' id='word_1_115' title='bbox 1412 953 1453 987; x_wconf 86' lang='lat' dir='ltr'>at</span> <span class='ocrx_word' id='word_1_116' title='bbox 1468 951 1507 987; x_wconf 84' lang='lat' dir='ltr'>in</span> <span class='ocrx_word' id='word_1_117' title='bbox 1526 949 1782 987; x_wconf 78' lang='lat' dir='ltr'>inuenienclis</span> 
     </span>
     <span class='ocr_line' id='line_1_13' title="bbox 246 1014 1783 1070; baseline -0.005 -11"><span class='ocrx_word' id='word_1_118' title='bbox 246 1020 610 1070; x_wconf 68' lang='lat' dir='ltr'>componendisque</span> <span class='ocrx_word' id='word_1_119' title='bbox 643 1019 765 1056; x_wconf 87' lang='lat' dir='ltr'>rebus</span> <span class='ocrx_word' id='word_1_120' title='bbox 798 1019 902 1056; x_wconf 86' lang='lat' dir='ltr'>mira</span> <span class='ocrx_word' id='word_1_121' title='bbox 931 1019 1161 1063; x_wconf 72' lang='lat' dir='ltr'>accuratio,</span> <span class='ocrx_word' id='word_1_122' title='bbox 1191 1021 1234 1053; x_wconf 90' lang='lat' dir='ltr'>ut</span> <span class='ocrx_word' id='word_1_123' title='bbox 1260 1026 1339 1054; x_wconf 88' lang='lat' dir='ltr'>non</span> <span class='ocrx_word' id='word_1_124' title='bbox 1363 1014 1490 1063; x_wconf 81' lang='lat' dir='ltr'>facile</span> <span class='ocrx_word' id='word_1_125' title='bbox 1516 1016 1557 1052; x_wconf 85' lang='lat' dir='ltr'>in</span> <span class='ocrx_word' id='word_1_126' title='bbox 1583 1015 1662 1052; x_wconf 85' lang='lat' dir='ltr'>ullo</span> <span class='ocrx_word' id='word_1_127' title='bbox 1691 1015 1783 1052; x_wconf 75' lang='lat' dir='ltr'>(lili-</span> 
     </span>
     <span class='ocr_line' id='line_1_14' title="bbox 242 1081 1781 1135; baseline -0.005 -11"><span class='ocrx_word' id='word_1_128' title='bbox 242 1088 470 1135; x_wconf 72' lang='lat' dir='ltr'>yentiorem</span> <span class='ocrx_word' id='word_1_129' title='bbox 490 1086 764 1131; x_wconf 81' lang='lat' dir='ltr'>maioremque</span> <span class='ocrx_word' id='word_1_130' title='bbox 787 1084 1059 1130; x_wconf 71' lang='lat' dir='ltr'>coynouerim,</span> <span class='ocrx_word' id='word_1_131' title='bbox 1079 1082 1153 1119; x_wconf 80' lang='lat' dir='ltr'>sed</span> <span class='ocrx_word' id='word_1_132' title='bbox 1170 1092 1269 1129; x_wconf 86' lang='lat' dir='ltr'>eam,</span> <span class='ocrx_word' id='word_1_133' title='bbox 1290 1086 1333 1119; x_wconf 89' lang='lat' dir='ltr'>ut</span> <span class='ocrx_word' id='word_1_134' title='bbox 1354 1082 1473 1118; x_wconf 80' lang='lat' dir='ltr'>citius</span> <span class='ocrx_word' id='word_1_135' title='bbox 1490 1081 1781 1118; x_wconf 82' lang='lat' dir='ltr'>ueteratoriam</span> 
     </span>
     <span class='ocr_line' id='line_1_15' title="bbox 243 1144 1780 1199; baseline -0.005 -10"><span class='ocrx_word' id='word_1_136' title='bbox 243 1162 366 1199; x_wconf 80' lang='lat' dir='ltr'>quam</span> <span class='ocrx_word' id='word_1_137' title='bbox 393 1151 617 1188; x_wconf 83' lang='lat' dir='ltr'>oratoriam</span> <span class='ocrx_word' id='word_1_138' title='bbox 651 1149 818 1186; x_wconf 76' lang='lat' dir='ltr'>diceres.</span> <span class='ocrx_word' id='word_1_139' title='bbox 857 1148 925 1185; x_wconf 83' lang='lat' dir='ltr'>lzic</span> <span class='ocrx_word' id='word_1_140' title='bbox 952 1149 1027 1185; x_wconf 88' lang='lat' dir='ltr'>etsi</span> <span class='ocrx_word' id='word_1_141' title='bbox 1052 1149 1171 1185; x_wconf 84' lang='lat' dir='ltr'>etiam</span> <span class='ocrx_word' id='word_1_142' title='bbox 1198 1148 1237 1184; x_wconf 81' lang='lat' dir='ltr'>in</span> <span class='ocrx_word' id='word_1_143' title='bbox 1263 1146 1445 1195; x_wconf 81' lang='lat' dir='ltr'>publicis</span> <span class='ocrx_word' id='word_1_144' title='bbox 1470 1146 1606 1183; x_wconf 83' lang='lat' dir='ltr'>causis</span> <span class='ocrx_word' id='word_1_145' title='bbox 1625 1144 1780 1193; x_wconf 87' lang='lat' dir='ltr'>proba-</span> 
     </span>
     <span class='ocr_line' id='line_1_16' title="bbox 246 1208 1778 1263; baseline -0.005 -9"><span class='ocrx_word' id='word_1_146' title='bbox 246 1218 380 1263; x_wconf 82' lang='lat' dir='ltr'>batur,</span> <span class='ocrx_word' id='word_1_147' title='bbox 415 1221 545 1253; x_wconf 81' lang='lat' dir='ltr'>tamen</span> <span class='ocrx_word' id='word_1_148' title='bbox 574 1216 613 1252; x_wconf 88' lang='lat' dir='ltr'>in</span> <span class='ocrx_word' id='word_1_149' title='bbox 633 1215 820 1262; x_wconf 85' lang='lat' dir='ltr'>priuatis</span> <span class='ocrx_word' id='word_1_150' title='bbox 847 1214 1107 1251; x_wconf 67' lang='lat' dir='ltr'>illustriorem</span> <span class='ocrx_word' id='word_1_151' title='bbox 1134 1212 1338 1249; x_wconf 76' lang='lat' dir='ltr'>obtinebat</span> <span class='ocrx_word' id='word_1_152' title='bbox 1363 1212 1504 1249; x_wconf 88' lang='lat' dir='ltr'>locum.</span> <span class='ocrx_word' id='word_1_153' title='bbox 1545 1208 1590 1247; x_wconf 92' lang='lat' dir='ltr'>de</span> <span class='ocrx_word' id='word_1_154' title='bbox 1616 1209 1778 1247; x_wconf 76' lang='lat' dir='ltr'>historia</span> 
     </span>
     <span class='ocr_line' id='line_1_17' title="bbox 244 1271 1776 1334; baseline -0.005 -15"><span class='ocrx_word' id='word_1_155' title='bbox 244 1277 578 1334; x_wconf 79' lang='lat' dir='ltr'>(quattuordecim</span> <span class='ocrx_word' id='word_1_156' title='bbox 613 1279 725 1315; x_wconf 81' lang='lat' dir='ltr'>annis</span> <span class='ocrx_word' id='word_1_157' title='bbox 757 1282 846 1328; x_wconf 87' lang='lat' dir='ltr'>post</span> <span class='ocrx_word' id='word_1_158' title='bbox 878 1278 963 1314; x_wconf 86' lang='lat' dir='ltr'>eius</span> <span class='ocrx_word' id='word_1_159' title='bbox 995 1271 1182 1328; x_wconf 80' lang='lat' dir='ltr'>mortem)</span> <span class='ocrx_word' id='word_1_160' title='bbox 1217 1276 1273 1313; x_wconf 89' lang='lat' dir='ltr'>sic</span> <span class='ocrx_word' id='word_1_161' title='bbox 1307 1275 1352 1313; x_wconf 91' lang='lat' dir='ltr'>de</span> <span class='ocrx_word' id='word_1_162' title='bbox 1373 1275 1469 1325; x_wconf 82' lang='lat' dir='ltr'>legg.</span> <span class='ocrx_word' id='word_1_163' title='bbox 1490 1272 1524 1325; x_wconf 88' lang='lat'>1,</span> <span class='ocrx_word' id='word_1_164' title='bbox 1539 1271 1636 1325; x_wconf 57' lang='lat'>27:</span> <span class='ocrx_word' id='word_1_165' title='bbox 1672 1275 1776 1312; x_wconf 70' lang='lat' dir='ltr'>Nam</span> 
     </span>
     <span class='ocr_line' id='line_1_18' title="bbox 244 1341 1777 1395; baseline -0.005 -11"><span class='ocrx_word' id='word_1_166' title='bbox 244 1347 345 1395; x_wconf 76' lang='lat' dir='ltr'>quid</span> <span class='ocrx_word' id='word_1_167' title='bbox 370 1345 558 1384; x_wconf 86' lang='lat' dir='ltr'>Macrum</span> <span class='ocrx_word' id='word_1_168' title='bbox 592 1344 824 1381; x_wconf 85' lang='lat' dir='ltr'>numerem?</span> <span class='ocrx_word' id='word_1_169' title='bbox 864 1344 981 1380; x_wconf 81' lang='lat' dir='ltr'>cuius</span> <span class='ocrx_word' id='word_1_170' title='bbox 1007 1343 1234 1389; x_wconf 79' lang='lat' dir='ltr'>loquacitas</span> <span class='ocrx_word' id='word_1_171' title='bbox 1264 1341 1385 1379; x_wconf 76' lang='lat' dir='ltr'>habet</span> <span class='ocrx_word' id='word_1_172' title='bbox 1411 1341 1569 1388; x_wconf 79' lang='lat' dir='ltr'>aliquid</span> <span class='ocrx_word' id='word_1_173' title='bbox 1593 1342 1777 1388; x_wconf 69' lang='lat' dir='ltr'>aryutia-</span> 
     </span>
     <span class='ocr_line' id='line_1_19' title="bbox 244 1405 1780 1458; baseline -0.005 -9"><span class='ocrx_word' id='word_1_174' title='bbox 244 1423 345 1458; x_wconf 84' lang='lat' dir='ltr'>rum,</span> <span class='ocrx_word' id='word_1_175' title='bbox 373 1422 447 1448; x_wconf 88' lang='lat' dir='ltr'>nec</span> <span class='ocrx_word' id='word_1_176' title='bbox 474 1410 518 1448; x_wconf 78' lang='lat' dir='ltr'>id</span> <span class='ocrx_word' id='word_1_177' title='bbox 543 1414 675 1447; x_wconf 83' lang='lat' dir='ltr'>tamen</span> <span class='ocrx_word' id='word_1_178' title='bbox 703 1420 754 1446; x_wconf 69' lang='lat' dir='ltr'>esc</span> <span class='ocrx_word' id='word_1_179' title='bbox 783 1409 852 1446; x_wconf 84' lang='lat' dir='ltr'>illa</span> <span class='ocrx_word' id='word_1_180' title='bbox 880 1408 1044 1445; x_wconf 78' lang='lat' dir='ltr'>erudita</span> <span class='ocrx_word' id='word_1_181' title='bbox 1070 1407 1318 1445; x_wconf 84' lang='lat' dir='ltr'>Graecorum</span> <span class='ocrx_word' id='word_1_182' title='bbox 1346 1408 1462 1454; x_wconf 84' lang='lat' dir='ltr'>copia</span> <span class='ocrx_word' id='word_1_183' title='bbox 1487 1406 1560 1443; x_wconf 83' lang='lat' dir='ltr'>sed</span> <span class='ocrx_word' id='word_1_184' title='bbox 1577 1416 1629 1443; x_wconf 77' lang='lat' dir='ltr'>ex</span> <span class='ocrx_word' id='word_1_185' title='bbox 1654 1405 1780 1443; x_wconf 78' lang='lat' dir='ltr'>libra·</span> 
     </span>
     <span class='ocr_line' id='line_1_20' title="bbox 243 1472 1777 1524; baseline -0.005 -9"><span class='ocrx_word' id='word_1_186' title='bbox 243 1478 359 1515; x_wconf 84' lang='lat' dir='ltr'>riolis</span> <span class='ocrx_word' id='word_1_187' title='bbox 379 1475 549 1524; x_wconf 82' lang='lat' dir='ltr'>Latinis,</span> <span class='ocrx_word' id='word_1_188' title='bbox 577 1476 617 1512; x_wconf 84' lang='lat' dir='ltr'>in</span> <span class='ocrx_word' id='word_1_189' title='bbox 640 1474 893 1512; x_wconf 85' lang='lat' dir='ltr'>orationibus</span> <span class='ocrx_word' id='word_1_190' title='bbox 917 1476 1049 1510; x_wconf 86' lang='lat' dir='ltr'>autem</span> <span class='ocrx_word' id='word_1_191' title='bbox 1070 1473 1215 1510; x_wconf 85' lang='lat' dir='ltr'>multas</span> <span class='ocrx_word' id='word_1_192' title='bbox 1235 1473 1419 1520; x_wconf 77' lang='lat' dir='ltr'>ineptias,</span> <span class='ocrx_word' id='word_1_193' title='bbox 1447 1472 1567 1509; x_wconf 86' lang='lat' dir='ltr'>elatio</span> <span class='ocrx_word' id='word_1_194' title='bbox 1586 1481 1777 1508; x_wconf 85' lang='lat' dir='ltr'>summam</span> 
     </span>
     <span class='ocr_line' id='line_1_21' title="bbox 244 1535 1779 1592; baseline -0.005 -13"><span class='ocrx_word' id='word_1_195' title='bbox 244 1535 584 1592; x_wconf 42' lang='lat' dir='ltr'>impudentiam&amp;</span> <span class='ocrx_word' id='word_1_196' title='bbox 624 1538 837 1577; x_wconf 80' lang='lat' dir='ltr'>artificioso</span> <span class='ocrx_word' id='word_1_197' title='bbox 857 1537 932 1576; x_wconf 89' lang='lat' dir='ltr'>hoc</span> <span class='ocrx_word' id='word_1_198' title='bbox 953 1536 1098 1575; x_wconf 88' lang='lat' dir='ltr'>iudicio</span> <span class='ocrx_word' id='word_1_199' title='bbox 1114 1535 1250 1575; x_wconf 87' lang='lat' dir='ltr'>Cicero</span> <span class='ocrx_word' id='word_1_200' title='bbox 1274 1535 1473 1574; x_wconf 89' lang='lat' dir='ltr'>infensum</span> <span class='ocrx_word' id='word_1_201' title='bbox 1494 1546 1607 1573; x_wconf 92' lang='lat' dir='ltr'>suum</span> <span class='ocrx_word' id='word_1_202' title='bbox 1628 1535 1668 1572; x_wconf 90' lang='lat' dir='ltr'>in</span> <span class='ocrx_word' id='word_1_203' title='bbox 1690 1546 1779 1572; x_wconf 90' lang='lat' dir='ltr'>eum</span> 
     </span>
     <span class='ocr_line' id='line_1_22' title="bbox 245 1598 1780 1654; baseline -0.005 -10"><span class='ocrx_word' id='word_1_204' title='bbox 245 1607 363 1645; x_wconf 81' lang='lat' dir='ltr'>etiam</span> <span class='ocrx_word' id='word_1_205' title='bbox 390 1609 589 1643; x_wconf 83' lang='lat' dir='ltr'>mortuum</span> <span class='ocrx_word' id='word_1_206' title='bbox 617 1605 791 1642; x_wconf 82' lang='lat' dir='ltr'>animum</span> <span class='ocrx_word' id='word_1_207' title='bbox 817 1602 967 1654; x_wconf 75' lang='lat' dir='ltr'>prodit3</span> <span class='ocrx_word' id='word_1_208' title='bbox 1003 1614 1095 1640; x_wconf 80' lang='lat' dir='ltr'>nam</span> <span class='ocrx_word' id='word_1_209' title='bbox 1121 1613 1210 1640; x_wconf 90' lang='lat' dir='ltr'>cum</span> <span class='ocrx_word' id='word_1_210' title='bbox 1238 1613 1353 1652; x_wconf 80' lang='lat' dir='ltr'>saepe</span> <span class='ocrx_word' id='word_1_211' title='bbox 1380 1602 1420 1639; x_wconf 93' lang='lat' dir='ltr'>in</span> <span class='ocrx_word' id='word_1_212' title='bbox 1448 1600 1530 1638; x_wconf 84' lang='lat' dir='ltr'>foro</span> <span class='ocrx_word' id='word_1_213' title='bbox 1557 1599 1687 1638; x_wconf 81' lang='lat' dir='ltr'>Macro</span> <span class='ocrx_word' id='word_1_214' title='bbox 1714 1598 1780 1637; x_wconf 81' lang='lat' dir='ltr'>ad·</span> 
     </span>
     <span class='ocr_line' id='line_1_23' title="bbox 244 1665 1784 1719; baseline -0.005 -10"><span class='ocrx_word' id='word_1_215' title='bbox 244 1675 428 1710; x_wconf 82' lang='lat' dir='ltr'>uersatus</span> <span class='ocrx_word' id='word_1_216' title='bbox 455 1674 560 1708; x_wconf 87' lang='lat' dir='ltr'>esset</span> <span class='ocrx_word' id='word_1_217' title='bbox 586 1670 748 1719; x_wconf 85' lang='lat' dir='ltr'>eiusque</span> <span class='ocrx_word' id='word_1_218' title='bbox 777 1669 898 1706; x_wconf 80' lang='lat' dir='ltr'>uitam</span> <span class='ocrx_word' id='word_1_219' title='bbox 927 1679 1136 1717; x_wconf 90' lang='lat' dir='ltr'>moresque</span> <span class='ocrx_word' id='word_1_220' title='bbox 1158 1671 1273 1717; x_wconf 84' lang='lat' dir='ltr'>atque</span> <span class='ocrx_word' id='word_1_221' title='bbox 1295 1667 1412 1704; x_wconf 81' lang='lat' dir='ltr'>etiam</span> <span class='ocrx_word' id='word_1_222' title='bbox 1432 1665 1585 1704; x_wconf 88' lang='lat' dir='ltr'>uultum</span> <span class='ocrx_word' id='word_1_223' title='bbox 1607 1669 1784 1703; x_wconf 84' lang='lat' dir='ltr'>contem·</span> 
     </span>
     <span class='ocr_line' id='line_1_24' title="bbox 245 1730 1778 1786; baseline -0.005 -12"><span class='ocrx_word' id='word_1_224' title='bbox 245 1741 370 1786; x_wconf 88' lang='lat' dir='ltr'>neret,</span> <span class='ocrx_word' id='word_1_225' title='bbox 397 1736 472 1773; x_wconf 85' lang='lat' dir='ltr'>etsi</span> <span class='ocrx_word' id='word_1_226' title='bbox 499 1735 648 1784; x_wconf 84' lang='lat' dir='ltr'>ingenii</span> <span class='ocrx_word' id='word_1_227' title='bbox 676 1732 934 1772; x_wconf 80' lang='lat' dir='ltr'>subtilitatem</span> <span class='ocrx_word' id='word_1_228' title='bbox 964 1738 1001 1771; x_wconf 87' lang='lat' dir='ltr'>et</span> <span class='ocrx_word' id='word_1_229' title='bbox 1027 1731 1291 1770; x_wconf 79' lang='lat' dir='ltr'>urbanitatem</span> <span class='ocrx_word' id='word_1_230' title='bbox 1314 1736 1534 1770; x_wconf 82' lang='lat' dir='ltr'>ceterorum</span> <span class='ocrx_word' id='word_1_231' title='bbox 1561 1730 1778 1768; x_wconf 85' lang='lat' dir='ltr'>Atticorum</span> 
     </span>
     <span class='ocr_line' id='line_1_25' title="bbox 246 1792 1782 1851; baseline -0.005 -12"><span class='ocrx_word' id='word_1_232' title='bbox 246 1807 446 1840; x_wconf 85' lang='lat' dir='ltr'>oratorum</span> <span class='ocrx_word' id='word_1_233' title='bbox 462 1798 698 1850; x_wconf 80' lang='lat' dir='ltr'>agnoscebat</span> <span class='ocrx_word' id='word_1_234' title='bbox 714 1794 779 1851; x_wconf 85' lang='lat' dir='ltr'>(cf.</span> <span class='ocrx_word' id='word_1_235' title='bbox 796 1804 892 1836; x_wconf 79' lang='lat' dir='ltr'>orat.</span> <span class='ocrx_word' id='word_1_236' title='bbox 908 1795 976 1848; x_wconf 82' lang='lat'>31,</span> <span class='ocrx_word' id='word_1_237' title='bbox 994 1794 1089 1835; x_wconf 84' lang='lat'>110.</span> <span class='ocrx_word' id='word_1_238' title='bbox 1112 1797 1218 1835; x_wconf 86' lang='lat' dir='ltr'>Brut.</span> <span class='ocrx_word' id='word_1_239' title='bbox 1233 1793 1302 1847; x_wconf 80' lang='lat'>45,</span> <span class='ocrx_word' id='word_1_240' title='bbox 1317 1792 1430 1846; x_wconf 80' lang='lat'>167),</span> <span class='ocrx_word' id='word_1_241' title='bbox 1450 1801 1582 1834; x_wconf 80' lang='lat' dir='ltr'>tamen</span> <span class='ocrx_word' id='word_1_242' title='bbox 1597 1794 1700 1833; x_wconf 89' lang='lat' dir='ltr'>idem</span> <span class='ocrx_word' id='word_1_243' title='bbox 1717 1794 1782 1832; x_wconf 85' lang='lat' dir='ltr'>Li·</span> 
     </span>
     <span class='ocr_line' id='line_1_26' title="bbox 248 1858 1778 1916; baseline -0.004 -12"><span class='ocrx_word' id='word_1_244' title='bbox 248 1867 351 1904; x_wconf 91' lang='lat' dir='ltr'>cinio</span> <span class='ocrx_word' id='word_1_245' title='bbox 367 1865 595 1903; x_wconf 81' lang='lat' dir='ltr'>Latinorum</span> <span class='ocrx_word' id='word_1_246' title='bbox 613 1863 815 1902; x_wconf 80' lang='lat' dir='ltr'>rhetorum</span> <span class='ocrx_word' id='word_1_247' title='bbox 826 1858 861 1915; x_wconf 77' lang='lat'>3)</span> <span class='ocrx_word' id='word_1_248' title='bbox 882 1862 972 1901; x_wconf 88' lang='lat' dir='ltr'>ludo</span> <span class='ocrx_word' id='word_1_249' title='bbox 994 1861 1279 1916; x_wconf 78' lang='lat' dir='ltr'>disciplinaque</span> <span class='ocrx_word' id='word_1_250' title='bbox 1302 1860 1534 1912; x_wconf 83' lang='lat' dir='ltr'>exprobrato</span> <span class='ocrx_word' id='word_1_251' title='bbox 1554 1859 1623 1898; x_wconf 83' lang='lat' dir='ltr'>has</span> <span class='ocrx_word' id='word_1_252' title='bbox 1644 1859 1778 1898; x_wconf 81' lang='lat' dir='ltr'>laudes</span> 
     </span>
    </p>
   </div>
   <div class='ocr_carea' id='block_1_3' title="bbox 247 1991 1786 2892">
    <p class='ocr_par' dir='ltr' id='par_1_4' title="bbox 248 1991 1779 2086">
     <span class='ocr_line' id='line_1_27' title="bbox 248 1991 1779 2041; baseline -0.004 -10"><span class='ocrx_word' id='word_1_253' title='bbox 248 2008 361 2041; x_wconf 82' lang='lat' dir='ltr'>quam</span> <span class='ocrx_word' id='word_1_254' title='bbox 388 1996 434 2031; x_wconf 89' lang='lat' dir='ltr'>ob</span> <span class='ocrx_word' id='word_1_255' title='bbox 461 2006 538 2030; x_wconf 90' lang='lat' dir='ltr'>rem</span> <span class='ocrx_word' id='word_1_256' title='bbox 571 1995 783 2039; x_wconf 76' lang='lat' dir='ltr'>fragmenta</span> <span class='ocrx_word' id='word_1_257' title='bbox 816 2005 858 2028; x_wconf 83' lang='lat' dir='ltr'>ex</span> <span class='ocrx_word' id='word_1_258' title='bbox 886 1994 1065 2028; x_wconf 79' lang='lat' dir='ltr'>alterutro</span> <span class='ocrx_word' id='word_1_259' title='bbox 1093 1993 1223 2027; x_wconf 82' lang='lat' dir='ltr'>horum</span> <span class='ocrx_word' id='word_1_260' title='bbox 1256 1992 1435 2027; x_wconf 88' lang='lat' dir='ltr'>librorum</span> <span class='ocrx_word' id='word_1_261' title='bbox 1461 2003 1483 2026; x_wconf 85' lang='lat' dir='ltr'>a</span> <span class='ocrx_word' id='word_1_262' title='bbox 1507 1991 1614 2026; x_wconf 90' lang='lat' dir='ltr'>Liuio</span> <span class='ocrx_word' id='word_1_263' title='bbox 1641 1991 1779 2036; x_wconf 74' lang='lat' dir='ltr'>Diony-</span> 
     </span>
     <span class='ocr_line' id='line_1_28' title="bbox 248 2047 1102 2086; baseline -0.006 -1"><span class='ocrx_word' id='word_1_264' title='bbox 248 2051 352 2085; x_wconf 80' lang='lat' dir='ltr'>sione</span> <span class='ocrx_word' id='word_1_265' title='bbox 379 2051 529 2084; x_wconf 73' lang='lat' dir='ltr'>seruata</span> <span class='ocrx_word' id='word_1_266' title='bbox 554 2048 653 2083; x_wconf 81' lang='lat' dir='ltr'>infra</span> <span class='ocrx_word' id='word_1_267' title='bbox 680 2048 880 2082; x_wconf 82' lang='lat' dir='ltr'>coniuncta</span> <span class='ocrx_word' id='word_1_268' title='bbox 907 2047 1102 2086; x_wconf 85' lang='lat' dir='ltr'>edidimus.</span> 
     </span>
    </p>

    <p class='ocr_par' dir='ltr' id='par_1_5' title="bbox 247 2097 1785 2307">
     <span class='ocr_line' id='line_1_29' title="bbox 345 2097 1781 2148; baseline -0.005 -10"><span class='ocrx_word' id='word_1_269' title='bbox 345 2105 379 2148; x_wconf 91' lang='lat'>1)</span> <span class='ocrx_word' id='word_1_270' title='bbox 407 2101 522 2138; x_wconf 83' lang='lat' dir='ltr'>Seeck</span> <span class='ocrx_word' id='word_1_271' title='bbox 553 2102 764 2137; x_wconf 82' lang='lat' dir='ltr'>Kalendert.</span> <span class='ocrx_word' id='word_1_272' title='bbox 786 2113 820 2146; x_wconf 92' lang='lat' dir='ltr'>p.</span> <span class='ocrx_word' id='word_1_273' title='bbox 838 2104 882 2135; x_wconf 80' lang='lat'>52</span> <span class='ocrx_word' id='word_1_274' title='bbox 895 2112 947 2145; x_wconf 82' lang='lat' dir='ltr'>sq.</span> <span class='ocrx_word' id='word_1_275' title='bbox 982 2111 1004 2135; x_wconf 81' lang='lat' dir='ltr'>a</span> <span class='ocrx_word' id='word_1_276' title='bbox 1030 2100 1155 2134; x_wconf 79' lang='lat' dir='ltr'>Macro</span> <span class='ocrx_word' id='word_1_277' title='bbox 1186 2099 1256 2134; x_wconf 88' lang='lat' dir='ltr'>hoc</span> <span class='ocrx_word' id='word_1_278' title='bbox 1287 2109 1379 2144; x_wconf 79' lang='lat' dir='ltr'>opus</span> <span class='ocrx_word' id='word_1_279' title='bbox 1404 2109 1477 2133; x_wconf 89' lang='lat' dir='ltr'>non</span> <span class='ocrx_word' id='word_1_280' title='bbox 1510 2097 1716 2143; x_wconf 78' lang='lat' dir='ltr'>perfectum</span> <span class='ocrx_word' id='word_1_281' title='bbox 1743 2099 1781 2132; x_wconf 77' lang='lat' dir='ltr'>et:</span> 
     </span>
     <span class='ocr_line' id='line_1_30' title="bbox 247 2151 1780 2202; baseline -0.005 -10"><span class='ocrx_word' id='word_1_282' title='bbox 247 2159 334 2202; x_wconf 73' lang='lat' dir='ltr'>post</span> <span class='ocrx_word' id='word_1_283' title='bbox 359 2158 516 2191; x_wconf 74' lang='lat' dir='ltr'>mortem</span> <span class='ocrx_word' id='word_1_284' title='bbox 542 2155 620 2190; x_wconf 85' lang='lat' dir='ltr'>eius</span> <span class='ocrx_word' id='word_1_285' title='bbox 646 2154 760 2199; x_wconf 82' lang='lat' dir='ltr'>paulo</span> <span class='ocrx_word' id='word_1_286' title='bbox 789 2156 875 2188; x_wconf 78' lang='lat' dir='ltr'>ante</span> <span class='ocrx_word' id='word_1_287' title='bbox 902 2165 934 2188; x_wconf 78' lang='lat' dir='ltr'>a.</span> <span class='ocrx_word' id='word_1_288' title='bbox 952 2158 1007 2189; x_wconf 86' lang='grc'>63.</span> <span class='ocrx_word' id='word_1_289' title='bbox 1029 2157 1094 2188; x_wconf 89' lang='grc'>691</span> <span class='ocrx_word' id='word_1_290' title='bbox 1124 2156 1210 2198; x_wconf 89' lang='lat' dir='ltr'>(quo</span> <span class='ocrx_word' id='word_1_291' title='bbox 1232 2152 1358 2187; x_wconf 88' lang='lat' dir='ltr'>Cicero</span> <span class='ocrx_word' id='word_1_292' title='bbox 1385 2152 1587 2186; x_wconf 81' lang='lat' dir='ltr'>orationem</span> <span class='ocrx_word' id='word_1_293' title='bbox 1612 2162 1679 2196; x_wconf 87' lang='lat' dir='ltr'>pro</span> <span class='ocrx_word' id='word_1_294' title='bbox 1699 2151 1780 2185; x_wconf 90' lang='lat' dir='ltr'>Mu-</span> 
     </span>
     <span class='ocr_line' id='line_1_31' title="bbox 247 2204 1785 2253; baseline -0.004 -9"><span class='ocrx_word' id='word_1_295' title='bbox 247 2222 337 2245; x_wconf 77' lang='lat' dir='ltr'>rena,</span> <span class='ocrx_word' id='word_1_296' title='bbox 362 2209 510 2253; x_wconf 76' lang='lat' dir='ltr'>habuit)</span> <span class='ocrx_word' id='word_1_297' title='bbox 536 2208 679 2243; x_wconf 74' lang='lat' dir='ltr'>editum</span> <span class='ocrx_word' id='word_1_298' title='bbox 705 2219 784 2242; x_wconf 86' lang='lat' dir='ltr'>esse</span> <span class='ocrx_word' id='word_1_299' title='bbox 812 2208 989 2251; x_wconf 72' lang='lat' dir='ltr'>coniecit3</span> <span class='ocrx_word' id='word_1_300' title='bbox 1024 2209 1064 2242; x_wconf 79' lang='lat' dir='ltr'>at</span> <span class='ocrx_word' id='word_1_301' title='bbox 1095 2206 1269 2251; x_wconf 81' lang='lat' dir='ltr'>quoniam</span> <span class='ocrx_word' id='word_1_302' title='bbox 1298 2206 1413 2240; x_wconf 77' lang='lat' dir='ltr'>altero</span> <span class='ocrx_word' id='word_1_303' title='bbox 1443 2204 1537 2239; x_wconf 87' lang='lat' dir='ltr'>libro</span> <span class='ocrx_word' id='word_1_304' title='bbox 1562 2205 1637 2239; x_wconf 80' lang='lat' dir='ltr'>iam</span> <span class='ocrx_word' id='word_1_305' title='bbox 1662 2215 1785 2248; x_wconf 81' lang='lat' dir='ltr'>usque</span> 
     </span>
     <span class='ocr_line' id='line_1_32' title="bbox 247 2260 1544 2307; baseline -0.004 -10"><span class='ocrx_word' id='word_1_306' title='bbox 247 2264 294 2298; x_wconf 85' lang='lat' dir='ltr'>ad</span> <span class='ocrx_word' id='word_1_307' title='bbox 321 2262 453 2307; x_wconf 83' lang='lat' dir='ltr'>Pyrrhi</span> <span class='ocrx_word' id='word_1_308' title='bbox 479 2261 620 2296; x_wconf 87' lang='lat' dir='ltr'>bellum</span> <span class='ocrx_word' id='word_1_309' title='bbox 645 2261 827 2306; x_wconf 75' lang='lat' dir='ltr'>peruenit,</span> <span class='ocrx_word' id='word_1_310' title='bbox 854 2261 924 2295; x_wconf 82' lang='lat' dir='ltr'>hac</span> <span class='ocrx_word' id='word_1_311' title='bbox 951 2260 1162 2305; x_wconf 83' lang='lat' dir='ltr'>suspicione</span> <span class='ocrx_word' id='word_1_312' title='bbox 1188 2270 1312 2294; x_wconf 81' lang='lat' dir='ltr'>carere</span> <span class='ocrx_word' id='word_1_313' title='bbox 1337 2269 1544 2304; x_wconf 80' lang='lat' dir='ltr'>possumus.</span> 
     </span>
    </p>

    <p class='ocr_par' dir='ltr' id='par_1_6' title="bbox 247 2311 1786 2840">
     <span class='ocr_line' id='line_1_33' title="bbox 344 2311 1786 2360; baseline -0.003 -10"><span class='ocrx_word' id='word_1_314' title='bbox 344 2319 377 2360; x_wconf 86' lang='lat'>2)</span> <span class='ocrx_word' id='word_1_315' title='bbox 405 2315 465 2350; x_wconf 85' lang='lat' dir='ltr'>Sic</span> <span class='ocrx_word' id='word_1_316' title='bbox 488 2314 631 2350; x_wconf 79' lang='lat' dir='ltr'>Vahlen</span> <span class='ocrx_word' id='word_1_317' title='bbox 658 2314 697 2348; x_wconf 89' lang='lat' dir='ltr'>in</span> <span class='ocrx_word' id='word_1_318' title='bbox 724 2314 811 2349; x_wconf 72' lang='lat' dir='ltr'>edit.</span> <span class='ocrx_word' id='word_1_319' title='bbox 841 2325 910 2348; x_wconf 78' lang='lat' dir='ltr'>sec.</span> <span class='ocrx_word' id='word_1_320' title='bbox 940 2314 1040 2348; x_wconf 87' lang='lat' dir='ltr'>hunc</span> <span class='ocrx_word' id='word_1_321' title='bbox 1065 2313 1187 2348; x_wconf 87' lang='lat' dir='ltr'>locum</span> <span class='ocrx_word' id='word_1_322' title='bbox 1213 2311 1370 2347; x_wconf 71' lang='lat' dir='ltr'>multum</span> <span class='ocrx_word' id='word_1_323' title='bbox 1389 2312 1616 2356; x_wconf 73' lang='lat' dir='ltr'>temptatum</span> <span class='ocrx_word' id='word_1_324' title='bbox 1643 2311 1786 2346; x_wconf 31' lang='lat' dir='ltr'>consti-⁷</span> 
     </span>
     <span class='ocr_line' id='line_1_34' title="bbox 247 2365 1778 2413; baseline -0.003 -9"><span class='ocrx_word' id='word_1_325' title='bbox 247 2369 337 2412; x_wconf 63' lang='lat' dir='ltr'>tum</span> <span class='ocrx_word' id='word_1_326' title='bbox 367 2369 473 2404; x_wconf 84' lang='lat' dir='ltr'>codd.</span> <span class='ocrx_word' id='word_1_327' title='bbox 502 2380 523 2403; x_wconf 84' lang='lat' dir='ltr'>a</span> <span class='ocrx_word' id='word_1_328' title='bbox 548 2380 602 2413; x_wconf 86' lang='lat' dir='ltr'>pr.</span> <span class='ocrx_word' id='word_1_329' title='bbox 631 2378 744 2402; x_wconf 85' lang='lat' dir='ltr'>manu</span> <span class='ocrx_word' id='word_1_330' title='bbox 770 2367 865 2402; x_wconf 81' lang='lat' dir='ltr'>haec</span> <span class='ocrx_word' id='word_1_331' title='bbox 892 2367 1084 2403; x_wconf 75' lang='lat' dir='ltr'>exhibent:</span> <span class='ocrx_word' id='word_1_332' title='bbox 1111 2368 1246 2402; x_wconf 82' lang='lat' dir='ltr'>multas</span> <span class='ocrx_word' id='word_1_333' title='bbox 1269 2367 1414 2411; x_wconf 81' lang='lat' dir='ltr'>ineptus</span> <span class='ocrx_word' id='word_1_334' title='bbox 1438 2366 1597 2411; x_wconf 77' lang='lat' dir='ltr'>[multus</span> <span class='ocrx_word' id='word_1_335' title='bbox 1622 2368 1654 2399; x_wconf 85' lang='lat' dir='ltr'>et</span> <span class='ocrx_word' id='word_1_336' title='bbox 1679 2365 1778 2410; x_wconf 78' lang='lat' dir='ltr'>inep—</span> 
     </span>
     <span class='ocr_line' id='line_1_35' title="bbox 247 2418 1780 2468; baseline -0.004 -11"><span class='ocrx_word' id='word_1_337' title='bbox 247 2428 306 2458; x_wconf 75' lang='lat' dir='ltr'>tus</span> <span class='ocrx_word' id='word_1_338' title='bbox 338 2434 382 2457; x_wconf 79' lang='lat' dir='ltr'>ex</span> <span class='ocrx_word' id='word_1_339' title='bbox 415 2422 529 2468; x_wconf 75' lang='lat' dir='ltr'>corr]</span> <span class='ocrx_word' id='word_1_340' title='bbox 556 2422 657 2456; x_wconf 84' lang='lat' dir='ltr'>datio</span> <span class='ocrx_word' id='word_1_341' title='bbox 687 2433 830 2456; x_wconf 80' lang='lat' dir='ltr'>summa</span> <span class='ocrx_word' id='word_1_342' title='bbox 867 2421 1098 2465; x_wconf 79' lang='lat' dir='ltr'>inpudentia.</span> <span class='ocrx_word' id='word_1_343' title='bbox 1143 2420 1241 2454; x_wconf 88' lang='lat' dir='ltr'>unde</span> <span class='ocrx_word' id='word_1_344' title='bbox 1274 2419 1339 2454; x_wconf 82' lang='lat' dir='ltr'>alii</span> <span class='ocrx_word' id='word_1_345' title='bbox 1372 2418 1448 2453; x_wconf 80' lang='lat' dir='ltr'>alia</span> <span class='ocrx_word' id='word_1_346' title='bbox 1479 2418 1703 2460; x_wconf 79' lang='lat' dir='ltr'>elicuerunt,</span> <span class='ocrx_word' id='word_1_347' title='bbox 1738 2419 1780 2451; x_wconf 71' lang='lat' dir='ltr'>ut]</span> 
     </span>
     <span class='ocr_line' id='line_1_36' title="bbox 249 2471 1780 2520; baseline -0.003 -10"><span class='ocrx_word' id='word_1_348' title='bbox 249 2477 290 2510; x_wconf 88' lang='lat' dir='ltr'>A.</span> <span class='ocrx_word' id='word_1_349' title='bbox 306 2475 364 2509; x_wconf 90' lang='lat' dir='ltr'>W.</span> <span class='ocrx_word' id='word_1_350' title='bbox 381 2475 517 2520; x_wconf 75' lang='lat' dir='ltr'>Zumpt</span> <span class='ocrx_word' id='word_1_351' title='bbox 541 2476 677 2510; x_wconf 85' lang='lat' dir='ltr'>multus</span> <span class='ocrx_word' id='word_1_352' title='bbox 702 2478 734 2509; x_wconf 86' lang='lat' dir='ltr'>et</span> <span class='ocrx_word' id='word_1_353' title='bbox 759 2475 906 2519; x_wconf 78' lang='lat' dir='ltr'>ineptus</span> <span class='ocrx_word' id='word_1_354' title='bbox 932 2478 963 2509; x_wconf 82' lang='lat' dir='ltr'>et</span> <span class='ocrx_word' id='word_1_355' title='bbox 989 2474 1078 2509; x_wconf 82' lang='lat' dir='ltr'>adeo</span> <span class='ocrx_word' id='word_1_356' title='bbox 1098 2485 1239 2508; x_wconf 78' lang='lat' dir='ltr'>summa</span> <span class='ocrx_word' id='word_1_357' title='bbox 1258 2473 1496 2517; x_wconf 75' lang='lat' dir='ltr'>impudentia,</span> <span class='ocrx_word' id='word_1_358' title='bbox 1523 2471 1624 2506; x_wconf 85' lang='lat' dir='ltr'>Bake</span> <span class='ocrx_word' id='word_1_359' title='bbox 1644 2472 1780 2506; x_wconf 81' lang='lat' dir='ltr'>multus</span> 
     </span>
     <span class='ocr_line' id='line_1_37' title="bbox 249 2524 1778 2573; baseline -0.004 -10"><span class='ocrx_word' id='word_1_360' title='bbox 249 2534 282 2564; x_wconf 87' lang='lat' dir='ltr'>et</span> <span class='ocrx_word' id='word_1_361' title='bbox 316 2531 461 2573; x_wconf 77' lang='lat' dir='ltr'>ineptus</span> <span class='ocrx_word' id='word_1_362' title='bbox 495 2532 561 2570; x_wconf 69' lang='lat' dir='ltr'>est,</span> <span class='ocrx_word' id='word_1_363' title='bbox 597 2529 773 2563; x_wconf 85' lang='lat' dir='ltr'>clamator</span> <span class='ocrx_word' id='word_1_364' title='bbox 805 2539 948 2562; x_wconf 81' lang='lat' dir='ltr'>summa</span> <span class='ocrx_word' id='word_1_365' title='bbox 980 2528 1226 2572; x_wconf 77' lang='lat' dir='ltr'>impudentia,</span> <span class='ocrx_word' id='word_1_366' title='bbox 1263 2525 1479 2570; x_wconf 84' lang='lat' dir='ltr'>Nipperdey</span> <span class='ocrx_word' id='word_1_367' title='bbox 1506 2524 1638 2569; x_wconf 84' lang='lat' dir='ltr'>Opusc.</span> <span class='ocrx_word' id='word_1_368' title='bbox 1659 2537 1695 2569; x_wconf 89' lang='lat' dir='ltr'>p.</span> <span class='ocrx_word' id='word_1_369' title='bbox 1710 2527 1778 2558; x_wconf 80' lang='lat'>406</span> 
     </span>
     <span class='ocr_line' id='line_1_38' title="bbox 248 2578 1778 2625; baseline -0.003 -8"><span class='ocrx_word' id='word_1_370' title='bbox 248 2583 383 2625; x_wconf 81' lang='lat' dir='ltr'>multa,</span> <span class='ocrx_word' id='word_1_371' title='bbox 414 2583 455 2616; x_wconf 78' lang='lat' dir='ltr'>in</span> <span class='ocrx_word' id='word_1_372' title='bbox 487 2582 652 2625; x_wconf 75' lang='lat' dir='ltr'>epistulis</span> <span class='ocrx_word' id='word_1_373' title='bbox 682 2581 809 2616; x_wconf 82' lang='lat' dir='ltr'>relatis</span> <span class='ocrx_word' id='word_1_374' title='bbox 836 2592 978 2616; x_wconf 82' lang='lat' dir='ltr'>summa</span> <span class='ocrx_word' id='word_1_375' title='bbox 1003 2581 1243 2625; x_wconf 77' lang='lat' dir='ltr'>impudentia,</span> <span class='ocrx_word' id='word_1_376' title='bbox 1268 2578 1379 2613; x_wconf 85' lang='lat' dir='ltr'>Halm</span> <span class='ocrx_word' id='word_1_377' title='bbox 1404 2580 1520 2613; x_wconf 87' lang='lat' dir='ltr'>multa</span> <span class='ocrx_word' id='word_1_378' title='bbox 1545 2582 1631 2613; x_wconf 77' lang='lat' dir='ltr'>sunt</span> <span class='ocrx_word' id='word_1_379' title='bbox 1655 2579 1778 2622; x_wconf 78' lang='lat' dir='ltr'>inepta</span> 
     </span>
     <span class='ocr_line' id='line_1_39' title="bbox 249 2632 1779 2679; baseline -0.003 -9"><span class='ocrx_word' id='word_1_380' title='bbox 249 2646 361 2679; x_wconf 78' lang='lat' dir='ltr'>usque</span> <span class='ocrx_word' id='word_1_381' title='bbox 386 2635 437 2669; x_wconf 86' lang='lat' dir='ltr'>ad</span> <span class='ocrx_word' id='word_1_382' title='bbox 460 2646 637 2669; x_wconf 77' lang='lat' dir='ltr'>summam</span> <span class='ocrx_word' id='word_1_383' title='bbox 656 2634 932 2678; x_wconf 79' lang='lat' dir='ltr'>impudentiam,</span> <span class='ocrx_word' id='word_1_384' title='bbox 958 2635 1163 2668; x_wconf 82' lang='lat' dir='ltr'>Mommsen</span> <span class='ocrx_word' id='word_1_385' title='bbox 1183 2632 1366 2667; x_wconf 82' lang='lat' dir='ltr'>chronol.²</span> <span class='ocrx_word' id='word_1_386' title='bbox 1384 2644 1418 2676; x_wconf 89' lang='lat' dir='ltr'>p.</span> <span class='ocrx_word' id='word_1_387' title='bbox 1436 2635 1479 2666; x_wconf 83' lang='lat'>95</span> <span class='ocrx_word' id='word_1_388' title='bbox 1499 2643 1533 2666; x_wconf 86' lang='lat'>11.</span> <span class='ocrx_word' id='word_1_389' title='bbox 1551 2635 1617 2665; x_wconf 88' lang='grc'>146</span> <span class='ocrx_word' id='word_1_390' title='bbox 1637 2632 1678 2665; x_wconf 77' lang='lat' dir='ltr'>iri</span> <span class='ocrx_word' id='word_1_391' title='bbox 1697 2642 1779 2666; x_wconf 86' lang='lat' dir='ltr'>ora-</span> 
     </span>
     <span class='ocr_line' id='line_1_40' title="bbox 249 2683 1781 2732; baseline -0.003 -10"><span class='ocrx_word' id='word_1_392' title='bbox 249 2688 411 2724; x_wconf 77' lang='lat' dir='ltr'>tionibus</span> <span class='ocrx_word' id='word_1_393' title='bbox 443 2692 559 2722; x_wconf 76' lang='lat' dir='ltr'>autem</span> <span class='ocrx_word' id='word_1_394' title='bbox 594 2689 710 2722; x_wconf 83' lang='lat' dir='ltr'>multa</span> <span class='ocrx_word' id='word_1_395' title='bbox 740 2687 802 2722; x_wconf 84' lang='lat' dir='ltr'>sed</span> <span class='ocrx_word' id='word_1_396' title='bbox 827 2689 953 2732; x_wconf 83' lang='lat' dir='ltr'>inepta</span> <span class='ocrx_word' id='word_1_397' title='bbox 978 2687 1104 2729; x_wconf 83' lang='lat' dir='ltr'>elatio,</span> <span class='ocrx_word' id='word_1_398' title='bbox 1135 2697 1276 2721; x_wconf 79' lang='lat' dir='ltr'>summa</span> <span class='ocrx_word' id='word_1_399' title='bbox 1301 2684 1547 2730; x_wconf 78' lang='lat' dir='ltr'>impudentia,</span> <span class='ocrx_word' id='word_1_400' title='bbox 1584 2684 1714 2718; x_wconf 81' lang='lat' dir='ltr'>Pluess</span> <span class='ocrx_word' id='word_1_401' title='bbox 1739 2683 1781 2717; x_wconf 85' lang='lat' dir='ltr'>in</span> 
     </span>
     <span class='ocr_line' id='line_1_41' title="bbox 249 2737 1776 2785; baseline -0.003 -10"><span class='ocrx_word' id='word_1_402' title='bbox 249 2741 354 2775; x_wconf 79' lang='lat' dir='ltr'>Iahn.</span> <span class='ocrx_word' id='word_1_403' title='bbox 370 2751 454 2775; x_wconf 82' lang='lat' dir='ltr'>ann.</span> <span class='ocrx_word' id='word_1_404' title='bbox 471 2744 514 2774; x_wconf 87' lang='grc'>99</span> <span class='ocrx_word' id='word_1_405' title='bbox 535 2752 571 2785; x_wconf 90' lang='lat' dir='ltr'>p.</span> <span class='ocrx_word' id='word_1_406' title='bbox 587 2744 654 2774; x_wconf 80' lang='grc'>586</span> <span class='ocrx_word' id='word_1_407' title='bbox 675 2742 716 2775; x_wconf 78' lang='lat' dir='ltr'>in</span> <span class='ocrx_word' id='word_1_408' title='bbox 736 2740 966 2776; x_wconf 79' lang='lat' dir='ltr'>orationibus</span> <span class='ocrx_word' id='word_1_409' title='bbox 985 2744 1105 2775; x_wconf 82' lang='lat' dir='ltr'>autem</span> <span class='ocrx_word' id='word_1_410' title='bbox 1123 2741 1259 2774; x_wconf 81' lang='lat' dir='ltr'>multas</span> <span class='ocrx_word' id='word_1_411' title='bbox 1277 2739 1362 2773; x_wconf 75' lang='lat' dir='ltr'>inde</span> <span class='ocrx_word' id='word_1_412' title='bbox 1377 2739 1668 2782; x_wconf 76' lang='lat' dir='ltr'>perturbationes</span> <span class='ocrx_word' id='word_1_413' title='bbox 1683 2737 1776 2780; x_wconf 78' lang='lat' dir='ltr'>(hef-</span> 
     </span>
     <span class='ocr_line' id='line_1_42' title="bbox 248 2790 1780 2840; baseline -0.004 -11"><span class='ocrx_word' id='word_1_414' title='bbox 248 2795 319 2840; x_wconf 77' lang='lat' dir='ltr'>tiye</span> <span class='ocrx_word' id='word_1_415' title='bbox 335 2794 499 2837; x_wconf 76' lang='lat' dir='ltr'>Affecte).</span> <span class='ocrx_word' id='word_1_416' title='bbox 537 2793 704 2838; x_wconf 80' lang='lat' dir='ltr'>proxime</span> <span class='ocrx_word' id='word_1_417' title='bbox 725 2795 851 2828; x_wconf 80' lang='lat' dir='ltr'>tamen</span> <span class='ocrx_word' id='word_1_418' title='bbox 864 2793 1025 2828; x_wconf 87' lang='lat' dir='ltr'>Vahleni</span> <span class='ocrx_word' id='word_1_419' title='bbox 1046 2792 1229 2837; x_wconf 74' lang='lat' dir='ltr'>scriptura</span> <span class='ocrx_word' id='word_1_420' title='bbox 1248 2792 1294 2826; x_wconf 83' lang='lat' dir='ltr'>ad</span> <span class='ocrx_word' id='word_1_421' title='bbox 1315 2791 1420 2826; x_wconf 88' lang='lat' dir='ltr'>codd.</span> <span class='ocrx_word' id='word_1_422' title='bbox 1442 2791 1603 2836; x_wconf 78' lang='lat' dir='ltr'>uestigia</span> <span class='ocrx_word' id='word_1_423' title='bbox 1623 2790 1780 2825; x_wconf 76' lang='lat' dir='ltr'>accedit.</span> 
     </span>
    </p>

    <p class='ocr_par' dir='ltr' id='par_1_7' title="bbox 346 2843 1776 2892">
     <span class='ocr_line' id='line_1_43' title="bbox 346 2843 1776 2892; baseline -0.003 -11"><span class='ocrx_word' id='word_1_424' title='bbox 346 2849 380 2892; x_wconf 85' lang='lat'>3)</span> <span class='ocrx_word' id='word_1_425' title='bbox 408 2846 468 2882; x_wconf 84' lang='lat' dir='ltr'>Sic</span> <span class='ocrx_word' id='word_1_426' title='bbox 496 2847 593 2881; x_wconf 85' lang='lat' dir='ltr'>enim</span> <span class='ocrx_word' id='word_1_427' title='bbox 620 2846 903 2892; x_wconf 78' lang='lat' dir='ltr'>interpretanda</span> <span class='ocrx_word' id='word_1_428' title='bbox 930 2858 1008 2881; x_wconf 84' lang='lat' dir='ltr'>esse</span> <span class='ocrx_word' id='word_1_429' title='bbox 1034 2845 1149 2881; x_wconf 76' lang='lat' dir='ltr'>uerba</span> <span class='ocrx_word' id='word_1_430' title='bbox 1174 2846 1231 2881; x_wconf 78' lang='lat' dir='ltr'>‘ex</span> <span class='ocrx_word' id='word_1_431' title='bbox 1251 2845 1450 2880; x_wconf 81' lang='lat' dir='ltr'>librariolis</span> <span class='ocrx_word' id='word_1_432' title='bbox 1470 2844 1633 2879; x_wconf 82' lang='lat' dir='ltr'>Latinis’</span> <span class='ocrx_word' id='word_1_433' title='bbox 1662 2855 1705 2878; x_wconf 78' lang='lat' dir='ltr'>ex</span> <span class='ocrx_word' id='word_1_434' title='bbox 1726 2843 1776 2877; x_wconf 78' lang='lat' dir='ltr'>eis</span> 
     </span>
    </p>
   </div>
   <div class='ocr_carea' id='block_1_4' title="bbox 1953 0 2002 2189">
    <p class='ocr_par' dir='ltr' id='par_1_8' title="bbox 1953 0 2002 2189">
     <span class='ocr_line' id='line_1_44' title="bbox 1953 0 2002 2189; baseline 0 0"><span class='ocrx_word' id='word_1_435' title='bbox 1953 0 2002 2189; x_wconf 95' lang='lat' dir='ltr'> </span> 
     </span>
    </p>
   </div>
  </div>
 </body>
</html>
