2002 3342
279 193 371 223 cen
609 179 671 213 DE
700 179 1008 215 SCRIPTORVM
1033 180 1156 215 viris
1184 181 1244 215 ET
1273 181 1482 217 seminus

278 287 383 344 (Liu.
405 290 577 342 perior-li.
599 286 688 343 59),
716 298 753 329 et
781 291 970 342 triumphi
995 291 1143 330 honore
1166 291 1347 343 dignatus
1375 300 1444 332 est.
1486 293 1531 332 de
1554 293 1703 345 reliqua
1726 297 1810 333 eius

277 357 358 394 uita
387 355 484 394 nihil
511 357 746 406 accepimus,
774 358 848 395 etsi
874 357 958 407 ipse
985 358 1199 395 memoriae
1227 370 1319 396 suae
1347 358 1449 397 haud
1475 360 1699 398 incuriosus
1728 360 1810 399 fuit.

278 434 365 459 nam
395 427 432 459 et
458 422 497 458 in
526 426 650 458 statua
679 433 741 459 res
769 433 789 459 a
816 434 857 459 se
884 427 1013 472 gestas
1040 427 1273 473 persecutus
1301 420 1403 475 estl)
1432 429 1470 463 et
1502 425 1541 462 in
1575 436 1683 463 sacra
1716 425 1810 464 aede

276 486 500 524 Histrorum
529 485 599 524 deo
629 485 803 524 dedicata
831 486 1000 537 elogium
1035 500 1149 526 suum
1182 485 1448 542 inscripsit‘2),
1481 489 1647 540 Iapudes
1680 495 1811 529 tamen

275 550 390 602 paulo
423 556 512 601 post
543 552 687 589 iterum
716 551 945 590 defecerunt
971 548 1087 605 (App.
1108 552 1211 602 Illyr.
1243 549 1327 606 19).
1368 553 1437 593 sed
1465 552 1570 593 ‘cum
1598 556 1703 593 omni
1730 557 1811 594 uita

276 622 392 667 atque
414 617 522 655 uictu
544 615 741 655 excultum
763 622 879 668 atque
901 617 1126 668 expolitum,
1142 623 1222 656 tum
1246 620 1331 657 eius
1353 618 1510 670 elegans
1526 632 1613 658 esse
1633 619 1810 658 habitum

276 682 394 719 etiam
421 683 609 720 orationis
636 680 776 732 genus’
804 682 944 720 scribit
970 682 1106 721 Cicero
1134 684 1174 721 in
1201 683 1322 722 Bruto
1350 680 1438 736 (25,
1459 680 1546 737 95).
1586 684 1689 723 unde
1715 698 1809 736 quo-

274 748 381 784 niam
402 746 621 786 litterarum
644 760 732 786 eum
755 747 975 786 studiosum
997 748 1119 786 fuisse
1138 754 1301 800 constat,
1322 749 1419 788 nihil
1440 749 1579 800 obstat,
1600 751 1809 801 quominus

273 811 323 850 ad
349 824 439 851 eum
467 825 531 851 eas
559 812 813 851 historiarum
836 812 1022 864 reliquias
1044 814 1273 863 referamus,
1300 826 1398 865 quae
1426 814 1497 854 sub
1525 814 1564 853 C.
1587 814 1810 866 Sempronii

270 882 341 915 aut
367 877 439 916 suh
467 877 652 916 Tuditani
678 879 836 916 nomine
864 877 911 916 ad
938 890 1009 916 nos
1036 884 1272 930 propagatae
1299 885 1405 918 sunt.

363 943 624 995 Inscriptio
658 950 788 982 tamen
815 956 892 982 uno
920 943 1004 982 loco
1033 945 1182 982 nomini
1209 944 1338 983 addita
1366 950 1441 996 est,
1475 942 1807 996 ‘magistratuum'

269 1020 293 1046 a
320 1007 516 1047 Macrobio
538 1005 602 1062 (fr.
620 1005 677 1062 7),
703 1021 831 1060 neque
859 1008 1061 1048 dubitatur
1086 1011 1181 1060 quin
1208 1009 1377 1048 eundem
1403 1009 1547 1049 librum
1568 1010 1615 1049 M.
1631 1010 1810 1049 Messalla

271 1086 397 1124 augur
423 1075 463 1112 in
492 1086 549 1124 e0,
576 1087 692 1125 quem
721 1074 766 1113 de
793 1076 981 1126 auspiciis
1008 1077 1238 1126 composuit,
1265 1076 1548 1126 significauerit
1569 1072 1633 1130 (fr.
1655 1072 1714 1130 8),
1741 1076 1808 1115 ubi

272 1138 312 1177 C.
328 1138 511 1178 Tuditani
529 1138 870 1178 ‘commentarium
885 1142 1045 1179 tertium
1063 1139 1272 1179 decimum’
1291 1142 1426 1180 citauit
1436 1137 1481 1194 3),
1501 1140 1685 1193 idemque
1706 1143 1805 1180 anti-

269 1205 434 1255 quitatis
467 1204 641 1243 studium
675 1206 791 1243 etiam
824 1206 865 1244 in
892 1206 936 1244 fr.
959 1204 984 1244 2
1013 1203 1127 1258 (item
1155 1218 1174 1244 a
1201 1205 1396 1244 Macrobio
1431 1203 1608 1260 seruato)
1634 1213 1807 1258 apparet.

271 1270 375 1321 quod
403 1269 608 1309 Cichorius
636 1266 757 1323 (stud.
774 1270 934 1309 Vindob.
956 1270 1075 1309 XXIV
1101 1284 1136 1322 p.
1153 1268 1406 1325 588—599)
1436 1284 1525 1310 cum
1551 1284 1600 1310 ne
1622 1284 1642 1310 a
1663 1273 1807 1311 ceteris

270 1335 430 1386 quidem
458 1336 687 1386 fragmentis
714 1336 927 1375 abhorrere
956 1336 1167 1387 docuisset,
1194 1337 1298 1375 hunc
1319 1336 1557 1375 Tuditanum
1578 1339 1738 1376 omnino
1759 1350 1806 1376 ex

269 1400 549 1440 historicorum
577 1414 742 1440 numero
772 1401 930 1453 depulit.
970 1407 1007 1440 at
1031 1414 1127 1440 uero
1154 1401 1363 1452 Dionysius
1389 1402 1471 1441 Hal.
1493 1414 1582 1441 eum
1608 1403 1713 1441 inter
1739 1415 1805 1441 eos

270 1468 489 1517 recensuit,
523 1468 590 1517 qui
618 1466 663 1505 ab
692 1480 736 1506 eo
765 1466 1021 1518 λογιώτατοι
1047 1472 1136 1506 τῶν
1168 1464 1388 1517 Ῥωμαίων
1415 1465 1711 1519 συγγραφέων
1739 1480 1805 1519 ap-

268 1531 403 1583 pellati
435 1537 542 1583 sunt,
581 1532 720 1584 bisque
755 1545 844 1571 eum
871 1545 947 1571 una
984 1545 1072 1571 cum
1107 1532 1252 1571 Catone
1286 1531 1332 1571 de
1359 1532 1636 1583 Aboriginibus
1669 1534 1806 1572 citauit

268 1594 335 1650 (fr.
355 1596 374 1635 1
401 1610 431 1636 c.
448 1594 566 1651 adn),
594 1598 854 1649 similiterque
882 1610 971 1636 eum
998 1597 1103 1636 idem
1131 1599 1334 1636 coniunxit
1361 1611 1449 1637 eum
1471 1598 1604 1637 Cassio
1625 1598 1804 1649 Hemina,

268 1664 540 1701 uetustissimo
558 1669 717 1702 auctore
740 1663 949 1714 annalium,
965 1663 1118 1714 Pisone,
1133 1664 1286 1702 Antiate
1303 1660 1366 1716 (fr.
1383 1659 1428 1717 3)
1438 1660 1486 1716 4),
1501 1664 1692 1702 Asconius
1713 1676 1803 1702 cum

266 1727 481 1779 Pomponio
502 1728 628 1767 Attico
657 1734 696 1767 et
722 1728 834 1768 Liuio
856 1725 921 1781 (fr.
936 1725 995 1781 4),
1024 1727 1172 1767 Gellius
1193 1741 1282 1767 cum
1303 1728 1511 1767 Tuberone
1535 1727 1589 1767 ‘in
1611 1727 1802 1767 historiis’

365 1886 398 1928 1)
424 1884 565 1919 Plinius
592 1897 626 1918 n.
642 1885 678 1919 h.
694 1889 726 1927 3,
744 1889 827 1919 129:
854 1886 1075 1927 Tuditanus,
1101 1886 1165 1929 qui
1185 1886 1324 1925 domuit
1344 1885 1504 1927 Histros,
1529 1886 1570 1919 in
1588 1888 1714 1920 statua
1731 1897 1802 1921 sua

264 1938 318 1973 tbi
344 1940 547 1983 ¹1'71.5*crip.‹5it.·
575 1939 649 1973 ‘Ab
670 1940 843 1983 Aquileia
870 1940 919 1973 ad
941 1939 1078 1973 Titium
1098 1939 1229 1982 flumen
1255 1939 1350 1974 stad.
1367 1938 1437 1973 M.’
1466 1938 1537 1972 nisi
1562 1938 1658 1974 forte
1678 1939 1801 1974 minus

264 1994 440 2026 accurate
466 1991 609 2026 Plinius
635 1992 780 2026 Histros
807 2002 872 2036 pro
899 1992 1103 2035 Iapudibus
1129 1992 1265 2037 posuit.

362 2047 395 2089 2)
424 2045 540 2080 Tituli
566 2047 678 2079 antea
698 2045 777 2079 sine
797 2045 947 2080 nomine
968 2045 1047 2080 noti
1066 2048 1211 2090 partem
1231 2045 1282 2089 (C.
1303 2046 1329 2079 I.
1351 2045 1388 2079 L.
1411 2045 1443 2080 V
1469 2057 1503 2079 11.
1524 2049 1617 2079 8270
1642 2057 1678 2090 p.
1695 2048 1799 2090 1031)

265 2100 308 2134 A.
330 2099 375 2133 de
396 2099 642 2134 Premerstein
669 2099 888 2143 (Jahreshest
908 2100 941 2134 cl.
963 2103 1103 2134 oesterr.
1123 2111 1229 2134 roem.
1245 2100 1367 2134 Insta't.
1388 2098 1419 2132 X
1435 2102 1454 2132 2
1476 2111 1511 2143 p.
1527 2099 1608 2137 264)
1630 2110 1726 2134 nouo
1746 2099 1801 2132 in-

262 2155 374 2187 uento
408 2152 620 2197 suppletam
647 2153 694 2187 ad
721 2153 817 2187 hunc
843 2153 1072 2187 Tuditanum
1104 2152 1264 2194 rettulit,
1297 2152 1501 2187 Buecheler
1531 2153 1569 2186 in
1594 2164 1642 2187 m.
1662 2152 1731 2186 Rh.
1755 2156 1798 2187 63

264 2208 385 2251 (1908)
412 2218 447 2250 p.
470 2210 657 2241 321—328
684 2206 721 2240 in
747 2218 922 2240 uersuum
948 2206 1207 2241 Saturniorum
1233 2206 1391 2240 formam
1416 2205 1573 2251 redegit.

361 2263 394 2303 3)
422 2260 479 2293 Ad
505 2259 680 2305 isagogas
702 2260 800 2294 huno
826 2260 962 2294 librum
982 2259 1167 2304 pertinere
1192 2259 1405 2304 suspicatur
1425 2258 1605 2293 Mereklin
1632 2260 1706 2294 Dte
1725 2260 1797 2294 isa-

259 2314 452 2359 yoyessschen
477 2313 660 2357 Schriften
686 2314 748 2349 der
775 2314 908 2348 Ro'mer
933 2314 972 2347 in
997 2312 1130 2347 Philol.
1151 2312 1201 2347 IV
1226 2325 1261 2357 p.
1284 2316 1363 2347 425.

359 2368 393 2410 4)
421 2366 615 2401 Librorum
636 2378 720 2401 mss.
736 2366 992 2401 Plinianorum
1012 2366 1130 2401 maior
1149 2377 1235 2410 pars
1255 2365 1377 2400 locum
1403 2365 1509 2399 illum
1530 2365 1583 2399 sie
1603 2365 1796 2400 exhibent:

268 2420 478 2455 Tuditanus
498 2421 636 2455 XIIII
650 2422 714 2454 aut
738 2421 949 2455 Tuditanus
967 2421 1071 2454 tertio
1091 2420 1234 2455 decimo.
1280 2429 1393 2463 quam
1413 2419 1636 2463 scripturam
1663 2419 1693 2452 si
1714 2431 1795 2453 eum

263 2474 469 2508 editoribus
497 2474 674 2516 sequaris,
702 2474 881 2516 quotnam
906 2473 994 2507 libri
1013 2473 1157 2508 Numae
1179 2484 1221 2507 ex
1242 2472 1421 2507 Tuditani
1441 2472 1627 2506 sententia
1647 2472 1796 2515 fuerint,

261 2527 438 2571 requires,
466 2538 549 2561 cum
576 2539 620 2562 ex
647 2526 780 2562 ceteris
806 2527 1005 2562 annalibus
1032 2538 1158 2561 eorum
1184 2526 1364 2561 librorum
1386 2537 1580 2561 numerum
1607 2525 1797 2561 addiderit

261 2580 415 2614 Plinius.
455 2580 610 2624 proinde
636 2591 682 2614 ne
709 2580 889 2614 Tuditani
916 2580 1105 2614 annalium
1130 2580 1267 2614 librum
1287 2580 1351 2614 illo
1371 2591 1523 2614 numero
1545 2579 1796 2624 significatum

260 2645 341 2668 esse
375 2644 525 2669 censeas
564 2634 629 2668 sed
661 2634 805 2668 Numae
840 2633 1018 2668 librorum
1051 2644 1262 2675 numerum,
1295 2635 1407 2677 atque
1439 2632 1526 2666 libri
1558 2632 1797 2667 Riceardiani

261 2699 455 2722 numerum
478 2688 615 2721 XIIII
636 2688 687 2721 sie
713 2688 958 2722 transcribas:
987 2688 1069 2723 Hoc
1094 2687 1188 2722 idem
1214 2687 1330 2722 tradit
1350 2687 1437 2721 Piso
1460 2687 1653 2721 Censorius
1670 2688 1794 2731 primo

261 2742 600 2783 conmentariorum,
626 2742 687 2775 sed
706 2742 816 2776 libros
834 2745 963 2786 septem
984 2742 1078 2775 iuris
1094 2741 1279 2785 pontificii
1297 2740 1511 2784 totidemque
1531 2740 1795 2784 Pythayorzsscos

259 2795 392 2837 fuisse,
427 2794 638 2829 Tuditanus
671 2795 1025 2838 quattuordecim
1057 2795 1203 2829 Numae
1235 2794 1454 2828 decretorum
1486 2794 1608 2836 fuisse.
1655 2803 1728 2836 qua
1755 2804 1792 2827 re

259 2847 381 2882 omnis
409 2846 594 2882 dubitatio
621 2847 777 2882 tollitur.
