2002 3342
388 176 430 210 11.
458 176 519 210 DE
540 174 856 210 LITTERARVM
879 174 1201 209 MONVMENTIS
1229 175 1450 209 PRIVATIS
1544 190 1691 219 xxxm

156 289 225 339 qui
253 289 378 326 cereis
406 285 642 337 imaginibus
671 286 956 336 repraesentati
983 286 1022 323 in
1056 284 1162 323 sellis
1190 284 1376 324 eburneis
1403 288 1552 325 circum
1580 288 1690 325 sede-

89 394 93 399 ,
158 353 267 403 bant,
307 353 419 390 initio
447 351 493 389 ab
522 356 680 389 auc-tore
709 351 865 401 generis
894 350 993 388 sacto
1009 346 1060 403 ¹),
1100 349 1239 388 deinde
1267 351 1392 401 ipsius
1420 353 1485 401 qui
1513 357 1691 390 mortuus

157 414 298 470 erat2),
324 416 442 467 idque
470 418 533 466 ita,
565 422 606 454 ut
636 428 724 453 eum
753 421 817 453 aut
845 414 1098 466 respondisse
1124 415 1281 453 illorum
1310 415 1503 454 nobilitati
1530 422 1595 454 aut
1623 417 1691 455 bu-

157 482 291 521 milius
318 494 442 533 genus
469 481 687 519 illustrasse
715 482 827 519 factis
856 480 1080 529 doceretur,
1109 481 1221 518 cuius
1248 481 1305 518 rei
1333 480 1437 531 larga
1465 483 1626 519 materia
1655 490 1689 519 et

157 547 335 586 doctrina
362 548 401 585 in
430 547 631 585 rhetorum
660 545 804 583 scholis
831 545 1149 596 praecipiebatur
1181 541 1251 599 (cf.
1272 544 1351 584 Cic.
1374 545 1420 584 de
1448 552 1542 585 orat.
1564 544 1602 596 2,
1628 545 1691 596 11,

156 611 213 651 44
229 625 331 664 sqq.3
360 610 427 662 84,
449 610 535 650 340
551 608 668 665 sqq).

247 677 301 715 Ex
328 677 389 715 his
417 682 546 715 autem
574 675 862 715 laudationibus
890 675 1079 727 quaedam
1107 676 1250 714 litteris
1276 675 1481 714 mandatae
1509 678 1625 715 etiam
1653 679 1691 715 in

156 742 357 794 publicum
392 743 558 781 emissae
592 747 700 792 sunt,
738 747 781 780 ut
814 747 923 779 extra
959 747 1117 791 gentem
1153 740 1389 792 legerentur.
1442 743 1481 779 in
1519 747 1691 780 nostram

155 809 421 858 cognitionem
448 812 716 858 peruenerunt
745 802 927 859 haece3):

249 872 283 911 1.
312 869 354 926 (1
379 868 533 925 Vollm.)
568 871 754 910 Laudatio
783 871 823 911 L.
845 871 1005 910 Caecilii
1038 871 1183 910 Metelli
1218 873 1393 910 omnium
1422 873 1692 923 antiquissima

154 950 188 976 a.
211 936 308 977 221.
330 935 416 976 533
445 951 465 976 a
486 937 565 976 filio
586 937 729 988 habita⁷
756 950 775 975 a
796 936 922 975 Plinio
944 950 979 976 11.
998 937 1034 976 b.
1053 935 1089 988 7,
1109 934 1191 975 139
1221 938 1335 976 citata
1356 933 1562 989 (Muenzer
1582 939 1630 976 R.
1649 939 1691 976 E.

154 1003 206 1042 ΙΙΙ
235 1016 266 1042 c.
292 1001 404 1042 1203
421 999 509 1056 sq.).

245 1066 283 1107 2.
312 1066 358 1122 (3
384 1064 540 1107 Vollm)
569 1067 740 1106 laudatio
767 1067 814 1105 M.
837 1067 988 1106 Claudii
1010 1067 1183 1106 Marcelli
1211 1080 1242 1106 a.
1264 1064 1362 1106 208.
1385 1064 1470 1107 546
1498 1080 1517 1106 a
1539 1067 1585 1106 M.
1614 1068 1692 1107 tilio

155 1134 304 1185 habita,
331 1135 371 1172 in
399 1147 475 1185 qua
500 1133 680 1185 pluribus
708 1134 793 1171 eius
820 1145 926 1171 mors
954 1138 1038 1171 erat
1065 1138 1263 1184 enarrata,
1291 1145 1365 1183 qua
1392 1134 1509 1171 etiam
1537 1132 1693 1172 Coelius

154 1200 361 1250 Antipater
386 1211 483 1237 usus
510 1204 580 1249 est,
609 1199 654 1236 fr.
676 1195 732 1237 29
761 1196 864 1250 (Liu.
886 1195 954 1249 27,
975 1195 1044 1249 27,
1068 1194 1153 1250 13).

245 1262 283 1303 3.
311 1260 357 1318 (2
379 1260 534 1318 Vollm.)
563 1263 733 1302 laudatio
756 1263 798 1309 Q.
822 1263 891 1302 filii
918 1263 1150 1313 consulariS‚
1177 1275 1293 1314 quam
1321 1263 1457 1302 habuit
1484 1263 1526 1309 Q.
1551 1263 1692 1303 Fabius

155 1330 348 1368 Maximus
369 1329 582 1368 Cunctator
601 1330 707 1368 inter
727 1342 758 1367 a.
780 1326 878 1367 207.
901 1326 985 1368 547
1010 1334 1047 1367 et
1068 1326 1166 1368 203.
1188 1326 1285 1367 551.
1314 1328 1500 1368 Muenzer
1521 1330 1569 1368 R.
1585 1331 1630 1368 E.
1646 1329 1693 1368 Vl

154 1408 186 1433 c.
212 1392 324 1433 1789
341 1407 396 1446 sq.
447 1394 547 1433 Plut.
569 1394 660 1432 Fab.
685 1392 726 1432 l:
760 1391 813 1433 οὐ
847 1392 929 1445 γὰρ
965 1390 1074 1446 ἐπῆν
1107 1393 1327 1446 ὡραϊσμὸς
1360 1390 1465 1433 οὐδὲ
1490 1393 1594 1446 κενὴ
1623 1393 1693 1434 καὶ

155 1503 315 1538 Romani
342 1503 517 1547 Graecos,
554 1503 598 1537 ef.
620 1502 851 1547 Thucydidis
884 1502 1091 1537 orationem
1122 1502 1275 1537 Periclis
1303 1506 1334 1545 2,
1357 1507 1417 1537 36:
1456 1500 1628 1548 ’Ἀρξομαι
1655 1502 1688 1537 δ’

153 1555 230 1592 ἀπὸ
256 1562 330 1591 τῶν
355 1555 551 1602 προγόνων
576 1562 733 1599 πρῶτον.

252 1612 286 1653 1)
312 1610 418 1644 Hunc
446 1610 543 1643 enim
571 1609 739 1644 ordinem
764 1620 830 1654 per
857 1620 894 1643 se
922 1610 1214 1644 consentaneum
1248 1609 1385 1644 diserte
1415 1610 1559 1645 indicat
1586 1610 1692 1654 Poly-

153 1663 238 1698 bius
272 1668 304 1705 6,
325 1667 381 1708 54,
404 1668 420 1696 1
455 1663 550 1708 πλὴν
582 1662 605 1698 δ’
634 1675 673 1708 γε
707 1661 823 1707 λέγων
860 1663 952 1706 ὑπὲρ
988 1668 1053 1698 τοῦ
1091 1662 1311 1697 θάπτεσθαι
1350 1662 1559 1707 μέλλοντος,
1598 1663 1693 1699 ἐπὰν

153 1717 286 1763 διέλθῃ
319 1717 383 1751 τὸν
415 1717 500 1759 περὶ
532 1717 664 1751 τούτου
697 1715 824 1760 λόγον,
865 1715 1014 1762 ἄρχεται
1047 1722 1121 1751 τῶν
1153 1716 1272 1751 ἄλλων
1305 1717 1379 1751 ἀπὸ
1415 1723 1480 1752 τοῦ
1518 1730 1693 1762 προγενε-

153 1770 290 1805 στάτου
315 1777 388 1805 τῶν
414 1769 612 1812 παρόντων
638 1770 702 1804 καὶ
728 1769 823 1815 λέγει
848 1769 914 1809 τὰς
939 1769 1131 1816 ἐπιτυχίας
1157 1769 1312 1805 ἑκάστου
1345 1771 1410 1804 καὶ
1440 1769 1506 1811 τὰς
1530 1771 1693 1814 πράξεις,

154 1824 357 1858 dummodo
391 1823 485 1859 ἐπὰν
512 1823 642 1868 διέλθῃ
676 1824 774 1857 reete
807 1823 1096 1867 interpretemur
1129 1824 1334 1868 <postquam
1365 1826 1531 1868 persequi
1561 1826 1690 1869 coepit'

154 1877 236 1912 coll.
260 1881 291 1919 1,
310 1881 362 1919 13,
380 1881 422 1910 10
443 1877 560 1923 βραχὺ
585 1876 862 1920 ἐπιμελέστερον
881 1875 1142 1921 πειρασόμεθα
1162 1879 1327 1912 διελθεῖν
1347 1877 1440 1920 ὑπὲρ
1460 1883 1525 1912 τοῦ
1545 1879 1692 1921 πρώτου

155 1930 356 1970 συστάντος
389 1930 551 1975 πολέμου
574 1929 767 1975 Ῥωμαίοις
799 1931 861 1964 καὶ
887 1930 1163 1975 Καρχηδονίοις
1194 1931 1277 1972 περὶ
1310 1929 1501 1974 Σικελίας,
1533 1943 1693 1975 quacum

154 1984 464 2028 interpretatione
496 1983 648 2018 Tacitus
681 1983 866 2019 consentit
899 1987 1061 2025 ann.13‚
1083 1988 1120 2017 3:
1160 1984 1233 2018 Die
1266 1985 1410 2027 funeris
1443 1985 1692 2019 laudationem

153 2040 232 2072 eius
259 2037 423 2083 [Claudii
448 2037 561 2083 Nero]
583 2039 754 2082 princeps
779 2048 927 2072 eaeorsus
953 2042 1013 2079 est,
1039 2037 1127 2071 dam
1153 2039 1408 2082 antiquitatem
1433 2039 1584 2082 qeneris,
1609 2049 1693 2073 con-

154 2093 299 2126 sulatus
324 2103 367 2126 ae
392 2091 592 2135 triumphos
619 2092 798 2126 maiorum
824 2091 1075 2133 enumerabat,
1102 2091 1263 2125 intentus
1288 2092 1363 2135 ipse
1390 2095 1422 2125 et
1448 2093 1554 2126 ceteri
1560 2106 1572 2134 ,·
1607 2093 1692 2126 libe-

154 2146 292 2180 ralium
318 2156 455 2189 qaoque
480 2146 616 2179 artium
642 2145 928 2179 commemoratio
949 2149 979 2179 et
1004 2145 1099 2178 nihil
1118 2149 1258 2189 reyente
1278 2156 1316 2179 eo
1336 2145 1436 2179 triste
1455 2145 1509 2179 rei
1521 2146 1693 2189 publicae

155 2199 200 2233 ab
227 2199 384 2233 externis
416 2198 588 2233 accidisse
615 2198 746 2242 pronis
777 2198 913 2231 animis
938 2198 1089 2232 audita:
1121 2202 1316 2242 postquam
1342 2198 1391 2232 ad
1420 2199 1691 2241 prouidentiam

153 2252 442 2296 sapientiamque
466 2252 583 2294 sleoeit,
621 2262 723 2286 nemo
748 2252 846 2286 risui
871 2255 1082 2295 temperare,
1117 2262 1338 2295 quamquam
1365 2252 1483 2286 oratio
1509 2263 1532 2286 a
1559 2251 1691 2287 Seneca

152 2306 350 2349 composita
375 2306 529 2339 multam
555 2306 672 2340 cultus
692 2306 904 2349 praeferret.

252 2360 286 2403 2}
313 2357 407 2402 λέγει
438 2358 522 2401 περὶ
546 2363 612 2392 τοῦ
638 2357 935 2402 τετελευτηκότος
959 2357 1025 2397 τὰς
1051 2357 1185 2401 ἀρετὰς
1210 2358 1273 2392 καὶ
1299 2357 1366 2398 τὰς
1391 2357 1693 2403 ἐπιτετευγμένας

154 2413 194 2448 ἐν
220 2414 270 2459 τῷ
295 2414 360 2458 ζῇν
384 2411 536 2454 πράξεις
560 2411 688 2455 Polyb.
711 2416 743 2454 6,
764 2415 819 2453 53,
841 2415 872 2445 2.

253 2467 286 2509 3)
313 2464 430 2499 Omisi
461 2467 497 2499 et
527 2476 606 2506 eas,
646 2476 737 2509 quas
770 2464 866 2498 nihil
899 2464 1001 2499 aliud
1033 2464 1105 2498 nisi
1133 2464 1252 2499 dictas
1280 2475 1359 2499 esse
1386 2465 1615 2509 accepimus,
1656 2468 1692 2500 et

154 2519 280 2564 elogia
311 2519 350 2552 in
381 2518 571 2562 lapidibus
603 2518 809 2562 insculpta,
844 2529 939 2562 quae
971 2530 1059 2552 num
1089 2528 1175 2552 uere
1211 2518 1249 2552 in
1275 2518 1536 2552 laudationum
1567 2518 1690 2553 locum

154 2572 360 2607 substituta
386 2572 471 2613 sint,
498 2583 630 2616 parum
657 2573 814 2615 constat,
842 2575 878 2606 et
904 2571 942 2605 id
968 2571 1177 2606 libellorum
1205 2582 1334 2617 genus,
1362 2583 1434 2615 quo
1462 2574 1690 2606 mortuorum

154 2625 370 2660 memoriam
404 2625 602 2669 scriptores
634 2625 682 2659 ad
715 2637 799 2659 suas
832 2624 989 2669 quisque
1023 2624 1187 2659 rationes
1226 2624 1453 2667 referebant,
1493 2628 1532 2659 ut
1564 2625 1689 2660 Cicero

156 2679 305 2714 Catonis
331 2678 514 2712 Vticensis
547 2678 609 2712 uel
640 2678 793 2713 Porciae
831 2680 903 2723 (ap.
923 2678 1060 2713 Baiter.
1086 2678 1137 2712 XI
1161 2690 1197 2722 p.
1220 2681 1275 2712 67.
1304 2681 1359 2712 69.
1412 2678 1577 2712 Mueller.
1599 2678 1648 2711 IV
1669 2684 1688 2711 3

155 2744 191 2776 p.
208 2735 286 2766 327.
303 2734 395 2776 330),
422 2743 466 2766 ex
485 2743 558 2775 quo
581 2731 716 2766 ‘exitus
737 2731 940 2766 illustrium
959 2731 1139 2766 uirorum'
1156 2731 1303 2765 Neruae
1318 2731 1544 2774 'Traianique
1566 2733 1689 2765 aetate

155 2784 404 2819 effloruerunt.
459 2785 668 2820 Geschz'chtl.
689 2786 816 2821 Litter.
838 2785 853 2819 I
878 2796 914 2829 p.
936 2788 1003 2819 184
1019 2796 1097 2828 sqq.
1148 2784 1322 2818 Omnium
1356 2784 1566 2828 fragmenta
1593 2796 1688 2819 com-

156 2838 283 2883 posuit
308 2840 346 2872 et
372 2837 577 2882 explic-anit
603 2838 769 2873 Vollmer
793 2850 827 2882 p.
849 2841 1049 2872 480—527.

228 2904 308 2929 Hist.
322 2904 406 2929 Rom.
426 2903 478 2929 rel.
494 2904 517 2936 Ι,
537 2905 582 2930 od.
596 2905 714 2929 Peter.
739 2904 794 2929 Ed.
810 2904 859 2929 alt.
1355 2896 1404 2930 ῘῙῙ
