2002 3342
616 226 651 261 c,
674 225 817 261 ACILII
842 225 1080 259 ANNALES.
1120 226 1161 259 fr.
1184 229 1274 259 2-5
1658 225 1710 265 51

273 337 316 378 4.
351 338 695 387 Li21.25,39,11.
736 337 789 375 lta
814 334 929 388 [post
961 343 1127 375 mortem
1161 338 1393 386 Scipionum
1427 339 1465 374 in
1496 332 1716 386 Hispania]

183 411 297 443 nocte
333 417 377 443 ac
414 404 475 442 die
511 403 601 441 bina
637 408 764 441 castra
800 402 971 440 hostium
1003 399 1426 452 [Carthaye'niensc'um
1459 402 1648 449 Mayonis
1680 405 1717 439 et

184 467 475 521 Hasdrubalis]
501 473 723 519 oppugnata
757 466 873 505 ductu
908 466 947 504 L.
974 465 1122 504 Marcii.
1168 466 1215 505 ad
1245 468 1406 517 triginta
1433 471 1584 517 septem
1611 465 1717 504 milia

184 536 354 574 bostium
382 546 494 573 caesa
520 538 657 572 auctor
684 537 743 571 est
770 531 966 581 Claudius,
1000 533 1065 581 qui
1094 531 1254 570 annales
1274 531 1468 570 Acilianos
1496 544 1541 570 ex
1569 531 1717 569 Graeco

147 618 161 642 5
182 603 222 639 in
250 600 430 639 Latinum
464 610 687 637 sermonem
719 599 858 647 uertit,
891 603 1024 647 captos
1058 596 1103 635 ad
1137 596 1244 635 mille
1274 599 1519 647 octingentos
1546 598 1717 647 triginta,

129 943 162 967 10

129 1268 161 1292 15

128 1592 162 1617 20

127 1917 160 1942 25

129 2244 162 2268 ³0

183 666 366 717 praedam
395 666 594 715 ingentem
621 668 783 714 partam.
829 663 867 700 in
896 674 939 700 ea
974 663 1094 701 fuisse
1123 661 1304 713 clupeum
1332 667 1561 712 argenteum
1588 661 1717 712 pondo

183 737 341 769 centum
369 731 527 779 triginta
556 734 707 780 septem
735 740 823 766 cum
856 729 1027 778 imagine
1054 727 1212 765 Barcini
1239 727 1506 766 Hasdrubalis.
1532 749 1589 754 ——
1616 726 1718 777 apud

183 798 311 834 omnis
338 807 523 845 magnum
550 806 693 832 nomen
715 792 851 831 Marcii
879 792 988 831 ducis
1014 798 1083 831 est.
1125 797 1163 831 et
1183 805 1301 831 uerae
1329 792 1474 843 gloriae
1496 794 1579 830 eius
1600 794 1717 831 etiam

183 861 371 899 miracula
398 859 562 898 addunt:
590 860 785 897 llammam
814 860 850 896 ei
877 859 1120 896 contionanti
1147 858 1274 896 susam
1297 870 1316 896 e
1338 859 1465 908 capite
1487 858 1571 896 sine
1592 858 1717 908 ipsius

182 939 301 965 sensu
323 938 411 964 cum
439 937 578 976 magno
605 936 751 975 pauore
773 924 1116 962 circumstantium
1142 923 1325 973 militum,
1352 924 1718 972 monimentumque

182 992 370 1030 uictoriae
404 992 488 1029 eius
523 989 568 1028 de
602 990 743 1028 Poenis
775 1001 900 1039 usque
934 988 981 1027 ad
1014 990 1221 1028 incensum
1255 988 1489 1039 Capitolium
1523 988 1644 1026 fuisse
1678 989 1718 1025 in

182 1055 327 1107 templo
355 1055 525 1106 clipeum
552 1054 742 1093 Marcium
769 1054 1007 1105 appellatum
1035 1067 1124 1092 cum
1151 1055 1321 1105 imagine
1348 1053 1616 1092 Hasdrubalis.

272 1118 314 1160 5.
349 1121 437 1160 Lz'u.
454 1121 647 1169 35‚14‚1.
683 1119 880 1170 Sulpicius
907 1131 1024 1170 aeger
1043 1119 1224 1170 Pergami
1246 1118 1432 1158 substitit.
1472 1118 1608 1156 Villius
1629 1130 1719 1156 cum

182 1186 351 1225 Pisidiae
384 1185 486 1224 hello
520 1190 753 1236 occupatum
781 1197 866 1223 esse
894 1197 1028 1236 regem
1056 1184 1245 1235 audisset,
1280 1184 1479 1236 Ephesum
1506 1183 1719 1235 profectus,

184 1252 273 1290 dum
302 1264 446 1303 paucos
473 1251 527 1289 ibi
554 1255 731 1289 moratur
759 1249 854 1301 dies,
882 1249 987 1288 dedit
1015 1262 1187 1301 operam,
1212 1255 1257 1288 ut
1283 1262 1372 1288 cum
1395 1248 1624 1299 Hannibale,
1652 1249 1718 1299 qui

184 1324 267 1356 tum
293 1317 348 1355 ibi
376 1317 473 1355 sorte
502 1322 596 1367 erat,
624 1328 739 1367 saepe
768 1315 1095 1366 congrederetur,
1127 1321 1171 1354 ut
1197 1317 1372 1354 animum
1400 1316 1483 1353 eius
1510 1319 1719 1365 temptaret

183 1389 231 1433 et,
259 1384 291 1420 si
319 1395 393 1433 qua
419 1388 563 1433 posset,
590 1388 738 1420 metum
766 1381 943 1419 demeret
968 1380 1136 1432 periculi
1164 1382 1373 1431 quicquam
1402 1382 1438 1418 ei
1465 1379 1511 1418 ab
1532 1379 1719 1418 Romanis

183 1460 282 1487 esse.
321 1449 369 1485 iis
391 1447 596 1498 colloquiis
618 1446 723 1485 aliud
745 1445 903 1497 quidem
924 1452 1054 1484 actum
1081 1445 1178 1484 nihil
1200 1451 1269 1497 est,
1297 1450 1477 1484 secutum
1498 1450 1628 1483 tamen
1650 1457 1717 1483 sua

182 1518 319 1563 sponte
342 1518 412 1562 est,
438 1511 549 1550 uelut
569 1511 732 1550 consilio
754 1512 920 1562 petitum
943 1516 1059 1562 esset,
1085 1517 1129 1550 ut
1147 1511 1267 1550 uilior
1287 1511 1334 1549 ob
1357 1523 1399 1549 ea
1422 1512 1505 1561 regi
1525 1509 1718 1548 Hannibal

183 1583 221 1615 et
248 1578 469 1628 suspectior
495 1576 541 1615 ad
569 1578 697 1615 omnia
726 1577 849 1615 fieret.

271 1641 474 1692 Claudius,
503 1647 661 1680 secutus
695 1640 863 1680 Graecos
890 1641 1086 1679 Acilianos
1113 1640 1253 1691 libros,
1286 1640 1325 1678 P.
1346 1640 1574 1678 Africanum
1606 1641 1647 1677 in
1675 1651 1718 1677 ea

182 1708 302 1746 fuisse
331 1707 526 1758 legatione
553 1706 672 1745 tradit
700 1719 867 1757 eumque
889 1706 1035 1757 Ephesi
1056 1705 1292 1744 collocutum
1315 1717 1404 1743 cum
1425 1704 1653 1755 Hannibale,
1681 1710 1720 1742 et

181 1785 403 1811 sermonem
425 1785 547 1811 unum
570 1774 687 1810 etiam
708 1772 846 1810 refert:
874 1772 1079 1822 quaerenti
1100 1771 1295 1821 Africano,
1317 1783 1433 1821 quem
1456 1770 1576 1808 fuisse
1596 1770 1718 1808 maxi-

180 1851 288 1877 mum
308 1839 589 1889 imperatorem
609 1836 803 1875 Hannibal
825 1836 1017 1887 crederet,
1039 1836 1291 1888 respondisse
1312 1835 1577 1875 Alexandrum
1593 1835 1718 1873 Mace-

182 1901 325 1941 donum
361 1914 513 1953 regem,
546 1901 650 1953 quod
682 1914 802 1953 parua
836 1914 954 1941 manu
988 1901 1297 1940 innumerabiles
1325 1902 1522 1939 exercitus
1552 1900 1720 1939 fudisset

181 1968 362 2019 quodque
390 1967 547 2006 ultimas
575 1980 674 2018 oras,
703 1980 799 2018 quas
827 1969 957 2006 uisere
981 1980 1098 2018 supra
1120 1979 1231 2018 spem
1256 1967 1467 2005 humanam
1488 1971 1603 2016 esset,
1630 1977 1718 2017 per-

181 2039 365 2084 agrasset.
406 2034 612 2083 quaerenti
629 2032 782 2083 deinde,
803 2045 920 2084 quem
936 2032 1155 2071 secundum
1170 2038 1346 2083 poneret,
1362 2032 1555 2082 Pyrrhum
1572 2031 1717 2069 dixisse

181 2104 306 2136 castra
335 2099 476 2136 metari
502 2099 674 2148 primum
698 2097 896 2150 docuisse,
924 2097 971 2136 ad
997 2097 1071 2136 hoc
1092 2099 1291 2136 neminem
1315 2097 1532 2147 elegantius
1552 2096 1636 2134 loca
1658 2108 1719 2134 ce-

182 2165 304 2214 pisse,
337 2162 531 2214 praesidia
566 2162 825 2215 disposuisse3
859 2168 982 2201 artem
1017 2164 1134 2201 etiam
1168 2161 1403 2200 conciliandi
1438 2161 1512 2200 sibi
1539 2161 1719 2199 homines

183 2241 269 2267 eam
296 2228 494 2279 habuisse,
520 2234 563 2266 ut
584 2227 739 2266 Italicae
767 2233 905 2278 gentes
933 2229 1038 2279 regis
1066 2229 1220 2267 externi
1247 2240 1361 2278 quam
1390 2226 1523 2278 populi
1543 2226 1720 2278 Romani,

180 2299 259 2332 tam
293 2293 358 2332 diu
390 2295 581 2344 principis
608 2295 648 2331 in
676 2305 719 2331 ea
747 2299 871 2344 terra,
905 2295 1116 2344 imperium
1148 2304 1234 2331 esse
1261 2292 1432 2330 mallent.
1478 2292 1720 2342 exsequenti,

182 2371 297 2409 quem
324 2360 486 2397 tertium
515 2358 689 2409 duceret,
716 2358 819 2397 haud
847 2358 963 2397 dubie
986 2363 1110 2397 semet
1136 2359 1265 2409 ipsum
1288 2357 1445 2396 dixisse.
1487 2363 1568 2395 tum
1595 2358 1720 2395 risum

182 2423 362 2462 obortum
383 2424 570 2475 Scipioni,
596 2430 634 2462 et
654 2423 872 2462 subiecisse
895 2422 1096 2474 ‘quidnam
1118 2429 1159 2461 tu
1182 2422 1347 2473 diceres,
1371 2423 1404 2461 si
1424 2435 1486 2460 me
1507 2419 1716 2460 uicisses‘?’

184 2487 281 2527 ‘tum
310 2501 405 2527 uero
433 2486 511 2527 me'
539 2490 669 2540 inquit
697 2487 750 2527 ‘et
777 2495 865 2528 ante
886 2488 1150 2527 Alexandrum
1179 2493 1215 2526 et
1243 2493 1331 2526 ante
1353 2487 1545 2538 Pyrrhum
1572 2492 1610 2525 et
1630 2492 1719 2525 ante

185 2603 286 2637 mous
312 2604 471 2637 omnium
499 2607 669 2637 notarum
696 2607 727 2636 et
754 2603 900 2637 damnis
925 2606 956 2637 et
982 2603 1194 2648 ignominiis
1219 2602 1364 2644 affectos
1389 2613 1460 2636 esse
1484 2602 1565 2644 fuse
1589 2606 1719 2636 narrat

185 2650 274 2685 Gell.
291 2653 391 2692 6,15.
431 2652 477 2693 cf.
498 2651 631 2685 Zonar.
654 2652 745 2692 9,2.·
771 2650 805 2684 οἱ
834 2650 874 2685 δὲ
894 2650 1128 2694 πεμφθέντες
1154 2650 1213 2684 ἐπὶ
1233 2649 1279 2683 τὰ
1299 2649 1422 2692 λύτρα,
1449 2648 1720 2689 ἐπανελθόντες

182 2695 233 2732 ἵν’
265 2697 502 2739 εὐορκήσωσι,
524 2696 706 2743 φυγόντες
726 2698 766 2732 δὲ
787 2697 876 2742 μετὰ
896 2703 1018 2740 τοῦτο,
1039 2697 1162 2742 ἄτιμοι
1183 2697 1256 2730 ὑπὸ
1276 2702 1349 2730 τῶν
1368 2702 1528 2740 τιμητῶν
1549 2696 1719 2741 ἐγένοντο

182 2745 244 2778 καὶ
274 2744 428 2783 ἑαυτοὺς
454 2745 739 2790 κατεχρήσαντο.
775 2745 936 2780 Sanders
962 2744 1029 2778 Die
1051 2743 1504 2786 Quellencontamination
1530 2743 1581 2777 im
1608 2748 1664 2779 21.
1685 2755 1718 2778 u.

184 2796 240 2826 22.
262 2791 300 2825 B.
330 2791 394 2825 des
419 2791 542 2825 Livius
563 2795 767 2837 p.1413qq.

278 2837 318 2873 4.
355 2839 434 2872 V-id.
458 2839 588 2874 Claud.
609 2840 656 2882 fr.
679 2841 769 2874 57A
790 2851 816 2874 c.
840 2840 962 2875 adnot.

279 2886 317 2920 5.
353 2886 432 2920 Vid.
456 2886 584 2920 Claud.
606 2888 652 2929 fr.
675 2889 765 2921 64A
786 2899 813 2922 c.
835 2888 958 2922 adnot.

1742 311 1809 341 212

1743 359 1810 401 5ξὲ

1749 1092 1813 1123 193

1746 1140 1814 1183 „effi
