2002 3342
326 218 468 246 CXV111
659 201 720 235 DE
750 200 1056 235 SCRIPTORVM
1084 201 1206 236 vrris
1234 201 1294 235 ET
1322 201 1530 237 5611113115

326 316 494 364 finxerit,
524 313 692 351 dubitari
719 318 857 363 potest.
869 308 901 366 ¹)
952 324 1066 350 eausa
1094 312 1252 363 quidem
1281 312 1439 352 uidetur
1466 314 1586 352 fuisse
1614 315 1726 353 haec:
1758 329 1858 354 anno

329 377 423 418 190.
445 377 531 417 564
565 391 653 416 cum
686 378 724 415 P.
754 378 884 428 Scipio
918 390 1007 416 oum
1041 378 1080 416 L.
1104 379 1224 417 fratre
1259 378 1418 417 consule
1450 379 1679 430 Amphissae
1715 380 1760 418 de
1796 383 1860 419 iti-

325 457 419 482 nere
447 456 517 495 per
544 442 810 481 Macedoniam
832 442 1116 494 Thraciamque
1145 443 1321 482 faciendo
1349 443 1650 495 colloqueretur,
1677 445 1858 485 Publium

323 511 454 547 omnia
489 510 527 546 in
561 507 731 558 Philippi
766 507 967 546 uoluntate
1001 510 1104 546 uerti
1141 509 1250 547 fratri
1285 510 1513 559 exposuisse
1547 514 1585 548 et
1619 516 1751 560 postea
1789 524 1861 562 per

326 574 494 624 legatum
529 574 768 623 comperisse
803 574 932 610 onmia
961 573 1007 611 ad
1035 573 1073 611 id
1101 575 1176 612 iter
1203 574 1249 611 ab
1277 586 1321 611 eo
1349 575 1425 612 iam
1453 581 1585 625 parata
1613 587 1717 625 esse,
1755 588 1860 614 com·

324 645 493 689 meatus,
520 643 677 689 pontes,
705 638 807 687 uias,
835 637 971 676 Liuius
996 636 1063 689 37,
1088 636 1109 676 7
1139 640 1332 688 narrauit,
1361 638 1407 677 de
1435 652 1510 690 quo
1539 639 1733 691 colloquio
1761 654 1859 691 quae

324 705 507 756 Polybius
535 704 727 754 ediderat,
754 705 850 743 haec
878 705 1099 755 perierunt,
1127 710 1165 742 at.
1192 717 1290 754 quae
1317 704 1524 743 Africanus
1548 705 1692 743 Aetolis
1721 705 1859 757 depre-

323 770 505 809 cantibus
537 770 706 820 benigne
736 769 1009 820 responderat,
1046 769 1107 807 his
1140 769 1276 808 uerbis
1304 769 1455 808 rettulit
1482 765 1569 822 (21,
1597 768 1634 819 2,
1660 767 1749 823 lO):
1795 766 1859 809 ἔτι

324 831 371 874 δὲ
402 834 647 888 πρᾳότερον
677 833 747 874 καὶ
770 833 1198 885 φιλανθρωπότερον
1226 832 1516 886 ὁμιλήσαντος
1547 839 1626 874 τοῦ
1655 835 1859 874 Ποπλίου

323 898 393 939 καὶ
427 897 764 953 προφερομένου
799 897 874 946 τάς
907 913 951 938 τε
984 897 1091 938 κατὰ
1123 898 1203 950 τὴν
1234 895 1429 951 Ἰβηρίαν
1466 898 1537 939 καὶ
1570 898 1650 951 τὴν
1683 899 1860 952 Λιβύην

323 963 500 1017 πράξεις
541 961 611 1004 καὶ
657 964 1004 1016 διασαφοῦντος,
1049 964 1147 1004 τίνα
1191 964 1357 1015 τρόπον
1394 962 1596 1017 κέχρηται
1634 970 1725 1012 τοῖς
1761 962 1854 1004 κατ’

324 1027 520 1077 ἐκείνους
545 1029 647 1077 τοὺς
673 1031 832 1076 τόπους
853 1028 970 1084 αὑτῷ
991 1029 1263 1076 πιστεύσασι,
1291 1029 1360 1068 καὶ
1387 1027 1509 1077 τέλος
1535 1027 1741 1081 οἰομένου
1763 1029 1859 1070 δεῖν

322 1094 574 1148 ἐγχειρίζειν
601 1099 716 1147 σφᾶς
740 1093 856 1148 αὑτῷ
886 1093 956 1134 καὶ
976 1093 1213 1145 πιστεύειν,
1238 1093 1314 1142 τὰς
1336 1091 1417 1147 μὲν
1442 1092 1575 1147 ἀρχὰς
1601 1093 1789 1142 ἅπαντες
1816 1095 1859 1135 οἱ

319 1160 533 1213 παρόντες
560 1158 783 1207 εὐέλπιδες
811 1157 1087 1212 ἐγενήθησαν
1112 1160 1215 1211 mh,
1243 1160 1477 1211 quibuscum
1506 1160 1641 1199 Liuius
1669 1173 1750 1211 cap.
1773 1174 1859 1212 sup.

320 1232 587 1266 consenserat.
634 1231 765 1276 aperte
799 1227 920 1275 igitur
952 1225 1015 1263 ille
1050 1231 1186 1263 auctor
1218 1225 1425 1276 epistulam
1454 1226 1707 1276 significauit,
1745 1228 1858 1265 cuius

320 1293 397 1331 13111
425 1293 464 1330 111
492 1291 592 1329 libro
621 1291 771 1329 decimo
798 1292 1052 1340 meminerat,
1092 1297 1253 1341 eratque
1282 1303 1352 1329 cur
1387 1290 1489 1329 idem
1527 1292 1643 1329 etiam
1677 1291 1857 1343 Philippo

320 1362 560 1408 proponeret
585 1362 651 1395 aut
678 1369 720 1394 se
746 1357 1000 1407 proposuisse
1029 1356 1204 1406 fingeret.

411 1422 602 1461 Similiter
629 1434 692 1460 res
719 1434 760 1460 se
794 1421 913 1459 habet
947 1421 993 1459 de
1028 1420 1113 1459 aliis
1146 1421 1332 1459 litteris
1365 1422 1405 1459 in
1440 1420 1574 1459 eadem
1609 1421 1857 1473 expeditione

320 1488 367 1526 ab
396 1487 472 1526 illis
507 1487 693 1525 fratribus
726 1486 772 1525 ad
807 1498 940 1537 regem
972 1486 1150 1525 Prusiam
1179 1486 1295 1536 datis,
1329 1486 1472 1537 quibus
1500 1488 1535 1524 61
1568 1493 1858 1537 persuaserant,

320 1566 368 1591 ne
406 1566 496 1591 611111
528 1553 717 1591 Antiocho
752 1551 888 1590 foedus
928 1552 1086 1590 faceret.
1133 1564 1222 1590 nam
1255 1557 1299 1590 ut
1331 1553 1371 1589 in
1405 1551 1481 1590 illis
1516 1564 1603 1601 su0,
1636 1553 1689 1590 ita
1723 1553 1762 1590 in
1795 1552 1857 1591 his

319 1618 511 1670 exemplis
539 1618 676 1656 alienis
704 1618 766 1656 usi
793 1622 895 1667 sunt,
924 1629 1060 1667 regum
1081 1616 1266 1655 Romanis
1293 1616 1498 1655 beneficiis
1524 1622 1745 1669 auctorum,
1772 1617 1858 1656 11135

319 1690 451 1723 tamen
480 1696 519 1722 se
544 1685 674 1735 ipsum
694 1684 916 1734 inspexisse
938 1682 1121 1733 Polybius
1142 1683 1344 1733 professus
1366 1687 1460 1732 erat,
1486 1682 1627 1720 horum
1649 1695 1857 1733 argumen-

320 1756 402 1788 tum
429 1762 507 1788 non
534 1750 663 1787 minus
691 1755 872 1787 accurate
905 1749 1086 1799 exposuit
1099 1743 1149 1801 2),
1179 1747 1224 1786 de
1253 1748 1359 1785 fonte
1386 1753 1517 1785 tamen
1544 1749 1681 1797 tacuit,
1710 1749 1784 1786 etsi
1811 1760 1857 1786 ex

320 1815 458 1853 eodem
487 1827 552 1853 635
578 1814 737 1852 haustas
764 1826 851 1852 esse
880 1818 1188 1852 consentaneum
1223 1818 1292 1851 est.

410 1880 594 1919 Ceterum
622 1880 686 1918 ille
715 1880 846 1930 Scipio
881 1881 921 1918 in
948 1879 1064 1917 Ennii
1097 1877 1277 1916 laudibus
1311 1879 1509 1928 acquieuit
1543 1883 1758 1929 poetaeque
1787 1891 1855 1916 5113

320 1947 461 1984 merita
484 1945 729 1984 defendenda
751 1945 921 1996 reliquit,
949 1950 992 1983 ut
1012 1950 1097 1995 post
1122 1956 1211 1982 eum
1232 1943 1472 1989 Aemilianus
1494 1943 1700 1981 Africanus
1726 1944 1857 1981 minor

320 2010 477 2062 Polybio
504 2011 705 2058 historico,
732 2011 857 2048 amico
885 2011 1001 2048 etiam
1030 2010 1068 2048 C.
1090 2009 1220 2047 Laelio
1248 2010 1464 2060 interprete
1491 2021 1598 2047 usus.

408 2078 456 2115 At
481 2076 587 2114 illius
616 2076 770 2114 silium
799 2075 837 2113 P.
861 2074 1087 2114 Cornelium
1115 2075 1338 2125 Scipionem
1366 2074 1593 2112 Africanum
1619 2086 1697 2112 non
1728 2073 1854 2112 solum

319 2142 567 2193 eloquentiae
595 2140 664 2180 sed
685 2142 802 2179 etiam
830 2141 1017 2179 historiae
1045 2152 1203 2190 operam
1230 2152 1395 2179 nauasse
1424 2139 1561 2178 Cicero
1584 2140 1623 2177 in
1644 2139 1764 2178 Bruto
1789 2137 1855 2188 19,

322 2205 373 2245 77
409 2209 623 2246 memoriae
656 2206 844 2258 prodidit:
887 2207 1021 2255 Ipsum
1056 2206 1284 2254 Scipionem
1319 2205 1581 2256 [superiorem
1609 2204 1853 2254 Africanum]

320 2276 550 2322 accepimus
576 2285 653 2312 non
689 2273 884 2321 infantem
915 2272 1054 2321 fuisse.
1103 2273 1213 2318 filius
1245 2273 1404 2319 quidem
1437 2273 1540 2320 eius,
1580 2273 1613 2309 is
1646 2273 1715 2319 qui
1746 2271 1856 2309 hunc

319 2341 513 2377 minorem
541 2339 766 2387 Sce'pionem
802 2350 826 2375 a
855 2338 982 2375 Paulo
1017 2338 1244 2385 adoptauit,
1282 2339 1319 2374 ει·
1351 2347 1523 2385 corpore
1562 2338 1772 2383 ualuisset,
1811 2337 1880 2374 in,

314 2406 461 2452 primis
497 2405 660 2442 habitus
698 2409 798 2442 esses
838 2404 1024 2441 disertus.
1082 2403 1268 2439 indicam
1307 2414 1396 2440 eum
1442 2403 1728 2439 oratiunculae
1773 2406 1854 2438 tum

318 2469 491 2506 historia
512 2469 711 2516 quaedam
741 2468 900 2505 Graeca
923 2470 1079 2516 scrzpla
1101 2468 1339 2505 dulcissime.
1374 2466 1441 2504 ubi
1463 2462 1681 2503 ‘Graecam’
1705 2477 1781 2503 non
1803 2464 1853 2502 ob

320 2545 383 2571 res
410 2532 479 2570 sed
507 2532 554 2570 011
583 2545 805 2570 sermonem
834 2532 976 2570 dictam
1005 2543 1091 2570 esse
1118 2531 1322 2569 historiam
1351 2543 1439 2569 cum
1472 2542 1543 2581 per
1576 2541 1617 2567 se
1650 2529 1852 2580 probabile

417 2654 448 2695 1)
475 2652 638 2686 Imitatio
664 2652 805 2686 Graeca
832 2653 942 2686 etiam
968 2652 1028 2685 hic
1055 2651 1193 2686 subest.
1235 2650 1434 2695 epistulam
1463 2650 1639 2695 Antigoni
1667 2650 1714 2683 ad
1741 2649 1853 2694 Scep-

319 2706 392 2740 sios
424 2706 576 2739 missam
609 2705 918 2740 Wilamowitzius
952 2704 1256 2739 commemorauit
1287 2705 1405 2748 (Kult.
1434 2704 1468 2738 d.
1492 2703 1674 2748 Geyenw.⁸
1700 2715 1734 2747 p.
1759 2706 1852 2746 154).

318 2759 520 2794 multarum
556 2759 670 2793 etiam
705 2759 751 2792 ad
787 2770 852 2793 nos
889 2758 1020 2792 talium
1055 2757 1265 2792 litterarum
1302 2758 1470 2791 fictarum
1506 2756 1637 2790 notitia
1668 2755 1851 2800 peruenit.

319 2813 395 2846 uid.
417 2812 601 2847 Susemihl
628 2813 659 2845 Π
685 2824 720 2856 p.
743 2815 809 2846 593
825 2824 903 2856 sqq.

415 2868 449 2910 2)
476 2869 532 2909 ⁶21,
555 2869 573 2899 9
601 2868 637 2900 et
663 2877 707 2900 ex
734 2876 775 2899 60
802 2866 929 2899 Liuius
957 2869 1011 2906 37,
1034 2869 1089 2907 25,
1111 2868 1237 2899 8—14.
