2002 3342
311 233 524 263 CpCLXXX
646 221 706 254 DE
735 221 1040 256 SCRIPTORVM
1067 221 1190 256 VITIS
1218 222 1278 256 ET
1307 222 1513 257 SCRIPTIS

312 344 434 371 unum
463 333 668 371 efficientis
690 332 854 371 Flauum
875 331 1015 371 Alfium
1036 333 1206 384 Auitum,
1234 335 1301 385 qui
1321 334 1485 385 Augusti
1513 340 1550 373 et
1575 334 1724 374 Tiberii
1746 341 1841 374 tem-

312 397 473 447 poribus
507 399 688 448 uixisset,
724 397 901 436 diuersos
938 400 1153 437 miscentis.
1198 412 1325 450 neque
1359 401 1463 438 enim
1497 405 1602 438 certa
1630 413 1744 439 causa
1772 406 1842 452 est,

313 475 384 501 cur
410 462 497 500 Attii
526 464 766 502 mentionem
792 463 838 501 ab
866 465 951 514 ipso
979 464 1114 502 Verrio
1142 464 1394 515 repetendam
1423 477 1509 503 esse
1536 465 1754 516 Alliumque
1781 467 1841 504 ui-

311 529 413 567 xisse
449 534 537 567 ante
564 529 799 579 Augustum,
829 530 993 568 fortasse
1019 535 1108 579 post
1135 529 1310 568 Coelium
1337 542 1537 580 negemus.
1578 530 1646 568 sed
1674 530 1719 569 ab
1746 530 1841 569 Alfio

312 593 428 632 Flauo
462 593 618 633 rhetore
652 600 690 632 et.
722 600 833 645 poeta
869 607 1009 645 eoque,
1044 596 1156 633 cuius
1190 596 1413 633 testimonio
1447 595 1492 634 ad
1528 608 1608 634 rem
1637 595 1841 647 quandam,

311 671 408 709 quae
430 658 501 697 sub
517 660 690 709 Augusto
713 660 810 698 sacta
833 666 903 710 est,
931 672 1025 698 usus
1047 665 1107 698 est
1126 660 1286 711 Plinius,
1310 660 1610 711 distinguendus
1631 667 1702 712 est,
1728 662 1840 700 item-

310 736 384 775 que
408 724 454 762 ab
475 724 571 763 Altio
593 726 718 776 Auito,
740 738 856 776 quem
879 723 1062 776 ‘pridem’
1086 731 1173 764 ante
1195 725 1474 764 Terentianum
1496 725 1673 764 Maurum
1694 728 1840 765 uixisse

310 787 394 843 (Gr.
418 790 497 828 Lat.
525 803 560 841 p.
582 788 666 829 398
694 803 730 829 u.
753 789 866 829 2448
886 787 948 843 K.)
989 790 1186 842 librosque
1223 803 1313 829 suos
1350 791 1624 830 excellentium
1663 793 1841 830 uirorum

310 856 518 906 scripsisse
552 855 734 894 uersibus
770 855 947 895 dimetris
980 855 1158 895 iambicis
1193 862 1361 906 constat,
1394 869 1414 894 a
1449 869 1614 907 quorum
1649 869 1743 895 sono
1777 856 1841 895 illa

311 920 356 959 de
383 919 626 959 Mamertinis
653 923 823 960 narratio
851 922 1008 960 omnino
1036 921 1229 960 abhorret.
1269 923 1399 973 itaque
1423 921 1542 960 Alfius
1569 922 1699 960 locum
1727 935 1840 961 suum

309 987 412 1024 inter
437 987 507 1025 hos
534 986 742 1025 historicos
770 987 949 1026 obtinuit.

985 1114 1026 1159 C.
1054 1115 1166 1158 Piso.

398 1201 470 1240 Hic
498 1201 615 1240 Gaius
642 1201 742 1252 Piso,
770 1203 844 1240 etsi
871 1201 972 1252 quod
999 1203 1160 1240 unicum
1185 1203 1270 1240 eius
1297 1202 1550 1240 historiarum
1578 1202 1839 1253 fragmentum

311 1267 357 1306 ad
379 1279 448 1306 nos
475 1268 659 1318 peruenit
679 1266 725 1305 ad
747 1266 786 1305 C.
808 1266 919 1305 Marii
940 1272 1106 1305 mortem
1128 1272 1288 1318 spectat,
1315 1266 1462 1305 Lucius
1484 1273 1612 1306 autem
1633 1268 1721 1306 Piso
1743 1267 1840 1306 Cen-

311 1334 466 1371 sorinus
498 1345 621 1383 paene
650 1333 932 1383 quinquaginta
960 1333 1071 1370 annis
1098 1338 1186 1370 ante
1215 1332 1350 1371 consul
1378 1334 1468 1383 fuit,
1501 1338 1631 1371 tamen
1659 1333 1724 1371 diu
1752 1345 1839 1371 cum

311 1397 430 1437 Lucio
463 1398 650 1437 confusus
684 1399 842 1436 omnino
875 1397 997 1436 latuit.
1038 1397 1106 1436 sed
1134 1410 1182 1436 ne
1213 1410 1317 1436 nunc
1345 1398 1519 1449 quidem,
1551 1403 1595 1436 ut
1621 1399 1840 1436 accuratius

311 1476 400 1502 eum
427 1475 772 1514 cognosceremus,
800 1463 913 1501 nobis
941 1464 1114 1513 contigit.
1154 1463 1227 1502 hoc
1253 1475 1376 1502 unum
1403 1464 1639 1514 accepimus,
1667 1476 1687 1501 a
1713 1463 1752 1501 C.
1779 1463 1840 1501 Pi—

310 1542 404 1568 sone
432 1528 599 1580 quodam
627 1528 665 1567 C.
687 1528 799 1567 Marii
826 1534 993 1568 mortem
1018 1530 1070 1568 ita
1099 1541 1186 1567 esse
1213 1530 1440 1580 expositam,
1466 1534 1509 1566 ut
1534 1528 1725 1579 malignos
1753 1528 1840 1567 illos

311 1607 490 1634 rumores
518 1594 564 1633 de
593 1607 636 1633 ea
661 1594 841 1645 uulgatos
868 1606 946 1633 non
973 1590 1255 1648 1·ecoque1·et.1)

399 1660 654 1711 Quamquam,
682 1661 715 1699 si
742 1661 990 1699 coniecturae
1018 1659 1127 1699 loeus
1149 1661 1209 1710 sit,
1236 1659 1333 1698 nihil
1355 1659 1493 1710 obstat,
1520 1661 1729 1710 quominus
1751 1672 1839 1698 con-

312 1726 436 1766 sulem
469 1726 578 1765 illum
613 1726 703 1764 anni
731 1724 798 1764 67.
821 1723 919 1776 687,
947 1725 985 1764 C.
1012 1725 1212 1776 Pisonem,
1243 1738 1358 1776 quem
1385 1726 1425 1763 in
1452 1730 1650 1763 oratorum
1676 1737 1839 1764 numero

310 1793 421 1843 ponit
448 1791 583 1830 Cicero
612 1792 651 1830 in
678 1791 798 1830 Bruto
826 1788 1013 1843 (6823ss
1042 1788 1252 1830 ‘sermonis
1269 1794 1418 1841 plenus
1444 1787 1638 1843 Μαίον’),
1672 1790 1838 1829 eundem

311 1859 427 1896 etiam
460 1857 646 1896 historiae
680 1869 839 1908 operam
874 1856 1027 1895 dedisse
1062 1862 1099 1895 et
1125 1857 1290 1895 fortasse
1320 1868 1416 1907 opus
1443 1856 1601 1906 gentilis
1629 1857 1690 1894 sui
1717 1858 1839 1894 eonti-

310 1924 495 1962 nuauisse
518 1918 783 1975 statuamusfl)
819 1923 967 1973 utique,
995 1935 1084 1960 eum
1105 1921 1175 1960 Gai
1195 1933 1433 1974 praenomen
1456 1921 1557 1959 baud
1578 1923 1631 1960 ita
1652 1922 1839 1972 frequens

311 1990 350 2026 in
378 1988 563 2027 Pisonum
597 1988 741 2026 familia
774 1988 910 2038 suerit,
943 1989 976 2026 si
1009 1987 1073 2026 illa
1101 1993 1223 2026 aetate
1251 1987 1321 2025 has
1347 1987 1531 2025 historias
1559 1988 1726 2038 scriptas
1753 1999 1838 2026 esse

311 2054 593 2105 existimamus,
619 2053 682 2092 hic
706 2053 812 2092 solus
834 2059 892 2092 est
913 2065 958 2091 ex
979 2052 1199 2103 Pisonibus,
1227 2066 1324 2104 quos
1347 2053 1658 2103 cognouerimus,
1687 2052 1732 2091 de
1753 2054 1838 2104 qui-

311 2119 384 2159 bus
412 2121 575 2170 eogitari
601 2121 735 2171 possit.
775 2118 852 2158 uid.
876 2118 921 2157 de
950 2131 995 2157 eo
1022 2118 1223 2157 Drumann
1244 2115 1295 2157 112
1315 2131 1350 2169 p.
1368 2115 1552 2157 75—78.

408 2237 440 2279 l)
466 2234 577 2269 Haud
610 2234 806 2269 abhorrere
838 2233 934 2268 hanc
964 2233 1103 2268 famam
1137 2244 1158 2267 a
1188 2233 1346 2268 ueritate
1375 2244 1439 2267 suo
1466 2232 1544 2266 iure
1571 2234 1697 2267 censet
1723 2232 1840 2267 Kiene

312 2288 734 2334 Bundesyenossenkriey
752 2300 788 2332 p.
804 2291 883 2322 305.

407 2344 441 2385 2)
467 2342 656 2376 Adsensus
683 2343 740 2376 est
765 2341 938 2376 Muenzer
957 2342 1002 2376 R.
1019 2342 1066 2376 E.
1088 2341 1137 2375 111
1157 2352 1186 2375 e.
1204 2344 1305 2375 1377.

471 2398 537 2454 cf,
567 2396 634 2434 Q<
674 2403 721 2435 ω)
755 2397 819 2434 aa
861 2401 945 2439 ιη,
970 2404 994 2433 ιι
1038 2399 1288 2446 [mm
1315 2402 1469 2430 wwww
1499 2402 1727 2433 mm*
1758 2397 1871 2446 Vm]
