<?xml version="1.0" encoding="UTF-8"?>
<!DOCTYPE html PUBLIC "-//W3C//DTD XHTML 1.0 Transitional//EN"
    "http://www.w3.org/TR/xhtml1/DTD/xhtml1-transitional.dtd">
<html xmlns="http://www.w3.org/1999/xhtml" xml:lang="en" lang="en">
 <head>
  <title>
</title>
<meta http-equiv="Content-Type" content="text/html;charset=utf-8" />
  <meta name='ocr-system' content='tesseract 3.04.00' />
  <meta name='ocr-capabilities' content='ocr_page ocr_carea ocr_par ocr_line ocrx_word'/>
</head>
<body>
  <div class='ocr_page' id='page_1' title='image "./historicorumroma01peteuoft_0100.png"; bbox 0 0 2002 3342; ppageno 0'>
   <div class='ocr_carea' id='block_1_1' title="bbox 321 216 1523 262">
    <p class='ocr_par' dir='ltr' id='par_1_1' title="bbox 321 216 1523 262">
     <span class='ocr_line' id='line_1_1' title="bbox 321 216 1523 262; baseline -0.002 -8"><span class='ocrx_word' id='word_1_1' title='bbox 321 232 495 262; x_wconf 70' lang='lat' dir='ltr'>LXXXVI</span> <span class='ocrx_word' id='word_1_2' title='bbox 652 217 715 251; x_wconf 77' lang='lat' dir='ltr'>DE</span> <span class='ocrx_word' id='word_1_3' title='bbox 745 216 1053 253; x_wconf 79' lang='lat' dir='ltr'>SORIPTORVM</span> <span class='ocrx_word' id='word_1_4' title='bbox 1079 217 1203 253; x_wconf 86' lang='lat' dir='ltr'>VITIS</span> <span class='ocrx_word' id='word_1_5' title='bbox 1229 217 1291 252; x_wconf 80' lang='lat' dir='ltr'>ET</span> <span class='ocrx_word' id='word_1_6' title='bbox 1318 217 1523 253; x_wconf 84' lang='lat' dir='ltr'>SCRIPTIS</span> 
     </span>
    </p>
   </div>
   <div class='ocr_carea' id='block_1_2' title="bbox 320 326 1857 1489">
    <p class='ocr_par' dir='ltr' id='par_1_2' title="bbox 320 326 1857 1489">
     <span class='ocr_line' id='line_1_2' title="bbox 321 326 1852 383; baseline 0.001 -15"><span class='ocrx_word' id='word_1_7' title='bbox 321 342 408 368; x_wconf 91' lang='lat' dir='ltr'>rum</span> <span class='ocrx_word' id='word_1_8' title='bbox 442 341 551 368; x_wconf 89' lang='lat' dir='ltr'>more</span> <span class='ocrx_word' id='word_1_9' title='bbox 585 330 765 367; x_wconf 87' lang='lat' dir='ltr'>aestimat</span> <span class='ocrx_word' id='word_1_10' title='bbox 796 326 1008 383; x_wconf 80' lang='lat' dir='ltr'>talentis.¹)</span> <span class='ocrx_word' id='word_1_11' title='bbox 1048 329 1169 367; x_wconf 90' lang='lat' dir='ltr'>Porro</span> <span class='ocrx_word' id='word_1_12' title='bbox 1196 328 1346 367; x_wconf 88' lang='lat' dir='ltr'>Plinius</span> <span class='ocrx_word' id='word_1_13' title='bbox 1380 330 1424 367; x_wconf 88' lang='lat' dir='ltr'>fr.</span> <span class='ocrx_word' id='word_1_14' title='bbox 1446 328 1502 368; x_wconf 79' lang='grc'>24</span> <span class='ocrx_word' id='word_1_15' title='bbox 1534 331 1663 381; x_wconf 87' lang='lat' dir='ltr'>ipsum</span> <span class='ocrx_word' id='word_1_16' title='bbox 1690 330 1852 369; x_wconf 86' lang='lat' dir='ltr'>Fabium</span> 
     </span>
     <span class='ocr_line' id='line_1_3' title="bbox 322 393 1855 447; baseline 0.001 -14"><span class='ocrx_word' id='word_1_17' title='bbox 322 394 368 433; x_wconf 90' lang='lat' dir='ltr'>de</span> <span class='ocrx_word' id='word_1_18' title='bbox 390 407 431 433; x_wconf 91' lang='lat' dir='ltr'>re</span> <span class='ocrx_word' id='word_1_19' title='bbox 453 393 634 445; x_wconf 88' lang='lat' dir='ltr'>quadam,</span> <span class='ocrx_word' id='word_1_20' title='bbox 655 406 754 444; x_wconf 86' lang='lat' dir='ltr'>quae</span> <span class='ocrx_word' id='word_1_21' title='bbox 774 393 876 431; x_wconf 91' lang='lat' dir='ltr'>bello</span> <span class='ocrx_word' id='word_1_22' title='bbox 898 393 1102 444; x_wconf 82' lang='lat' dir='ltr'>Ligustino</span> <span class='ocrx_word' id='word_1_23' title='bbox 1123 395 1200 444; x_wconf 90' lang='lat' dir='ltr'>ipsi</span> <span class='ocrx_word' id='word_1_24' title='bbox 1221 393 1420 445; x_wconf 86' lang='lat' dir='ltr'>acciderit,</span> <span class='ocrx_word' id='word_1_25' title='bbox 1446 394 1671 446; x_wconf 90' lang='lat' dir='ltr'>loquentem</span> <span class='ocrx_word' id='word_1_26' title='bbox 1691 395 1855 447; x_wconf 78' lang='lat' dir='ltr'><strong>inducit,</strong></span> 
     </span>
     <span class='ocr_line' id='line_1_4' title="bbox 320 454 1853 513; baseline 0.001 -15"><span class='ocrx_word' id='word_1_27' title='bbox 320 472 394 498; x_wconf 88' lang='lat' dir='ltr'>nec</span> <span class='ocrx_word' id='word_1_28' title='bbox 421 464 498 510; x_wconf 89' lang='lat' dir='ltr'>est,</span> <span class='ocrx_word' id='word_1_29' title='bbox 531 471 601 497; x_wconf 91' lang='lat' dir='ltr'>cur</span> <span class='ocrx_word' id='word_1_30' title='bbox 628 458 750 497; x_wconf 90' lang='lat' dir='ltr'>altero</span> <span class='ocrx_word' id='word_1_31' title='bbox 776 458 861 496; x_wconf 93' lang='lat' dir='ltr'>loco</span> <span class='ocrx_word' id='word_1_32' title='bbox 890 454 955 511; x_wconf 73' lang='lat' dir='ltr'>(fr.</span> <span class='ocrx_word' id='word_1_33' title='bbox 977 455 1070 513; x_wconf 79' lang='grc'>27),</span> <span class='ocrx_word' id='word_1_34' title='bbox 1098 458 1167 497; x_wconf 87' lang='lat' dir='ltr'>ubi</span> <span class='ocrx_word' id='word_1_35' title='bbox 1194 458 1302 496; x_wconf 87' lang='lat' dir='ltr'>Fabii</span> <span class='ocrx_word' id='word_1_36' title='bbox 1329 459 1495 498; x_wconf 88' lang='lat' dir='ltr'>Pictoris</span> <span class='ocrx_word' id='word_1_37' title='bbox 1522 459 1683 498; x_wconf 87' lang='lat' dir='ltr'>annales</span> <span class='ocrx_word' id='word_1_38' title='bbox 1711 460 1853 510; x_wconf 86' lang='lat' dir='ltr'>laudat,</span> 
     </span>
     <span class='ocr_line' id='line_1_5' title="bbox 320 519 1854 578; baseline 0.001 -16"><span class='ocrx_word' id='word_1_39' title='bbox 320 524 440 563; x_wconf 86' lang='lat' dir='ltr'>alium</span> <span class='ocrx_word' id='word_1_40' title='bbox 466 529 701 575; x_wconf 90' lang='lat' dir='ltr'>usurpatum</span> <span class='ocrx_word' id='word_1_41' title='bbox 736 535 821 562; x_wconf 89' lang='lat' dir='ltr'>esse</span> <span class='ocrx_word' id='word_1_42' title='bbox 856 519 1085 578; x_wconf 74' lang='lat' dir='ltr'>dicamus.²)</span> <span class='ocrx_word' id='word_1_43' title='bbox 1120 523 1253 574; x_wconf 90' lang='lat' dir='ltr'>plures</span> <span class='ocrx_word' id='word_1_44' title='bbox 1280 523 1420 563; x_wconf 83' lang='lat' dir='ltr'>Fabios</span> <span class='ocrx_word' id='word_1_45' title='bbox 1447 530 1559 563; x_wconf 91' lang='lat' dir='ltr'>notos</span> <span class='ocrx_word' id='word_1_46' title='bbox 1595 526 1717 564; x_wconf 84' lang='lat' dir='ltr'>fuisse</span> <span class='ocrx_word' id='word_1_47' title='bbox 1746 524 1854 564; x_wconf 88' lang='lat' dir='ltr'>Cice—</span> 
     </span>
     <span class='ocr_line' id='line_1_6' title="bbox 322 587 1854 639; baseline 0.001 -12"><span class='ocrx_word' id='word_1_48' title='bbox 322 591 408 627; x_wconf 88' lang='lat' dir='ltr'>roni</span> <span class='ocrx_word' id='word_1_49' title='bbox 435 591 512 627; x_wconf 84' lang='lat' dir='ltr'>iam</span> <span class='ocrx_word' id='word_1_50' title='bbox 542 601 659 639; x_wconf 83' lang='lat' dir='ltr'>supra</span> <span class='ocrx_word' id='word_1_51' title='bbox 688 588 1061 638; x_wconf 79' lang='lat' dir='ltr'>demonstrauimus,</span> <span class='ocrx_word' id='word_1_52' title='bbox 1095 600 1211 639; x_wconf 84' lang='lat' dir='ltr'>quam</span> <span class='ocrx_word' id='word_1_53' title='bbox 1238 587 1286 626; x_wconf 90' lang='lat' dir='ltr'>ob</span> <span class='ocrx_word' id='word_1_54' title='bbox 1314 601 1397 627; x_wconf 90' lang='lat' dir='ltr'>rem</span> <span class='ocrx_word' id='word_1_55' title='bbox 1431 589 1476 627; x_wconf 86' lang='lat' dir='ltr'>fr.</span> <span class='ocrx_word' id='word_1_56' title='bbox 1497 587 1523 627; x_wconf 85' lang='lat'><strong>3</strong></span> <span class='ocrx_word' id='word_1_57' title='bbox 1551 601 1592 628; x_wconf 89' lang='lat' dir='ltr'>se</span> <span class='ocrx_word' id='word_1_58' title='bbox 1620 602 1666 628; x_wconf 80' lang='lat' dir='ltr'>ex</span> <span class='ocrx_word' id='word_1_59' title='bbox 1694 589 1854 629; x_wconf 88' lang='lat' dir='ltr'>Graecis</span> 
     </span>
     <span class='ocr_line' id='line_1_7' title="bbox 321 653 1854 695; baseline 0.001 -3"><span class='ocrx_word' id='word_1_60' title='bbox 321 654 430 692; x_wconf 84' lang='lat' dir='ltr'>Fabii</span> <span class='ocrx_word' id='word_1_61' title='bbox 457 653 664 692; x_wconf 79' lang='lat' dir='ltr'>annalibus</span> <span class='ocrx_word' id='word_1_62' title='bbox 685 654 839 692; x_wconf 84' lang='lat' dir='ltr'>Aeneae</span> <span class='ocrx_word' id='word_1_63' title='bbox 867 655 1061 692; x_wconf 91' lang='lat' dir='ltr'>somnium</span> <span class='ocrx_word' id='word_1_64' title='bbox 1089 654 1238 691; x_wconf 82' lang='lat' dir='ltr'>referre</span> <span class='ocrx_word' id='word_1_65' title='bbox 1265 653 1513 692; x_wconf 87' lang='lat' dir='ltr'>adiciendum</span> <span class='ocrx_word' id='word_1_66' title='bbox 1541 667 1627 693; x_wconf 90' lang='lat' dir='ltr'>esse</span> <span class='ocrx_word' id='word_1_67' title='bbox 1653 654 1773 695; x_wconf 86' lang='lat' dir='ltr'>duxit.</span> <span class='ocrx_word' id='word_1_68' title='bbox 1808 655 1854 694; x_wconf 92' lang='lat' dir='ltr'>de</span> 
     </span>
     <span class='ocr_line' id='line_1_8' title="bbox 321 715 1856 771; baseline 0.001 -13"><span class='ocrx_word' id='word_1_69' title='bbox 321 720 366 758; x_wconf 83' lang='lat' dir='ltr'>fr.</span> <span class='ocrx_word' id='word_1_70' title='bbox 392 716 445 758; x_wconf 82' lang='lat'>15</span> <span class='ocrx_word' id='word_1_71' title='bbox 479 720 545 758; x_wconf 85' lang='lat' dir='ltr'>uix</span> <span class='ocrx_word' id='word_1_72' title='bbox 580 715 627 757; x_wconf 81' lang='lat' dir='ltr'>lis</span> <span class='ocrx_word' id='word_1_73' title='bbox 663 720 823 769; x_wconf 89' lang='lat' dir='ltr'>oriatur,</span> <span class='ocrx_word' id='word_1_74' title='bbox 860 719 1043 770; x_wconf 87' lang='lat' dir='ltr'>quoniam</span> <span class='ocrx_word' id='word_1_75' title='bbox 1076 717 1287 756; x_wconf 78' lang='lat' dir='ltr'>Fabiorum</span> <span class='ocrx_word' id='word_1_76' title='bbox 1322 720 1593 757; x_wconf 90' lang='lat' dir='ltr'>auctoritatem</span> <span class='ocrx_word' id='word_1_77' title='bbox 1628 721 1856 771; x_wconf 84' lang='lat' dir='ltr'>praeposuit</span> 
     </span>
     <span class='ocr_line' id='line_1_9' title="bbox 321 783 1856 836; baseline 0.001 -13"><span class='ocrx_word' id='word_1_78' title='bbox 321 784 458 823; x_wconf 87' lang='lat' dir='ltr'>Cicero</span> <span class='ocrx_word' id='word_1_79' title='bbox 488 789 526 822; x_wconf 86' lang='lat' dir='ltr'>et</span> <span class='ocrx_word' id='word_1_80' title='bbox 554 783 719 823; x_wconf 90' lang='lat' dir='ltr'>eandem</span> <span class='ocrx_word' id='word_1_81' title='bbox 747 797 830 822; x_wconf 91' lang='lat' dir='ltr'>rem</span> <span class='ocrx_word' id='word_1_82' title='bbox 859 783 997 822; x_wconf 90' lang='lat' dir='ltr'>eodem</span> <span class='ocrx_word' id='word_1_83' title='bbox 1024 783 1138 821; x_wconf 92' lang='lat' dir='ltr'>modo</span> <span class='ocrx_word' id='word_1_84' title='bbox 1161 784 1278 822; x_wconf 85' lang='lat' dir='ltr'>etiam</span> <span class='ocrx_word' id='word_1_85' title='bbox 1298 783 1518 835; x_wconf 79' lang='lat' dir='ltr'>Dionysius,</span> <span class='ocrx_word' id='word_1_86' title='bbox 1546 786 1612 835; x_wconf 91' lang='lat' dir='ltr'>qui</span> <span class='ocrx_word' id='word_1_87' title='bbox 1632 785 1747 836; x_wconf 91' lang='lat' dir='ltr'>paulo</span> <span class='ocrx_word' id='word_1_88' title='bbox 1767 791 1856 836; x_wconf 89' lang='lat' dir='ltr'>post</span> 
     </span>
     <span class='ocr_line' id='line_1_10' title="bbox 320 844 1855 901; baseline 0 -13"><span class='ocrx_word' id='word_1_89' title='bbox 320 849 362 895; x_wconf 84' lang='lat' dir='ltr'>Q.</span> <span class='ocrx_word' id='word_1_90' title='bbox 384 849 548 888; x_wconf 89' lang='lat' dir='ltr'>Fabium</span> <span class='ocrx_word' id='word_1_91' title='bbox 578 851 687 899; x_wconf 86' lang='lat' dir='ltr'>citat,</span> <span class='ocrx_word' id='word_1_92' title='bbox 722 850 903 900; x_wconf 85' lang='lat' dir='ltr'>exposuit</span> <span class='ocrx_word' id='word_1_93' title='bbox 931 845 998 900; x_wconf 65' lang='lat' dir='ltr'>(cf.</span> <span class='ocrx_word' id='word_1_94' title='bbox 1026 844 1188 901; x_wconf 73' lang='lat' dir='ltr'>adnot).</span> <span class='ocrx_word' id='word_1_95' title='bbox 1228 847 1332 887; x_wconf 91' lang='lat' dir='ltr'>idem</span> <span class='ocrx_word' id='word_1_96' title='bbox 1362 848 1571 888; x_wconf 88' lang='lat' dir='ltr'>dicendum</span> <span class='ocrx_word' id='word_1_97' title='bbox 1605 855 1665 888; x_wconf 88' lang='lat' dir='ltr'>est</span> <span class='ocrx_word' id='word_1_98' title='bbox 1694 849 1740 888; x_wconf 91' lang='lat' dir='ltr'>de</span> <span class='ocrx_word' id='word_1_99' title='bbox 1767 850 1855 889; x_wconf 90' lang='lat' dir='ltr'>Plu-</span> 
     </span>
     <span class='ocr_line' id='line_1_11' title="bbox 321 911 1854 967; baseline 0.001 -14"><span class='ocrx_word' id='word_1_100' title='bbox 321 914 455 953; x_wconf 87' lang='lat' dir='ltr'>tarcho</span> <span class='ocrx_word' id='word_1_101' title='bbox 484 911 548 967; x_wconf 77' lang='lat' dir='ltr'>(fr.</span> <span class='ocrx_word' id='word_1_102' title='bbox 571 911 628 953; x_wconf 70' lang='lat'>5³.</span> <span class='ocrx_word' id='word_1_103' title='bbox 653 912 709 967; x_wconf 77' lang='lat'>7),</span> <span class='ocrx_word' id='word_1_104' title='bbox 737 915 805 965; x_wconf 88' lang='lat' dir='ltr'>qui</span> <span class='ocrx_word' id='word_1_105' title='bbox 833 915 873 952; x_wconf 87' lang='lat' dir='ltr'>in</span> <span class='ocrx_word' id='word_1_106' title='bbox 901 914 969 964; x_wconf 89' lang='lat' dir='ltr'>eis,</span> <span class='ocrx_word' id='word_1_107' title='bbox 997 925 1095 964; x_wconf 88' lang='lat' dir='ltr'>quae</span> <span class='ocrx_word' id='word_1_108' title='bbox 1121 915 1254 964; x_wconf 90' lang='lat' dir='ltr'>priore</span> <span class='ocrx_word' id='word_1_109' title='bbox 1281 913 1366 952; x_wconf 88' lang='lat' dir='ltr'>loco</span> <span class='ocrx_word' id='word_1_110' title='bbox 1395 926 1441 952; x_wconf 86' lang='lat' dir='ltr'>ex</span> <span class='ocrx_word' id='word_1_111' title='bbox 1465 914 1583 953; x_wconf 89' lang='lat' dir='ltr'>Fabio</span> <span class='ocrx_word' id='word_1_112' title='bbox 1604 914 1757 953; x_wconf 88' lang='lat' dir='ltr'>Pictore</span> <span class='ocrx_word' id='word_1_113' title='bbox 1785 928 1854 954; x_wconf 94' lang='lat' dir='ltr'>suo</span> 
     </span>
     <span class='ocr_line' id='line_1_12' title="bbox 321 977 1855 1031; baseline 0 -13"><span class='ocrx_word' id='word_1_114' title='bbox 321 981 501 1031; x_wconf 76' lang='lat' dir='ltr'>sumpsit,</span> <span class='ocrx_word' id='word_1_115' title='bbox 530 981 728 1018; x_wconf 81' lang='lat' dir='ltr'>consentit</span> <span class='ocrx_word' id='word_1_116' title='bbox 749 991 837 1017; x_wconf 90' lang='lat' dir='ltr'>cum</span> <span class='ocrx_word' id='word_1_117' title='bbox 860 980 929 1029; x_wconf 89' lang='lat' dir='ltr'>eis,</span> <span class='ocrx_word' id='word_1_118' title='bbox 954 990 1052 1029; x_wconf 88' lang='lat' dir='ltr'>quae</span> <span class='ocrx_word' id='word_1_119' title='bbox 1072 977 1282 1030; x_wconf 79' lang='lat' dir='ltr'>Dionysius</span> <span class='ocrx_word' id='word_1_120' title='bbox 1304 979 1521 1018; x_wconf 89' lang='lat' dir='ltr'>secundum</span> <span class='ocrx_word' id='word_1_121' title='bbox 1541 980 1736 1018; x_wconf 90' lang='lat' dir='ltr'>Pictorem</span> <span class='ocrx_word' id='word_1_122' title='bbox 1757 981 1855 1019; x_wconf 85' lang='lat' dir='ltr'>anti-</span> 
     </span>
     <span class='ocr_line' id='line_1_13' title="bbox 321 1043 1855 1096; baseline -0.001 -12"><span class='ocrx_word' id='word_1_123' title='bbox 321 1046 554 1096; x_wconf 89' lang='lat' dir='ltr'>quissimum</span> <span class='ocrx_word' id='word_1_124' title='bbox 570 1046 781 1095; x_wconf 74' lang='lat' dir='ltr'>pertexuit,</span> <span class='ocrx_word' id='word_1_125' title='bbox 801 1043 906 1082; x_wconf 90' lang='lat' dir='ltr'>unde</span> <span class='ocrx_word' id='word_1_126' title='bbox 929 1044 1046 1082; x_wconf 89' lang='lat' dir='ltr'>etiam</span> <span class='ocrx_word' id='word_1_127' title='bbox 1068 1043 1166 1082; x_wconf 87' lang='lat' dir='ltr'>alter</span> <span class='ocrx_word' id='word_1_128' title='bbox 1185 1043 1294 1083; x_wconf 91' lang='lat' dir='ltr'>locus</span> <span class='ocrx_word' id='word_1_129' title='bbox 1309 1043 1357 1083; x_wconf 88' lang='lat' dir='ltr'>ad</span> <span class='ocrx_word' id='word_1_130' title='bbox 1372 1043 1541 1083; x_wconf 87' lang='lat' dir='ltr'>Graecos</span> <span class='ocrx_word' id='word_1_131' title='bbox 1556 1044 1715 1084; x_wconf 90' lang='lat' dir='ltr'>annales</span> <span class='ocrx_word' id='word_1_132' title='bbox 1735 1045 1855 1084; x_wconf 86' lang='lat' dir='ltr'>trahi-</span> 
     </span>
     <span class='ocr_line' id='line_1_14' title="bbox 320 1105 1857 1162; baseline 0 -13"><span class='ocrx_word' id='word_1_133' title='bbox 320 1116 396 1161; x_wconf 86' lang='lat' dir='ltr'>tur,</span> <span class='ocrx_word' id='word_1_134' title='bbox 418 1116 456 1149; x_wconf 92' lang='lat' dir='ltr'>et</span> <span class='ocrx_word' id='word_1_135' title='bbox 478 1109 524 1149; x_wconf 90' lang='lat' dir='ltr'>de</span> <span class='ocrx_word' id='word_1_136' title='bbox 546 1110 679 1148; x_wconf 88' lang='lat' dir='ltr'>Solino</span> <span class='ocrx_word' id='word_1_137' title='bbox 699 1106 763 1162; x_wconf 78' lang='lat' dir='ltr'>(fr.</span> <span class='ocrx_word' id='word_1_138' title='bbox 781 1107 806 1148; x_wconf 78' lang='lat'>6</span> <span class='ocrx_word' id='word_1_139' title='bbox 829 1105 947 1161; x_wconf 66' lang='lat' dir='ltr'>adn),</span> <span class='ocrx_word' id='word_1_140' title='bbox 974 1110 1043 1160; x_wconf 92' lang='lat' dir='ltr'>qui</span> <span class='ocrx_word' id='word_1_141' title='bbox 1065 1108 1110 1147; x_wconf 90' lang='lat' dir='ltr'>de</span> <span class='ocrx_word' id='word_1_142' title='bbox 1132 1121 1232 1147; x_wconf 89' lang='lat' dir='ltr'>anno</span> <span class='ocrx_word' id='word_1_143' title='bbox 1254 1108 1399 1148; x_wconf 86' lang='lat' dir='ltr'>Romae</span> <span class='ocrx_word' id='word_1_144' title='bbox 1421 1110 1599 1149; x_wconf 89' lang='lat' dir='ltr'>conditae</span> <span class='ocrx_word' id='word_1_145' title='bbox 1621 1111 1857 1149; x_wconf 88' lang='lat' dir='ltr'>sententiam</span> 
     </span>
     <span class='ocr_line' id='line_1_15' title="bbox 320 1172 1857 1226; baseline 0.001 -13"><span class='ocrx_word' id='word_1_146' title='bbox 320 1176 363 1221; x_wconf 83' lang='lat' dir='ltr'>Q.</span> <span class='ocrx_word' id='word_1_147' title='bbox 379 1175 488 1214; x_wconf 81' lang='lat' dir='ltr'>Fabii</span> <span class='ocrx_word' id='word_1_148' title='bbox 510 1177 629 1214; x_wconf 88' lang='lat' dir='ltr'>etiam</span> <span class='ocrx_word' id='word_1_149' title='bbox 651 1175 696 1213; x_wconf 87' lang='lat' dir='ltr'>ab</span> <span class='ocrx_word' id='word_1_150' title='bbox 720 1175 805 1213; x_wconf 88' lang='lat' dir='ltr'>aliis</span> <span class='ocrx_word' id='word_1_151' title='bbox 826 1174 1009 1213; x_wconf 78' lang='lat' dir='ltr'>traditam</span> <span class='ocrx_word' id='word_1_152' title='bbox 1030 1174 1191 1225; x_wconf 83' lang='lat' dir='ltr'>profert.</span> <span class='ocrx_word' id='word_1_153' title='bbox 1225 1180 1375 1213; x_wconf 86' lang='lat' dir='ltr'>restant</span> <span class='ocrx_word' id='word_1_154' title='bbox 1396 1176 1441 1213; x_wconf 83' lang='lat' dir='ltr'>fr.</span> <span class='ocrx_word' id='word_1_155' title='bbox 1457 1172 1524 1226; x_wconf 82' lang='grc'>28,</span> <span class='ocrx_word' id='word_1_156' title='bbox 1552 1175 1657 1226; x_wconf 91' lang='lat' dir='ltr'>quod</span> <span class='ocrx_word' id='word_1_157' title='bbox 1679 1175 1857 1214; x_wconf 88' lang='lat' dir='ltr'>Valesius</span> 
     </span>
     <span class='ocr_line' id='line_1_16' title="bbox 321 1238 1857 1292; baseline 0.001 -14"><span class='ocrx_word' id='word_1_158' title='bbox 321 1254 367 1279; x_wconf 84' lang='lat' dir='ltr'>ex</span> <span class='ocrx_word' id='word_1_159' title='bbox 382 1240 542 1291; x_wconf 70' lang='lat' dir='ltr'>Polybio</span> <span class='ocrx_word' id='word_1_160' title='bbox 564 1242 604 1278; x_wconf 91' lang='lat' dir='ltr'>in</span> <span class='ocrx_word' id='word_1_161' title='bbox 622 1239 765 1279; x_wconf 85' lang='lat' dir='ltr'>Suidae</span> <span class='ocrx_word' id='word_1_162' title='bbox 786 1240 995 1278; x_wconf 87' lang='lat' dir='ltr'>thesauros</span> <span class='ocrx_word' id='word_1_163' title='bbox 1016 1245 1247 1290; x_wconf 85' lang='lat' dir='ltr'>congestum</span> <span class='ocrx_word' id='word_1_164' title='bbox 1269 1252 1354 1279; x_wconf 91' lang='lat' dir='ltr'>esse</span> <span class='ocrx_word' id='word_1_165' title='bbox 1377 1245 1482 1279; x_wconf 87' lang='lat' dir='ltr'>recte</span> <span class='ocrx_word' id='word_1_166' title='bbox 1503 1240 1705 1291; x_wconf 90' lang='lat' dir='ltr'>iudicauit,</span> <span class='ocrx_word' id='word_1_167' title='bbox 1726 1241 1771 1279; x_wconf 87' lang='lat' dir='ltr'>fr.</span> <span class='ocrx_word' id='word_1_168' title='bbox 1787 1238 1857 1292; x_wconf 88' lang='grc'>20,</span> 
     </span>
     <span class='ocr_line' id='line_1_17' title="bbox 321 1304 1855 1357; baseline 0 -13"><span class='ocrx_word' id='word_1_169' title='bbox 321 1305 425 1357; x_wconf 89' lang='lat' dir='ltr'>quod</span> <span class='ocrx_word' id='word_1_170' title='bbox 453 1305 591 1344; x_wconf 87' lang='lat' dir='ltr'>Strabo</span> <span class='ocrx_word' id='word_1_171' title='bbox 622 1306 816 1355; x_wconf 89' lang='lat' dir='ltr'>seruauit,</span> <span class='ocrx_word' id='word_1_172' title='bbox 851 1306 917 1355; x_wconf 89' lang='lat' dir='ltr'>qui</span> <span class='ocrx_word' id='word_1_173' title='bbox 945 1317 1011 1343; x_wconf 91' lang='lat' dir='ltr'>eos</span> <span class='ocrx_word' id='word_1_174' title='bbox 1045 1309 1195 1343; x_wconf 88' lang='lat' dir='ltr'>tantum</span> <span class='ocrx_word' id='word_1_175' title='bbox 1222 1304 1337 1343; x_wconf 91' lang='lat' dir='ltr'>modo</span> <span class='ocrx_word' id='word_1_176' title='bbox 1371 1307 1584 1356; x_wconf 81' lang='lat' dir='ltr'>scriptores</span> <span class='ocrx_word' id='word_1_177' title='bbox 1614 1306 1681 1357; x_wconf 90' lang='lat' dir='ltr'>qui</span> <span class='ocrx_word' id='word_1_178' title='bbox 1709 1304 1855 1344; x_wconf 85' lang='lat' dir='ltr'>Graece</span> 
     </span>
     <span class='ocr_line' id='line_1_18' title="bbox 321 1367 1856 1422; baseline 0 -13"><span class='ocrx_word' id='word_1_179' title='bbox 321 1372 568 1422; x_wconf 89' lang='lat' dir='ltr'>scripserunt</span> <span class='ocrx_word' id='word_1_180' title='bbox 601 1370 795 1420; x_wconf 75' lang='lat' dir='ltr'>adhibuit,</span> <span class='ocrx_word' id='word_1_181' title='bbox 830 1370 874 1408; x_wconf 91' lang='lat' dir='ltr'>fr.</span> <span class='ocrx_word' id='word_1_182' title='bbox 897 1367 942 1420; x_wconf 81' lang='lat'>4,</span> <span class='ocrx_word' id='word_1_183' title='bbox 976 1369 1079 1420; x_wconf 86' lang='lat' dir='ltr'>quod</span> <span class='ocrx_word' id='word_1_184' title='bbox 1114 1369 1308 1408; x_wconf 89' lang='lat' dir='ltr'>Eusebius</span> <span class='ocrx_word' id='word_1_185' title='bbox 1342 1383 1387 1408; x_wconf 82' lang='lat' dir='ltr'>ex</span> <span class='ocrx_word' id='word_1_186' title='bbox 1420 1370 1606 1422; x_wconf 90' lang='lat' dir='ltr'>Diodoro,</span> <span class='ocrx_word' id='word_1_187' title='bbox 1639 1370 1684 1409; x_wconf 84' lang='lat' dir='ltr'>fr.</span> <span class='ocrx_word' id='word_1_188' title='bbox 1707 1368 1732 1409; x_wconf 80' lang='lat'>6</span> <span class='ocrx_word' id='word_1_189' title='bbox 1757 1370 1856 1422; x_wconf 64' lang='lat' dir='ltr'>adn„</span> 
     </span>
     <span class='ocr_line' id='line_1_19' title="bbox 320 1431 1855 1489; baseline -0.001 -14"><span class='ocrx_word' id='word_1_190' title='bbox 320 1436 423 1487; x_wconf 86' lang='lat' dir='ltr'>quod</span> <span class='ocrx_word' id='word_1_191' title='bbox 450 1436 554 1475; x_wconf 91' lang='lat' dir='ltr'>idem</span> <span class='ocrx_word' id='word_1_192' title='bbox 584 1432 642 1489; x_wconf 79' lang='lat' dir='ltr'>(et</span> <span class='ocrx_word' id='word_1_193' title='bbox 669 1431 893 1489; x_wconf 75' lang='lat' dir='ltr'>Syncellus)</span> <span class='ocrx_word' id='word_1_194' title='bbox 922 1447 969 1473; x_wconf 77' lang='lat' dir='ltr'>ex</span> <span class='ocrx_word' id='word_1_195' title='bbox 988 1434 1173 1485; x_wconf 79' lang='lat' dir='ltr'>Dionysio</span> <span class='ocrx_word' id='word_1_196' title='bbox 1201 1436 1380 1486; x_wconf 89' lang='lat' dir='ltr'>sumpsit,</span> <span class='ocrx_word' id='word_1_197' title='bbox 1409 1435 1578 1487; x_wconf 87' lang='lat' dir='ltr'>denique</span> <span class='ocrx_word' id='word_1_198' title='bbox 1605 1435 1651 1473; x_wconf 88' lang='lat' dir='ltr'>fr.</span> <span class='ocrx_word' id='word_1_199' title='bbox 1676 1431 1750 1489; x_wconf 79' lang='lat'>1.³)</span> <span class='ocrx_word' id='word_1_200' title='bbox 1778 1431 1855 1489; x_wconf 68' lang='grc'>24)</span> 
     </span>
    </p>
   </div>
   <div class='ocr_carea' id='block_1_3' title="bbox 319 1542 1858 2924">
    <p class='ocr_par' dir='ltr' id='par_1_3' title="bbox 319 1542 1858 2125">
     <span class='ocr_line' id='line_1_20' title="bbox 418 1542 1857 1588; baseline -0.001 -9"><span class='ocrx_word' id='word_1_201' title='bbox 418 1547 449 1581; x_wconf 55' lang='grc' dir='ltr'>1δ</span> <span class='ocrx_word' id='word_1_202' title='bbox 477 1545 524 1579; x_wconf 89' lang='lat' dir='ltr'>Et</span> <span class='ocrx_word' id='word_1_203' title='bbox 551 1544 711 1579; x_wconf 84' lang='lat' dir='ltr'>Graecos</span> <span class='ocrx_word' id='word_1_204' title='bbox 732 1545 769 1578; x_wconf 90' lang='lat' dir='ltr'>et</span> <span class='ocrx_word' id='word_1_205' title='bbox 789 1544 941 1578; x_wconf 85' lang='lat' dir='ltr'>Latinos</span> <span class='ocrx_word' id='word_1_206' title='bbox 962 1543 1069 1577; x_wconf 82' lang='lat' dir='ltr'>Fabii</span> <span class='ocrx_word' id='word_1_207' title='bbox 1096 1542 1250 1578; x_wconf 86' lang='lat' dir='ltr'>annales</span> <span class='ocrx_word' id='word_1_208' title='bbox 1271 1543 1418 1577; x_wconf 88' lang='lat' dir='ltr'>Liuium</span> <span class='ocrx_word' id='word_1_209' title='bbox 1442 1544 1678 1588; x_wconf 79' lang='lat' dir='ltr'>‘respexisse’</span> <span class='ocrx_word' id='word_1_210' title='bbox 1706 1543 1857 1578; x_wconf 88' lang='lat' dir='ltr'>Harless</span> 
     </span>
     <span class='ocr_line' id='line_1_21' title="bbox 319 1596 1854 1643; baseline -0.002 -10"><span class='ocrx_word' id='word_1_211' title='bbox 319 1611 354 1643; x_wconf 90' lang='lat' dir='ltr'>p.</span> <span class='ocrx_word' id='word_1_212' title='bbox 371 1602 390 1632; x_wconf 89' lang='lat'>9</span> <span class='ocrx_word' id='word_1_213' title='bbox 419 1598 629 1643; x_wconf 86' lang='lat' dir='ltr'>suspicatus</span> <span class='ocrx_word' id='word_1_214' title='bbox 657 1598 729 1639; x_wconf 82' lang='lat' dir='ltr'>est,</span> <span class='ocrx_word' id='word_1_215' title='bbox 764 1597 926 1640; x_wconf 77' lang='lat' dir='ltr'>Latinis,</span> <span class='ocrx_word' id='word_1_216' title='bbox 958 1608 1032 1631; x_wconf 89' lang='lat' dir='ltr'>non</span> <span class='ocrx_word' id='word_1_217' title='bbox 1059 1596 1212 1630; x_wconf 84' lang='lat' dir='ltr'>Graecis</span> <span class='ocrx_word' id='word_1_218' title='bbox 1238 1609 1347 1631; x_wconf 86' lang='lat' dir='ltr'>usum</span> <span class='ocrx_word' id='word_1_219' title='bbox 1373 1608 1451 1631; x_wconf 89' lang='lat' dir='ltr'>esse</span> <span class='ocrx_word' id='word_1_220' title='bbox 1478 1597 1613 1631; x_wconf 82' lang='lat' dir='ltr'>Nissen</span> <span class='ocrx_word' id='word_1_221' title='bbox 1647 1597 1854 1633; x_wconf 75' lang='lat' dir='ltr'>Untersuch.</span> 
     </span>
     <span class='ocr_line' id='line_1_22' title="bbox 320 1649 1855 1697; baseline -0.001 -11"><span class='ocrx_word' id='word_1_222' title='bbox 320 1665 355 1697; x_wconf 90' lang='lat' dir='ltr'>p.</span> <span class='ocrx_word' id='word_1_223' title='bbox 371 1656 413 1686; x_wconf 82' lang='grc'>41</span> <span class='ocrx_word' id='word_1_224' title='bbox 443 1654 479 1686; x_wconf 91' lang='lat' dir='ltr'>et</span> <span class='ocrx_word' id='word_1_225' title='bbox 506 1651 634 1686; x_wconf 90' lang='lat' dir='ltr'>Pluess</span> <span class='ocrx_word' id='word_1_226' title='bbox 661 1651 719 1685; x_wconf 88' lang='lat' dir='ltr'>De</span> <span class='ocrx_word' id='word_1_227' title='bbox 747 1651 845 1686; x_wconf 69' lang='lat' dir='ltr'>Oine.</span> <span class='ocrx_word' id='word_1_228' title='bbox 868 1662 903 1694; x_wconf 91' lang='lat' dir='ltr'>p.</span> <span class='ocrx_word' id='word_1_229' title='bbox 921 1654 974 1684; x_wconf 81' lang='lat'>15.</span> <span class='ocrx_word' id='word_1_230' title='bbox 1014 1650 1161 1684; x_wconf 90' lang='lat' dir='ltr'>Liuium</span> <span class='ocrx_word' id='word_1_231' title='bbox 1187 1651 1313 1684; x_wconf 87' lang='lat' dir='ltr'>tamen</span> <span class='ocrx_word' id='word_1_232' title='bbox 1340 1649 1495 1684; x_wconf 87' lang='lat' dir='ltr'>consilio</span> <span class='ocrx_word' id='word_1_233' title='bbox 1523 1652 1560 1684; x_wconf 88' lang='lat' dir='ltr'>et</span> <span class='ocrx_word' id='word_1_234' title='bbox 1584 1651 1730 1685; x_wconf 86' lang='lat' dir='ltr'>ratione</span> <span class='ocrx_word' id='word_1_235' title='bbox 1756 1661 1855 1684; x_wconf 89' lang='lat' dir='ltr'>men-</span> 
     </span>
     <span class='ocr_line' id='line_1_23' title="bbox 319 1702 1857 1750; baseline -0.001 -11"><span class='ocrx_word' id='word_1_236' title='bbox 319 1706 432 1740; x_wconf 86' lang='lat' dir='ltr'>titum</span> <span class='ocrx_word' id='word_1_237' title='bbox 460 1717 525 1750; x_wconf 87' lang='lat' dir='ltr'>pro</span> <span class='ocrx_word' id='word_1_238' title='bbox 547 1704 752 1739; x_wconf 83' lang='lat' dir='ltr'>recentiore</span> <span class='ocrx_word' id='word_1_239' title='bbox 778 1703 1075 1737; x_wconf 89' lang='lat' dir='ltr'>uetustissimum</span> <span class='ocrx_word' id='word_1_240' title='bbox 1097 1702 1203 1736; x_wconf 86' lang='lat' dir='ltr'>illum</span> <span class='ocrx_word' id='word_1_241' title='bbox 1227 1704 1413 1737; x_wconf 80' lang='lat' dir='ltr'>auctorem</span> <span class='ocrx_word' id='word_1_242' title='bbox 1443 1703 1642 1738; x_wconf 87' lang='lat' dir='ltr'>inseruisse</span> <span class='ocrx_word' id='word_1_243' title='bbox 1663 1703 1773 1738; x_wconf 88' lang='lat' dir='ltr'>certis</span> <span class='ocrx_word' id='word_1_244' title='bbox 1800 1714 1857 1738; x_wconf 88' lang='lat' dir='ltr'>ar—</span> 
     </span>
     <span class='ocr_line' id='line_1_24' title="bbox 320 1756 1858 1804; baseline -0.001 -11"><span class='ocrx_word' id='word_1_245' title='bbox 320 1759 507 1804; x_wconf 84' lang='lat' dir='ltr'>gumentis</span> <span class='ocrx_word' id='word_1_246' title='bbox 528 1770 601 1793; x_wconf 90' lang='lat' dir='ltr'>non</span> <span class='ocrx_word' id='word_1_247' title='bbox 622 1757 887 1802; x_wconf 81' lang='lat' dir='ltr'>probauerunt.</span> <span class='ocrx_word' id='word_1_248' title='bbox 916 1767 963 1790; x_wconf 90' lang='lat' dir='ltr'>an</span> <span class='ocrx_word' id='word_1_249' title='bbox 984 1757 1097 1791; x_wconf 87' lang='lat' dir='ltr'>etiam</span> <span class='ocrx_word' id='word_1_250' title='bbox 1122 1767 1189 1800; x_wconf 87' lang='lat' dir='ltr'>pro</span> <span class='ocrx_word' id='word_1_251' title='bbox 1210 1757 1355 1802; x_wconf 85' lang='lat' dir='ltr'>argenti</span> <span class='ocrx_word' id='word_1_252' title='bbox 1376 1756 1492 1799; x_wconf 88' lang='lat' dir='ltr'>libris,</span> <span class='ocrx_word' id='word_1_253' title='bbox 1520 1756 1655 1801; x_wconf 86' lang='lat' dir='ltr'>quibus</span> <span class='ocrx_word' id='word_1_254' title='bbox 1676 1757 1759 1791; x_wconf 87' lang='lat' dir='ltr'>Piso</span> <span class='ocrx_word' id='word_1_255' title='bbox 1780 1768 1858 1791; x_wconf 84' lang='lat' dir='ltr'>ma-</span> 
     </span>
     <span class='ocr_line' id='line_1_25' title="bbox 320 1809 1857 1854; baseline -0.001 -8"><span class='ocrx_word' id='word_1_256' title='bbox 320 1812 455 1846; x_wconf 85' lang='lat' dir='ltr'>nubias</span> <span class='ocrx_word' id='word_1_257' title='bbox 480 1811 693 1845; x_wconf 83' lang='lat' dir='ltr'>Pometinas</span> <span class='ocrx_word' id='word_1_258' title='bbox 721 1810 999 1849; x_wconf 76' lang='lat' dir='ltr'>aestimauerat,</span> <span class='ocrx_word' id='word_1_259' title='bbox 1027 1809 1143 1844; x_wconf 85' lang='lat' dir='ltr'>Fabio</span> <span class='ocrx_word' id='word_1_260' title='bbox 1166 1809 1399 1853; x_wconf 73' lang='lat' dir='ltr'>‘antiquiori’</span> <span class='ocrx_word' id='word_1_261' title='bbox 1423 1821 1648 1854; x_wconf 84' lang='lat' dir='ltr'>quemquam</span> <span class='ocrx_word' id='word_1_262' title='bbox 1674 1811 1857 1845; x_wconf 76' lang='lat' dir='ltr'>talentum</span> 
     </span>
     <span class='ocr_line' id='line_1_26' title="bbox 321 1863 1856 1910; baseline -0.001 -10"><span class='ocrx_word' id='word_1_263' title='bbox 321 1865 641 1910; x_wconf 85' lang='lat' dir='ltr'>computationem</span> <span class='ocrx_word' id='word_1_264' title='bbox 663 1864 901 1898; x_wconf 83' lang='lat' dir='ltr'>substituisse</span> <span class='ocrx_word' id='word_1_265' title='bbox 916 1866 961 1908; x_wconf 80' lang='lat'>(1,</span> <span class='ocrx_word' id='word_1_266' title='bbox 975 1868 1030 1905; x_wconf 73' lang='lat'>55,</span> <span class='ocrx_word' id='word_1_267' title='bbox 1044 1868 1061 1897; x_wconf 80' lang='lat'>7</span> <span class='ocrx_word' id='word_1_268' title='bbox 1076 1865 1143 1907; x_wconf 87' lang='lat' dir='ltr'>sq.)</span> <span class='ocrx_word' id='word_1_269' title='bbox 1158 1865 1356 1907; x_wconf 75' lang='lat' dir='ltr'>putamus?</span> <span class='ocrx_word' id='word_1_270' title='bbox 1384 1863 1442 1908; x_wconf 87' lang='lat' dir='ltr'>(cf.</span> <span class='ocrx_word' id='word_1_271' title='bbox 1458 1863 1709 1899; x_wconf 81' lang='lat' dir='ltr'>Luterbacher</span> <span class='ocrx_word' id='word_1_272' title='bbox 1723 1863 1856 1899; x_wconf 86' lang='lat' dir='ltr'>Philol.</span> 
     </span>
     <span class='ocr_line' id='line_1_27' title="bbox 321 1917 1855 1963; baseline -0.001 -10"><span class='ocrx_word' id='word_1_273' title='bbox 321 1923 364 1953; x_wconf 82' lang='lat'>57</span> <span class='ocrx_word' id='word_1_274' title='bbox 391 1931 426 1963; x_wconf 91' lang='lat' dir='ltr'>p.</span> <span class='ocrx_word' id='word_1_275' title='bbox 449 1922 527 1953; x_wconf 81' lang='lat'>510.</span> <span class='ocrx_word' id='word_1_276' title='bbox 567 1918 599 1952; x_wconf 90' lang='lat' dir='ltr'>J.</span> <span class='ocrx_word' id='word_1_277' title='bbox 628 1917 749 1952; x_wconf 87' lang='lat' dir='ltr'>Bader</span> <span class='ocrx_word' id='word_1_278' title='bbox 780 1918 836 1952; x_wconf 86' lang='lat' dir='ltr'>De</span> <span class='ocrx_word' id='word_1_279' title='bbox 869 1917 1030 1952; x_wconf 80' lang='lat' dir='ltr'>Diodori</span> <span class='ocrx_word' id='word_1_280' title='bbox 1058 1929 1180 1952; x_wconf 84' lang='lat' dir='ltr'>rerum</span> <span class='ocrx_word' id='word_1_281' title='bbox 1213 1917 1469 1952; x_wconf 76' lang='lat' dir='ltr'>Romanarum</span> <span class='ocrx_word' id='word_1_282' title='bbox 1500 1918 1727 1960; x_wconf 69' lang='lat' dir='ltr'>auctoribus,</span> <span class='ocrx_word' id='word_1_283' title='bbox 1760 1918 1855 1952; x_wconf 87' lang='lat' dir='ltr'>Diss.</span> 
     </span>
     <span class='ocr_line' id='line_1_28' title="bbox 319 1970 1856 2017; baseline -0.001 -10"><span class='ocrx_word' id='word_1_284' title='bbox 319 1973 417 2017; x_wconf 89' lang='lat' dir='ltr'>Lips.</span> <span class='ocrx_word' id='word_1_285' title='bbox 443 1976 543 2014; x_wconf 83' lang='lat'>1890,</span> <span class='ocrx_word' id='word_1_286' title='bbox 572 1971 636 2016; x_wconf 87' lang='lat' dir='ltr'>qui</span> <span class='ocrx_word' id='word_1_287' title='bbox 663 1971 812 2005; x_wconf 90' lang='lat' dir='ltr'>omnino</span> <span class='ocrx_word' id='word_1_288' title='bbox 839 1971 946 2005; x_wconf 81' lang='lat' dir='ltr'>Fabii</span> <span class='ocrx_word' id='word_1_289' title='bbox 966 1970 1124 2005; x_wconf 84' lang='lat' dir='ltr'>Pictoris</span> <span class='ocrx_word' id='word_1_290' title='bbox 1151 1970 1304 2004; x_wconf 86' lang='lat' dir='ltr'>annales</span> <span class='ocrx_word' id='word_1_291' title='bbox 1328 1970 1459 2004; x_wconf 78' lang='lat' dir='ltr'>Latine</span> <span class='ocrx_word' id='word_1_292' title='bbox 1487 1970 1643 2014; x_wconf 90' lang='lat' dir='ltr'>scriptos</span> <span class='ocrx_word' id='word_1_293' title='bbox 1670 1971 1856 2005; x_wconf 81' lang='lat' dir='ltr'>exstitisse</span> 
     </span>
     <span class='ocr_line' id='line_1_29' title="bbox 320 2023 1856 2071; baseline -0.001 -11"><span class='ocrx_word' id='word_1_294' title='bbox 320 2026 476 2071; x_wconf 87' lang='lat' dir='ltr'>negauit</span> <span class='ocrx_word' id='word_1_295' title='bbox 501 2038 535 2070; x_wconf 92' lang='lat' dir='ltr'>p.</span> <span class='ocrx_word' id='word_1_296' title='bbox 553 2026 715 2068; x_wconf 77' lang='lat'>32—42).</span> <span class='ocrx_word' id='word_1_297' title='bbox 752 2024 827 2059; x_wconf 85' lang='lat' dir='ltr'>alia</span> <span class='ocrx_word' id='word_1_298' title='bbox 853 2024 1024 2068; x_wconf 79' lang='lat' dir='ltr'>quaestio</span> <span class='ocrx_word' id='word_1_299' title='bbox 1052 2026 1124 2066; x_wconf 73' lang='lat' dir='ltr'>est,</span> <span class='ocrx_word' id='word_1_300' title='bbox 1158 2036 1245 2058; x_wconf 91' lang='lat' dir='ltr'>num</span> <span class='ocrx_word' id='word_1_301' title='bbox 1274 2023 1380 2057; x_wconf 83' lang='lat' dir='ltr'>illum</span> <span class='ocrx_word' id='word_1_302' title='bbox 1406 2024 1528 2068; x_wconf 86' lang='lat' dir='ltr'>ipsum</span> <span class='ocrx_word' id='word_1_303' title='bbox 1555 2023 1726 2058; x_wconf 87' lang='lat' dir='ltr'>omnibus</span> <span class='ocrx_word' id='word_1_304' title='bbox 1752 2024 1856 2068; x_wconf 90' lang='lat' dir='ltr'>locis,</span> 
     </span>
     <span class='ocr_line' id='line_1_30' title="bbox 321 2077 1700 2125; baseline -0.001 -11"><span class='ocrx_word' id='word_1_305' title='bbox 321 2080 455 2125; x_wconf 87' lang='lat' dir='ltr'>quibus</span> <span class='ocrx_word' id='word_1_306' title='bbox 483 2091 565 2113; x_wconf 87' lang='lat' dir='ltr'>eum</span> <span class='ocrx_word' id='word_1_307' title='bbox 594 2078 771 2122; x_wconf 84' lang='lat' dir='ltr'>appellat,</span> <span class='ocrx_word' id='word_1_308' title='bbox 799 2079 886 2112; x_wconf 85' lang='lat' dir='ltr'>ante</span> <span class='ocrx_word' id='word_1_309' title='bbox 913 2088 950 2112; x_wconf 85' lang='lat' dir='ltr'>se</span> <span class='ocrx_word' id='word_1_310' title='bbox 976 2077 1162 2121; x_wconf 83' lang='lat' dir='ltr'>habuerit,</span> <span class='ocrx_word' id='word_1_311' title='bbox 1189 2077 1233 2112; x_wconf 87' lang='lat' dir='ltr'>de</span> <span class='ocrx_word' id='word_1_312' title='bbox 1260 2088 1334 2121; x_wconf 84' lang='lat' dir='ltr'>qua</span> <span class='ocrx_word' id='word_1_313' title='bbox 1359 2077 1448 2111; x_wconf 86' lang='lat' dir='ltr'>uide</span> <span class='ocrx_word' id='word_1_314' title='bbox 1473 2077 1572 2111; x_wconf 87' lang='lat' dir='ltr'>infra</span> <span class='ocrx_word' id='word_1_315' title='bbox 1596 2090 1700 2122; x_wconf 80' lang='lat' dir='ltr'>pxc.</span> 
     </span>
    </p>

    <p class='ocr_par' dir='ltr' id='par_1_4' title="bbox 319 2131 1858 2605">
     <span class='ocr_line' id='line_1_31' title="bbox 418 2131 1858 2177; baseline -0.001 -11"><span class='ocrx_word' id='word_1_316' title='bbox 418 2135 450 2176; x_wconf 77' lang='lat'>2)</span> <span class='ocrx_word' id='word_1_317' title='bbox 478 2133 603 2167; x_wconf 85' lang='lat' dir='ltr'>Etiam</span> <span class='ocrx_word' id='word_1_318' title='bbox 623 2132 684 2166; x_wconf 91' lang='lat' dir='ltr'>hic</span> <span class='ocrx_word' id='word_1_319' title='bbox 704 2131 856 2166; x_wconf 86' lang='lat' dir='ltr'>Harless</span> <span class='ocrx_word' id='word_1_320' title='bbox 875 2143 911 2175; x_wconf 91' lang='lat' dir='ltr'>p.</span> <span class='ocrx_word' id='word_1_321' title='bbox 928 2135 947 2165; x_wconf 84' lang='lat'>9</span> <span class='ocrx_word' id='word_1_322' title='bbox 969 2131 1068 2176; x_wconf 82' lang='lat' dir='ltr'>apud</span> <span class='ocrx_word' id='word_1_323' title='bbox 1088 2131 1251 2165; x_wconf 89' lang='lat' dir='ltr'>Plinium</span> <span class='ocrx_word' id='word_1_324' title='bbox 1272 2131 1424 2165; x_wconf 84' lang='lat' dir='ltr'>Latinos</span> <span class='ocrx_word' id='word_1_325' title='bbox 1446 2132 1614 2165; x_wconf 86' lang='lat' dir='ltr'>auctores</span> <span class='ocrx_word' id='word_1_326' title='bbox 1637 2131 1858 2177; x_wconf 86' lang='lat' dir='ltr'>intellegen-</span> 
     </span>
     <span class='ocr_line' id='line_1_32' title="bbox 321 2184 1856 2229; baseline -0.002 -8"><span class='ocrx_word' id='word_1_327' title='bbox 321 2187 387 2221; x_wconf 91' lang='lat' dir='ltr'>dos</span> <span class='ocrx_word' id='word_1_328' title='bbox 414 2198 493 2221; x_wconf 85' lang='lat' dir='ltr'>esse</span> <span class='ocrx_word' id='word_1_329' title='bbox 521 2186 725 2220; x_wconf 82' lang='lat' dir='ltr'>arbitratus</span> <span class='ocrx_word' id='word_1_330' title='bbox 752 2187 825 2226; x_wconf 76' lang='lat' dir='ltr'>est,</span> <span class='ocrx_word' id='word_1_331' title='bbox 859 2185 958 2228; x_wconf 87' lang='lat' dir='ltr'>quod</span> <span class='ocrx_word' id='word_1_332' title='bbox 985 2185 1123 2219; x_wconf 85' lang='lat' dir='ltr'>Fabius</span> <span class='ocrx_word' id='word_1_333' title='bbox 1156 2185 1195 2219; x_wconf 89' lang='lat' dir='ltr'>in</span> <span class='ocrx_word' id='word_1_334' title='bbox 1225 2184 1412 2219; x_wconf 89' lang='lat' dir='ltr'>indicibus</span> <span class='ocrx_word' id='word_1_335' title='bbox 1439 2184 1620 2219; x_wconf 86' lang='lat' dir='ltr'>Plinianis</span> <span class='ocrx_word' id='word_1_336' title='bbox 1651 2196 1856 2229; x_wconf 88' lang='lat' dir='ltr'>numquam</span> 
     </span>
     <span class='ocr_line' id='line_1_33' title="bbox 319 2237 1856 2283; baseline -0.002 -9"><span class='ocrx_word' id='word_1_337' title='bbox 319 2252 394 2274; x_wconf 90' lang='lat' dir='ltr'>non</span> <span class='ocrx_word' id='word_1_338' title='bbox 420 2240 458 2274; x_wconf 90' lang='lat' dir='ltr'>in</span> <span class='ocrx_word' id='word_1_339' title='bbox 485 2251 611 2274; x_wconf 87' lang='lat' dir='ltr'>eorum</span> <span class='ocrx_word' id='word_1_340' title='bbox 638 2239 860 2283; x_wconf 87' lang='lat' dir='ltr'>scriptorum</span> <span class='ocrx_word' id='word_1_341' title='bbox 886 2249 1040 2272; x_wconf 88' lang='lat' dir='ltr'>numero</span> <span class='ocrx_word' id='word_1_342' title='bbox 1062 2239 1346 2283; x_wconf 80' lang='lat' dir='ltr'>conspiceretur,</span> <span class='ocrx_word' id='word_1_343' title='bbox 1374 2237 1438 2282; x_wconf 89' lang='lat' dir='ltr'>qui</span> <span class='ocrx_word' id='word_1_344' title='bbox 1458 2238 1590 2272; x_wconf 91' lang='lat' dir='ltr'>Latino</span> <span class='ocrx_word' id='word_1_345' title='bbox 1612 2249 1778 2273; x_wconf 85' lang='lat' dir='ltr'>sermone</span> <span class='ocrx_word' id='word_1_346' title='bbox 1797 2238 1856 2272; x_wconf 86' lang='lat' dir='ltr'>usi</span> 
     </span>
     <span class='ocr_line' id='line_1_34' title="bbox 321 2291 1856 2337; baseline -0.002 -9"><span class='ocrx_word' id='word_1_347' title='bbox 321 2296 454 2328; x_wconf 83' lang='lat' dir='ltr'>essent.</span> <span class='ocrx_word' id='word_1_348' title='bbox 495 2293 558 2327; x_wconf 89' lang='lat' dir='ltr'>sed</span> <span class='ocrx_word' id='word_1_349' title='bbox 586 2292 760 2337; x_wconf 87' lang='lat' dir='ltr'>opinione</span> <span class='ocrx_word' id='word_1_350' title='bbox 785 2303 936 2337; x_wconf 89' lang='lat' dir='ltr'>prorsus</span> <span class='ocrx_word' id='word_1_351' title='bbox 963 2291 1060 2326; x_wconf 82' lang='lat' dir='ltr'>falsa</span> <span class='ocrx_word' id='word_1_352' title='bbox 1087 2292 1246 2333; x_wconf 76' lang='lat' dir='ltr'>ducitur,</span> <span class='ocrx_word' id='word_1_353' title='bbox 1273 2302 1360 2325; x_wconf 83' lang='lat' dir='ltr'>nam</span> <span class='ocrx_word' id='word_1_354' title='bbox 1386 2302 1459 2325; x_wconf 91' lang='lat' dir='ltr'>non</span> <span class='ocrx_word' id='word_1_355' title='bbox 1486 2302 1651 2326; x_wconf 87' lang='lat' dir='ltr'>sermone</span> <span class='ocrx_word' id='word_1_356' title='bbox 1677 2291 1856 2326; x_wconf 70' lang='lat' dir='ltr'>librorum</span> 
     </span>
     <span class='ocr_line' id='line_1_35' title="bbox 322 2344 1854 2390; baseline -0.001 -10"><span class='ocrx_word' id='word_1_357' title='bbox 322 2346 385 2380; x_wconf 85' lang='lat' dir='ltr'>sed</span> <span class='ocrx_word' id='word_1_358' title='bbox 419 2346 563 2390; x_wconf 86' lang='lat' dir='ltr'>origine</span> <span class='ocrx_word' id='word_1_359' title='bbox 595 2345 788 2379; x_wconf 88' lang='lat' dir='ltr'>hominum</span> <span class='ocrx_word' id='word_1_360' title='bbox 820 2345 979 2379; x_wconf 86' lang='lat' dir='ltr'>secreuit</span> <span class='ocrx_word' id='word_1_361' title='bbox 1010 2344 1154 2379; x_wconf 88' lang='lat' dir='ltr'>Plinius</span> <span class='ocrx_word' id='word_1_362' title='bbox 1187 2344 1365 2379; x_wconf 89' lang='lat' dir='ltr'>homines.</span> <span class='ocrx_word' id='word_1_363' title='bbox 1407 2344 1453 2378; x_wconf 88' lang='lat' dir='ltr'>cf.</span> <span class='ocrx_word' id='word_1_364' title='bbox 1479 2346 1522 2378; x_wconf 88' lang='lat' dir='ltr'>ut</span> <span class='ocrx_word' id='word_1_365' title='bbox 1548 2344 1639 2378; x_wconf 88' lang='lat' dir='ltr'>alios</span> <span class='ocrx_word' id='word_1_366' title='bbox 1672 2344 1854 2389; x_wconf 85' lang='lat' dir='ltr'>omittam,</span> 
     </span>
     <span class='ocr_line' id='line_1_36' title="bbox 320 2397 1855 2443; baseline 0 -10"><span class='ocrx_word' id='word_1_367' title='bbox 320 2400 395 2434; x_wconf 88' lang='lat' dir='ltr'>ind.</span> <span class='ocrx_word' id='word_1_368' title='bbox 424 2399 506 2433; x_wconf 70' lang='lat' dir='ltr'>libr,</span> <span class='ocrx_word' id='word_1_369' title='bbox 527 2399 604 2441; x_wconf 83' lang='lat' dir='ltr'>XH,</span> <span class='ocrx_word' id='word_1_370' title='bbox 630 2398 695 2433; x_wconf 91' lang='lat' dir='ltr'>ubi</span> <span class='ocrx_word' id='word_1_371' title='bbox 721 2398 759 2431; x_wconf 89' lang='lat' dir='ltr'>in</span> <span class='ocrx_word' id='word_1_372' title='bbox 780 2397 959 2433; x_wconf 86' lang='lat' dir='ltr'>Romanis</span> <span class='ocrx_word' id='word_1_373' title='bbox 987 2398 1201 2433; x_wconf 86' lang='lat' dir='ltr'>auctoribus</span> <span class='ocrx_word' id='word_1_374' title='bbox 1228 2399 1300 2432; x_wconf 88' lang='lat' dir='ltr'>est:</span> <span class='ocrx_word' id='word_1_375' title='bbox 1328 2398 1474 2433; x_wconf 74' lang='lat' dir='ltr'>Sextius</span> <span class='ocrx_word' id='word_1_376' title='bbox 1500 2398 1616 2443; x_wconf 71' lang='lat' dir='ltr'>Niyer</span> <span class='ocrx_word' id='word_1_377' title='bbox 1635 2399 1700 2442; x_wconf 76' lang='lat' dir='ltr'>qui</span> <span class='ocrx_word' id='word_1_378' title='bbox 1721 2398 1855 2434; x_wconf 79' lang='lat' dir='ltr'>Graece</span> 
     </span>
     <span class='ocr_line' id='line_1_37' title="bbox 321 2451 1855 2496; baseline 0 -10"><span class='ocrx_word' id='word_1_379' title='bbox 321 2453 363 2487; x_wconf 81' lang='lat' dir='ltr'>de</span> <span class='ocrx_word' id='word_1_380' title='bbox 395 2453 576 2488; x_wconf 74' lang='lat' dir='ltr'>medicina</span> <span class='ocrx_word' id='word_1_381' title='bbox 608 2452 762 2496; x_wconf 70' lang='lat' dir='ltr'>scripsit.</span> <span class='ocrx_word' id='word_1_382' title='bbox 803 2452 879 2486; x_wconf 84' lang='lat' dir='ltr'>ind.</span> <span class='ocrx_word' id='word_1_383' title='bbox 906 2452 970 2486; x_wconf 87' lang='lat' dir='ltr'>lib.</span> <span class='ocrx_word' id='word_1_384' title='bbox 993 2452 1128 2486; x_wconf 89' lang='lat' dir='ltr'>XVIII:</span> <span class='ocrx_word' id='word_1_385' title='bbox 1161 2453 1244 2486; x_wconf 75' lang='lat' dir='ltr'>item</span> <span class='ocrx_word' id='word_1_386' title='bbox 1270 2452 1314 2486; x_wconf 83' lang='lat' dir='ltr'>L.</span> <span class='ocrx_word' id='word_1_387' title='bbox 1340 2452 1534 2493; x_wconf 75' lang='lat' dir='ltr'>Tarutius,</span> <span class='ocrx_word' id='word_1_388' title='bbox 1560 2452 1624 2495; x_wconf 77' lang='lat' dir='ltr'>qm·</span> <span class='ocrx_word' id='word_1_389' title='bbox 1652 2451 1786 2486; x_wconf 81' lang='lat' dir='ltr'>Graece</span> <span class='ocrx_word' id='word_1_390' title='bbox 1812 2452 1855 2486; x_wconf 88' lang='lat' dir='ltr'>de</span> 
     </span>
     <span class='ocr_line' id='line_1_38' title="bbox 321 2505 1854 2551; baseline -0.001 -10"><span class='ocrx_word' id='word_1_391' title='bbox 321 2508 430 2542; x_wconf 79' lang='lat' dir='ltr'>astris</span> <span class='ocrx_word' id='word_1_392' title='bbox 461 2507 615 2551; x_wconf 76' lang='lat' dir='ltr'>scripsit.</span> <span class='ocrx_word' id='word_1_393' title='bbox 649 2506 724 2539; x_wconf 88' lang='lat' dir='ltr'>ind.</span> <span class='ocrx_word' id='word_1_394' title='bbox 754 2505 776 2539; x_wconf 91' lang='lat' dir='ltr'>l.</span> <span class='ocrx_word' id='word_1_395' title='bbox 799 2505 967 2540; x_wconf 84' lang='lat' dir='ltr'>XXXIII:</span> <span class='ocrx_word' id='word_1_396' title='bbox 1004 2506 1127 2540; x_wconf 80' lang='lat' dir='ltr'>Iulius</span> <span class='ocrx_word' id='word_1_397' title='bbox 1153 2506 1313 2547; x_wconf 77' lang='lat' dir='ltr'>Bassus,</span> <span class='ocrx_word' id='word_1_398' title='bbox 1344 2507 1407 2549; x_wconf 75' lang='lat' dir='ltr'>qui</span> <span class='ocrx_word' id='word_1_399' title='bbox 1439 2505 1481 2539; x_wconf 81' lang='lat' dir='ltr'>de</span> <span class='ocrx_word' id='word_1_400' title='bbox 1507 2505 1689 2539; x_wconf 68' lang='lat' dir='ltr'>medicina</span> <span class='ocrx_word' id='word_1_401' title='bbox 1720 2505 1854 2540; x_wconf 81' lang='lat' dir='ltr'>Graece</span> 
     </span>
     <span class='ocr_line' id='line_1_39' title="bbox 319 2561 475 2605; baseline -0.006 -10"><span class='ocrx_word' id='word_1_402' title='bbox 319 2561 475 2605; x_wconf 67' lang='lat' dir='ltr'>scripsit.</span> 
     </span>
    </p>

    <p class='ocr_par' dir='ltr' id='par_1_5' title="bbox 321 2611 1854 2861">
     <span class='ocr_line' id='line_1_40' title="bbox 417 2611 1853 2657; baseline -0.001 -10"><span class='ocrx_word' id='word_1_403' title='bbox 417 2614 450 2657; x_wconf 83' lang='lat'>3)</span> <span class='ocrx_word' id='word_1_404' title='bbox 477 2613 618 2647; x_wconf 88' lang='lat' dir='ltr'>Krause</span> <span class='ocrx_word' id='word_1_405' title='bbox 646 2625 681 2657; x_wconf 88' lang='lat' dir='ltr'>p.</span> <span class='ocrx_word' id='word_1_406' title='bbox 704 2616 746 2646; x_wconf 84' lang='lat'>63</span> <span class='ocrx_word' id='word_1_407' title='bbox 782 2612 852 2647; x_wconf 89' lang='lat' dir='ltr'>hoc</span> <span class='ocrx_word' id='word_1_408' title='bbox 886 2612 1137 2657; x_wconf 81' lang='lat' dir='ltr'>fragmentum</span> <span class='ocrx_word' id='word_1_409' title='bbox 1169 2612 1285 2646; x_wconf 67' lang='lat' dir='ltr'>Fabii</span> <span class='ocrx_word' id='word_1_410' title='bbox 1314 2612 1546 2657; x_wconf 76' lang='lat' dir='ltr'>yrammatici</span> <span class='ocrx_word' id='word_1_411' title='bbox 1578 2622 1656 2646; x_wconf 84' lang='lat' dir='ltr'>esse</span> <span class='ocrx_word' id='word_1_412' title='bbox 1691 2611 1853 2656; x_wconf 83' lang='lat' dir='ltr'>putauit,</span> 
     </span>
     <span class='ocr_line' id='line_1_41' title="bbox 322 2664 1854 2710; baseline -0.001 -10"><span class='ocrx_word' id='word_1_413' title='bbox 322 2667 498 2710; x_wconf 85' lang='lat' dir='ltr'>deceptus</span> <span class='ocrx_word' id='word_1_414' title='bbox 537 2667 710 2709; x_wconf 83' lang='lat' dir='ltr'>corrupta</span> <span class='ocrx_word' id='word_1_415' title='bbox 747 2665 945 2700; x_wconf 87' lang='lat' dir='ltr'>uerborum</span> <span class='ocrx_word' id='word_1_416' title='bbox 977 2664 1159 2700; x_wconf 83' lang='lat' dir='ltr'>Victorini</span> <span class='ocrx_word' id='word_1_417' title='bbox 1198 2664 1391 2709; x_wconf 78' lang='lat' dir='ltr'>scriptura.</span> <span class='ocrx_word' id='word_1_418' title='bbox 1437 2664 1550 2699; x_wconf 86' lang='lat' dir='ltr'>etiam</span> <span class='ocrx_word' id='word_1_419' title='bbox 1583 2665 1682 2709; x_wconf 87' lang='lat' dir='ltr'>quod</span> <span class='ocrx_word' id='word_1_420' title='bbox 1719 2665 1854 2699; x_wconf 90' lang='lat' dir='ltr'>Lersch</span> 
     </span>
     <span class='ocr_line' id='line_1_42' title="bbox 321 2717 1853 2766; baseline -0.002 -11"><span class='ocrx_word' id='word_1_421' title='bbox 321 2720 603 2766; x_wconf 74' lang='lat' dir='ltr'>(Sprachphilos.</span> <span class='ocrx_word' id='word_1_422' title='bbox 625 2719 674 2753; x_wconf 91' lang='lat' dir='ltr'>III</span> <span class='ocrx_word' id='word_1_423' title='bbox 700 2731 734 2763; x_wconf 90' lang='lat' dir='ltr'>p.</span> <span class='ocrx_word' id='word_1_424' title='bbox 753 2721 832 2763; x_wconf 84' lang='lat'>145)</span> <span class='ocrx_word' id='word_1_425' title='bbox 860 2719 1009 2763; x_wconf 87' lang='lat' dir='ltr'>scripsit</span> <span class='ocrx_word' id='word_1_426' title='bbox 1038 2719 1171 2754; x_wconf 76' lang='lat' dir='ltr'>Graeci</span> <span class='ocrx_word' id='word_1_427' title='bbox 1189 2729 1255 2762; x_wconf 87' lang='lat' dir='ltr'>pro</span> <span class='ocrx_word' id='word_1_428' title='bbox 1280 2719 1511 2764; x_wconf 66' lang='lat' dir='ltr'>grammatici</span> <span class='ocrx_word' id='word_1_429' title='bbox 1535 2717 1685 2761; x_wconf 88' lang='lat' dir='ltr'>probari</span> <span class='ocrx_word' id='word_1_430' title='bbox 1711 2718 1853 2762; x_wconf 76' lang='lat' dir='ltr'>nequit,</span> 
     </span>
     <span class='ocr_line' id='line_1_43' title="bbox 322 2771 1854 2817; baseline -0.001 -10"><span class='ocrx_word' id='word_1_431' title='bbox 322 2773 410 2817; x_wconf 86' lang='lat' dir='ltr'>quia</span> <span class='ocrx_word' id='word_1_432' title='bbox 445 2772 561 2807; x_wconf 87' lang='lat' dir='ltr'>etiam</span> <span class='ocrx_word' id='word_1_433' title='bbox 596 2772 805 2807; x_wconf 88' lang='lat' dir='ltr'>Demetrius</span> <span class='ocrx_word' id='word_1_434' title='bbox 842 2774 878 2806; x_wconf 86' lang='lat' dir='ltr'>et</span> <span class='ocrx_word' id='word_1_435' title='bbox 916 2772 1174 2806; x_wconf 86' lang='lat' dir='ltr'>Hermocrates</span> <span class='ocrx_word' id='word_1_436' title='bbox 1210 2771 1342 2806; x_wconf 88' lang='lat' dir='ltr'>Graeci</span> <span class='ocrx_word' id='word_1_437' title='bbox 1378 2771 1539 2806; x_wconf 87' lang='lat' dir='ltr'>fuerunt.</span> <span class='ocrx_word' id='word_1_438' title='bbox 1588 2771 1664 2805; x_wconf 86' lang='lat' dir='ltr'>uid.</span> <span class='ocrx_word' id='word_1_439' title='bbox 1693 2771 1777 2806; x_wconf 85' lang='lat' dir='ltr'>adn.</span> <span class='ocrx_word' id='word_1_440' title='bbox 1805 2772 1854 2806; x_wconf 85' lang='lat' dir='ltr'>ad</span> 
     </span>
     <span class='ocr_line' id='line_1_44' title="bbox 322 2826 545 2861; baseline -0.004 0"><span class='ocrx_word' id='word_1_441' title='bbox 322 2826 420 2861; x_wconf 88' lang='lat' dir='ltr'>Ciuc.</span> <span class='ocrx_word' id='word_1_442' title='bbox 447 2827 491 2860; x_wconf 91' lang='lat' dir='ltr'>fr.</span> <span class='ocrx_word' id='word_1_443' title='bbox 516 2832 545 2860; x_wconf 94' lang='lat'>1.</span> 
     </span>
    </p>

    <p class='ocr_par' dir='ltr' id='par_1_6' title="bbox 417 2877 1853 2924">
     <span class='ocr_line' id='line_1_45' title="bbox 417 2877 1853 2924; baseline -0.001 -10"><span class='ocrx_word' id='word_1_444' title='bbox 417 2881 450 2924; x_wconf 84' lang='lat'>4)</span> <span class='ocrx_word' id='word_1_445' title='bbox 477 2880 621 2914; x_wconf 84' lang='lat' dir='ltr'>Primus</span> <span class='ocrx_word' id='word_1_446' title='bbox 648 2879 832 2913; x_wconf 80' lang='lat' dir='ltr'>indicauit</span> <span class='ocrx_word' id='word_1_447' title='bbox 857 2879 928 2914; x_wconf 87' lang='lat' dir='ltr'>hoc</span> <span class='ocrx_word' id='word_1_448' title='bbox 953 2879 996 2914; x_wconf 88' lang='lat' dir='ltr'>fr.</span> <span class='ocrx_word' id='word_1_449' title='bbox 1017 2879 1063 2913; x_wconf 90' lang='lat' dir='ltr'>M.</span> <span class='ocrx_word' id='word_1_450' title='bbox 1086 2878 1215 2923; x_wconf 92' lang='lat' dir='ltr'>Haupt</span> <span class='ocrx_word' id='word_1_451' title='bbox 1240 2877 1388 2923; x_wconf 86' lang='lat' dir='ltr'>(Opusc.</span> <span class='ocrx_word' id='word_1_452' title='bbox 1408 2877 1482 2914; x_wconf 88' lang='lat' dir='ltr'>uol.</span> <span class='ocrx_word' id='word_1_453' title='bbox 1502 2877 1553 2912; x_wconf 85' lang='lat'>111</span> <span class='ocrx_word' id='word_1_454' title='bbox 1571 2889 1606 2922; x_wconf 91' lang='lat' dir='ltr'>p.</span> <span class='ocrx_word' id='word_1_455' title='bbox 1624 2881 1691 2912; x_wconf 86' lang='lat'>330</span> <span class='ocrx_word' id='word_1_456' title='bbox 1707 2879 1772 2922; x_wconf 86' lang='lat' dir='ltr'>sq.)</span> <span class='ocrx_word' id='word_1_457' title='bbox 1798 2877 1853 2912; x_wconf 87' lang='lat' dir='ltr'>la-</span> 
     </span>
    </p>
   </div>
  </div>
 </body>
</html>
