2002 3342
462 167 501 208 Q.
524 166 649 201 AELII
675 165 948 201 TVBERONIS
975 165 1245 200 HISTORIAE.
1285 165 1326 199 fr·
1349 168 1461 200 5—11
1643 164 1726 206 311

200 290 338 327 magna
366 279 484 316 totius
512 278 707 315 exercitus
736 276 983 315 conflictione
1014 276 1163 315 balistis
1191 283 1305 328 atque
1333 276 1540 328 catapultis
1569 276 1633 315 diu
1661 290 1728 328 op-

198 348 430 394 pugnatum,
464 344 627 393 eiusque
661 342 859 380 interfecti
892 343 1043 379 corium
1077 342 1234 391 longum
1268 341 1387 392 pedes
1420 348 1577 380 eentum
1606 348 1642 380 et
1670 344 1728 381 ui-

197 409 296 459 ginti
323 408 483 446 Romam
511 408 677 445 misisse.

286 469 330 511 9.
368 474 462 511 Gell.
487 471 630 521 7342.
671 471 845 509 Eundem
880 470 1071 521 Regulum
1105 471 1261 509 Tubero
1295 473 1333 509 in
1368 471 1544 510 historiis
1575 472 1726 511 redisse

160 553 175 578 5
196 537 470 588 Carthaginem
498 538 691 587 nouisque
719 535 988 587 exemplorum
1016 535 1142 574 modis
1169 538 1437 575 excruciatum
1466 549 1484 575 a
1508 537 1648 576 l'oenis
1670 537 1725 576 di-

195 604 265 641 cit:
300 603 341 641 ln
369 608 489 651 atras,
519 603 661 652 inquit,
696 607 734 640 et
760 600 973 652 profundas
1001 600 1184 639 tenebras
1211 613 1299 639 enm
1329 601 1562 641 claudebant
1589 615 1631 640 ac
1660 603 1725 642 diu

192 673 292 719 post,
319 667 386 706 ubi
413 673 496 705 erat
524 668 635 705 uisus
662 666 719 705 sol
746 666 1061 716 ardentissimus,
1088 672 1250 717 repente
1278 666 1496 705 educebant
1524 673 1561 706 et
1586 667 1725 707 aduer-

193 745 259 772 sus
292 734 393 771 irtus
427 732 520 771 solis
555 733 778 783 oppositum
816 731 1070 770 continebant
1106 738 1220 781 atque
1256 731 1461 770 intendere
1499 734 1536 770 in
1574 733 1724 772 caelum

191 798 324 837 oeulos
352 797 552 848 cogebant,
581 796 785 848 palpebras
806 809 961 848 quoque
990 798 1085 847 eius,
1113 809 1160 834 ne
1190 798 1374 835 vomuere
1396 803 1539 848 posset,
1566 811 1723 837 sursum

137 877 170 901 10
190 876 232 902 ac
262 862 445 901 deorsum
475 862 653 901 diductas
680 861 902 901 insuebant.

1753 451 1823 503 Q

1754 511 1820 541 504

761 999 833 1037 EX
859 998 1018 1038 LIBRO
1047 999 1139 1036 XIV

281 1078 354 1121 10.
388 1083 542 1121 Nonius
562 1094 590 1120 s.
612 1094 649 1120 u.
671 1083 967 1132 luxuriabatp.
983 1081 1080 1120 481.
1120 1080 1276 1119 Tubero
1304 1080 1402 1119 libro
1430 1081 1512 1120 XIV
1540 1082 1720 1121 historia-

188 1159 291 1186 rum:
318 1147 413 1186 Pars
440 1148 567 1186 omnis
596 1146 828 1186 luxuriabat.

529 1292 825 1335 INCERTAE
860 1291 1025 1334 SEDIS
1058 1291 1376 1341 RELIQVIAE

275 1381 381 1424 10A.
411 1387 572 1425 Sueten.
600 1385 794 1425 Cae.s.56.
835 1384 1043 1434 Feruntur,
1075 1390 1117 1422 ut
1151 1386 1203 1422 ait
1236 1383 1278 1428 Q.
1306 1384 1474 1435 Tubero,
1505 1384 1551 1423 ab
1586 1385 1717 1424 adule-

183 1450 359 1489 scentulo
386 1448 513 1502 [Iulio
546 1447 741 1502 Caesare]
767 1449 957 1501 quaedam
985 1451 1148 1501 scripta,
1181 1455 1223 1488 ut
1250 1449 1384 1487 laudes
1412 1450 1609 1501 Herculis,
1639 1456 1716 1489 tra-

130 1521 161 1546 15
182 1515 319 1565 goedia
341 1515 525 1567 Oedi11uS‚
554 1517 646 1554 item
672 1515 773 1554 dieta
795 1514 1041 1554 collectanea.
1080 1527 1175 1566 quos
1197 1517 1323 1553 omnis
1345 1515 1496 1554 libellos
1517 1517 1716 1567 Augustus

180 1582 307 1619 uetuit
334 1580 538 1632 publicari.

273 1642 346 1684 11.
381 1648 541 1686 Sueten.
569 1648 679 1685 Caes.
704 1646 769 1685 5³3.
809 1645 977 1691 Quintus
1010 1645 1166 1684 Tubero
1200 1646 1335 1696 tradit,
1369 1646 1555 1685 heredem
1589 1646 1635 1685 ab
1670 1659 1713 1685 eo

177 1707 304 1763 [Iulio
337 1709 533 1764 Caesare]
560 1711 680 1750 scribi
707 1711 865 1750 solitum
893 1723 939 1750 ex
967 1711 1170 1750 consulatu
1204 1712 1328 1762 ipsius
1358 1713 1486 1762 primo
1512 1724 1636 1763 usque
1666 1712 1712 1751 ad

180 1873 400 1908 Tuberonem
429 1885 490 1909 nec
510 1874 663 1908 Liuium
684 1885 746 1908 nec
768 1874 952 1908 Valerium
975 1874 1185 1907 Maximum
1208 1873 1439 1918 adscripsim:
1466 1873 1565 1908 Nota
1592 1877 1648 1908 est
1673 1874 1711 1907 in

177 1921 327 1955 Punicis
354 1921 461 1955 bellis
483 1921 531 1955 ad
556 1921 693 1955 flumen
714 1921 925 1965 Bagradam
945 1920 1088 1965 Regulo
1116 1920 1340 1964 imperatore
1368 1920 1529 1954 ballistis
1551 1923 1711 1956 tormen-

175 1968 298 2012 tisque
324 1971 366 2002 ut
392 1969 571 2013 oppidum
598 1968 751 2011 aliquod
773 1971 987 2012 expugnata
1008 1978 1158 2011 serpens
1180 1967 1273 2001 CXX
1294 1968 1430 2012 pedum
1452 1968 1711 2013 longitudinis.

175 2015 285 2060 pellis
312 2017 389 2050 eius
416 2015 665 2059 maxillaeque
693 2027 808 2059 usque
837 2016 884 2050 ad
911 2015 1050 2049 bellum
1071 2014 1341 2049 Numantinum
1369 2016 1550 2050 durauere
1572 2016 1711 2050 Romae

175 2063 214 2097 in
241 2063 396 2108 templo.

270 2110 308 2146 9.
336 2112 418 2146 Ηοσ
441 2114 552 2155 caput
577 2122 600 2144 α
623 2111 738 2146 Gellio
764 2112 816 2145 sic
841 2111 1057 2155 inscriptum
1081 2114 1148 2145 est:
1175 2110 1271 2152 Quid
1299 2110 1397 2145 idem
1419 2110 1565 2145 Tubero
1586 2111 1710 2156 [ante-

174 2158 267 2194 cedit
290 2159 338 2201 fr.
360 2159 406 2204 8]
432 2169 553 2193 nonae
580 2158 758 2192 historiae
786 2158 830 2191 de
857 2157 973 2192 Atilio
1001 2157 1143 2202 Regulo
1166 2169 1186 2191 a
1207 2157 1577 2202 Carthaginiensibus
1599 2161 1708 2203 capto

173 2205 309 2240 litteris
336 2206 590 2249 mandauen't,
622 2206 686 2241 ubi
714 2206 927 2241 Gronouius
953 2217 1022 2249 pro
1056 2217 1174 2239 nouae
1207 2217 1328 2240 aeram
1362 2207 1581 2250 scripturam
1606 2208 1708 2241 resti-

174 2255 254 2289 tuit.
292 2254 369 2288 uid.
389 2265 417 2289 s.
431 2266 470 2299 p.
488 2263 646 2288 cecum
669 2257 701 2288 et
720 2254 806 2288 adn.
828 2253 877 2288 ad
901 2253 1023 2288 Tudatt.
1044 2254 1089 2295 fr.
1113 2256 1144 2286 5.

263 2402 308 2458 8,
339 2410 359 2444 1
389 2408 497 2445 ocius
526 2407 601 2444 ΓΙ)
624 2406 680 2453 (R
705 2408 764 2444 leit)
789 2407 908 2454 deest)
972 2409 1061 2444 cata
1087 2407 1211 2455 pultis
1241 2406 1276 2443 V

262 2461 291 2503 9
318 2466 421 2505 deest
443 2469 484 2505 in
510 2468 548 2504 R
637 2468 659 2504 6
688 2466 750 2503 die
770 2466 989 2504 Markland
1076 2467 1098 2503 8
1128 2467 1176 2503 In
1202 2467 1301 2504 aeri).
1323 2467 1423 2503 ictus
1445 2466 1538 2503 solis
1564 2467 1708 2504 desinit

172 2525 210 2563 P
236 2524 365 2563 hictus
394 2526 430 2563 V
549 2528 570 2564 9
601 2525 778 2564 conibere
808 2525 843 2562 V

257 2579 331 2634 10,
362 2588 411 2622 11
448 2587 589 2623 buuero
622 2581 677 2623 L²
714 2584 853 2622 tubero
885 2584 1003 2622 XIIII
1036 2597 1127 2634 pars
1154 2586 1193 2622 F
1326 2587 1376 2622 12
1413 2581 1557 2636 omnis]
1592 2585 1704 2623 bonis

171 2643 386 2752 Bluellfer,
417 2705 468 2742 13
503 2706 550 2741 ut
583 2705 639 2741 ait:
667 2703 709 2748 Q.
731 2703 883 2741 Tubero
912 2703 1185 2752 Reifferscheid
1225 2705 1263 2740 et
1296 2703 1352 2740 ait
1385 2716 1477 2741 uero
1505 2703 1553 2741 ab
1580 2705 1704 2742 Blem-

145 2738 290 2799 Χφηίαη.
320 2762 437 2800 Vatia
471 2764 510 2799 et
542 2775 564 2799 a
596 2775 717 2812 puero
745 2763 793 2800 ab
825 2764 886 2801 uel
917 2763 1093 2801 similiter
1120 2763 1189 2800 ala·
1220 2762 1307 2800 libri
1342 2764 1383 2799 ut
1418 2763 1474 2800 ait,
1500 2763 1627 2801 Varro
1656 2765 1703 2800 ab

171 2821 332 2869 Bentley
364 2824 402 2858 et
429 2834 451 2858 a
477 2834 598 2870 puero
625 2825 694 2859 aut
719 2823 912 2860 Iernstedt
