2002 3342
308 226 456 255 comm,
644 214 704 247 DE
734 213 1038 247 SCRIPTORVM
1066 213 1186 248 VITIS
1215 215 1273 248 ET
1302 215 1506 250 scalpris

307 322 509 375 σπουδὴν
533 323 843 376 προελθούσης
876 324 1093 375 pollicitum
1127 337 1212 363 esse
1240 327 1493 364 meminerint
1527 326 1671 365 bellum
1699 326 1833 366 Marsi-

308 402 395 427 cum
430 401 498 427 seu
527 390 673 427 Graece
701 401 769 427 seu
798 389 950 439 Latine,
984 402 1052 428 seu
1083 390 1265 428 uersibus
1293 403 1362 429 seu
1390 392 1565 429 oratione
1591 391 1765 442 pedestri
1792 404 1833 430 se

307 455 577 504 expositurum
599 466 685 492 esse
707 451 774 503 (cf.
796 467 912 505 supra
935 468 970 506 p.
987 463 1188 494 CCLXXXI
1205 451 1294 509 sq),
1317 461 1398 493 tum
1420 468 1485 494 eos
1508 457 1652 494 amicos
1676 456 1721 494 de
1743 469 1833 495 con-

306 518 394 556 silio
422 531 465 556 eo
493 519 744 570 exsequendo
772 519 983 558 collocutos
1011 532 1097 558 esse
1124 521 1376 571 perspicient,
1403 522 1611 571 scripsisse
1640 526 1768 559 autem
1795 521 1835 559 id

306 583 451 621 bellum
479 583 604 622 solum
632 583 850 623 Lucullum.

396 648 578 687 Breuiter
605 650 724 700 igitur
752 662 813 688 res
838 649 1032 688 Romanas
1059 662 1078 687 a
1100 649 1214 687 Troia
1244 662 1382 688 euersa
1407 650 1572 688 Sisenna
1600 650 1691 688 libri
1718 651 1835 701 primi

305 714 547 764 praefatione
569 713 778 752 deduxisse
800 714 969 764 uidetur,
997 714 1035 752 id
1062 714 1165 765 quod
1188 715 1394 753 Sallustius
1415 716 1455 753 in
1477 717 1624 754 coniur.
1647 714 1836 754 Catilinae

306 791 338 816 c.
361 776 504 816 6-12
538 780 713 818 imitatus
741 785 800 817 est
827 779 944 827 (Roth
966 779 1063 818 Hist.
1084 785 1161 818 uet.
1186 780 1252 818 rel.
1274 793 1309 831 p.
1326 777 1411 818 369
1425 776 1518 833 sq),
1551 782 1699 831 unique
1728 781 1838 831 operi

305 843 398 882 belli
430 844 560 882 ciuilis
594 844 720 883 locum
755 857 868 883 suum
902 845 1006 883 inter
1037 844 1247 883 historicos
1282 844 1426 883 debuit.
1466 846 1596 896 itaque
1630 847 1706 883 iam
1737 845 1836 883 libro

304 909 431 959 primo
466 908 512 947 ad
545 908 636 947 belli
664 909 819 947 Marsici
853 910 963 948 initia
994 909 1196 948 tractanda
1231 905 1444 963 accessit.¹)
1484 909 1584 948 libro
1611 909 1733 948 altero
1758 911 1837 948 iam

305 974 422 1012 Marsi
449 980 625 1024 pugnant
646 987 734 1013 cum
763 974 942 1013 hostibus
964 969 1031 1028 (fr.
1055 971 1112 1028 7),
1139 976 1267 1025 tertio,
1294 981 1337 1014 ut
1358 976 1507 1014 incerta
1528 980 1567 1013 et
1587 974 1704 1013 dubia
1725 976 1836 1013 omit-

305 1044 401 1089 tam,
430 1037 651 1077 ‘Aesernini
688 1039 833 1091 duplici
868 1041 970 1078 fossa
1002 1039 1183 1091 ualloque
1217 1039 1450 1078 circumdati
1483 1040 1680 1079 frumento
1707 1039 1837 1090 adeso,

305 1104 408 1155 quod
442 1116 485 1142 ex
522 1105 623 1142 areis
656 1105 696 1142 in
724 1105 910 1156 oppidum
945 1110 1142 1156 portatum
1170 1103 1266 1144 erat'
1296 1118 1336 1144 se
1364 1105 1544 1144 hostibus
1571 1104 1741 1156 tradunt3
1781 1106 1838 1143 sic

305 1171 409 1207 enim
438 1171 522 1207 siue
551 1169 668 1207 dubio
690 1182 787 1221 quae
810 1170 963 1221 desunt,
991 1170 1206 1221 supplenda
1229 1175 1320 1209 sunt
1341 1168 1406 1222 (fr.
1425 1168 1510 1223 16).
1550 1170 1641 1209 hinc
1662 1182 1726 1208 res
1747 1171 1838 1208 anni

305 1232 372 1272 90.
395 1232 480 1273 664
508 1235 530 1272 i.
554 1247 585 1272 e.
612 1236 750 1285 primi,
783 1248 859 1286 quo
886 1235 1032 1274 bellum
1060 1235 1271 1274 Marsicum
1299 1237 1418 1274 armis
1446 1241 1599 1286 gestum
1626 1240 1701 1286 est,
1733 1247 1837 1274 com-

304 1299 520 1350 prehensas
554 1312 641 1338 esse
674 1299 786 1338 libris
820 1300 851 1338 11
880 1307 917 1338 et
943 1300 993 1338 111
1027 1299 1169 1338 euadit.
1207 1305 1344 1351 quarto
1379 1300 1424 1338 ab
1459 1313 1503 1339 eo
1537 1313 1636 1339 anno
1671 1306 1837 1339 exeunte

304 1376 540 1416 progressus
562 1364 609 1403 ad
630 1377 775 1404 annum
798 1365 890 1404 belli
912 1365 1129 1404 secundum
1151 1363 1219 1404 89.
1235 1362 1320 1404 665
1336 1361 1404 1418 (cf.
1423 1366 1468 1403 sr.
1484 1363 1552 1404 51.
1575 1363 1641 1404 52.
1663 1362 1738 1418 53)
1761 1377 1838 1404 non

304 1430 429 1468 solum
463 1441 527 1468 res
560 1429 721 1469 bellicas
755 1430 822 1468 sed
857 1432 973 1470 etiam
1002 1430 1236 1469 domesticas
1271 1443 1414 1481 easque
1442 1432 1598 1481 copiose
1625 1430 1838 1481 multisque

305 1508 393 1534 cum
421 1495 664 1534 orationibus
686 1492 752 1548 (fr.
778 1492 1030 1549 los—122)
1053 1497 1247 1535 tractauit.
1287 1502 1419 1535 utrum
1447 1497 1483 1534 ei
1511 1508 1611 1534 anno
1638 1496 1711 1534 hoc
1737 1495 1837 1534 libro

305 1573 351 1598 an
386 1562 521 1611 quinto
555 1562 670 1599 finem
706 1563 956 1612 imposuerit,
988 1574 1064 1600 non
1092 1561 1233 1612 liquet,
1261 1574 1349 1600 cum
1378 1574 1423 1600 ex
1451 1561 1550 1599 libro
1578 1562 1714 1612 quinto
1741 1560 1839 1599 nihil

305 1627 490 1676 supersit.
530 1631 639 1664 sexto
667 1625 907 1677 sequebatur
927 1627 1039 1665 Marii
1066 1627 1154 1678 suga
1182 1623 1248 1680 (fr.
1274 1623 1375 1680 125)
1405 1632 1443 1665 et
1470 1626 1615 1665 bellum
1639 1625 1838 1665 Mithrida-

304 1691 437 1741 ticum,
466 1690 569 1741 quod
591 1690 757 1729 Sisenna
784 1692 834 1729 ita
857 1698 1122 1742 enarrauerat,
1149 1697 1192 1730 ut
1213 1704 1275 1731 res
1297 1693 1337 1730 in
1358 1692 1445 1730 Asia
1468 1697 1506 1730 et
1527 1690 1689 1730 Graecia
1710 1695 1838 1742 gestas

305 1758 551 1794 continentes
584 1756 804 1807 mandaret,
833 1755 897 1794 ‘ne
929 1757 1142 1796 uellicatim
1177 1769 1220 1795 ac
1253 1757 1450 1796 saltuatim
1485 1756 1693 1795 scribendo
1721 1756 1838 1795 lecto-

305 1833 392 1859 rum
420 1823 570 1859 animos
604 1819 827 1872 impediret'
858 1818 922 1873 (fr.
948 1820 1062 1875 127).
1102 1824 1169 1873 qui
1202 1821 1303 1860 liber
1329 1821 1521 1872 proelium
1549 1821 1596 1859 ad
1622 1821 1838 1859 Ianiculum

305 1898 336 1923 a.
360 1884 426 1924 87.
449 1883 532 1924 667
562 1888 814 1925 commissum
849 1888 1106 1938 continuerit,
1139 1887 1315 1937 Tacitus,
1349 1888 1416 1938 qui
1449 1899 1495 1925 ex
1523 1898 1567 1924 eo
1601 1898 1685 1924 rem
1718 1898 1840 1937 quan-

306 1950 392 1989 dam
428 1953 571 2002 tetigit,
606 1964 683 1990 non
716 1951 845 1990 adicit.
886 1954 1045 1991 omnino
1078 1953 1295 2004 fragmenta
1323 1964 1367 1990 ex
1399 1952 1469 1990 hac
1504 1951 1703 1990 annalium
1729 1956 1840 2002 parte

304 2028 465 2067 perrara
499 2022 607 2067 sunt,
644 2023 767 2056 restat
799 2030 941 2069 unum,
977 2017 1023 2056 de
1056 2030 1132 2069 quo
1167 2022 1317 2056 certum
1351 2016 1540 2056 iudicium
1574 2017 1669 2055 ferri
1704 2017 1839 2067 possit,

306 2081 351 2119 fr.
378 2079 459 2120 132
488 2094 534 2120 ex
561 2082 662 2120 libro
691 2079 876 2137 XX1112),
910 2096 985 2133 quo
1014 2095 1211 2121 summum
1239 2083 1415 2121 omnium
1443 2082 1658 2120 dictaturae
1688 2081 1839 2120 deside-

306 2148 408 2184 rium
437 2146 688 2186 describitur.
726 2149 927 2199 pertinere
954 2149 1074 2198 igitur
1099 2147 1258 2186 uidetur
1279 2147 1325 2186 ad
1347 2160 1377 2186 a.
1394 2145 1461 2186 82.
1478 2145 1575 2185 672.
1608 2159 1702 2185 1111111
1724 2147 1841 2185 etiam

304 2211 404 2249 ultra
440 2211 479 2249 id
511 2217 666 2263 tempus
702 2213 867 2252 Sisenna
904 2225 1137 2264 progressus
1172 2215 1239 2264 sit,
1272 2213 1508 2251 testimoniis
1543 2224 1734 2250 caremus
1772 2224 1840 2250 ue-

306 2289 392 2315 rum
421 2283 550 2316 tamen
578 2278 633 2315 nil
661 2278 798 2329 obstat,
827 2279 1038 2329 quominus
1067 2291 1156 2317 eum
1184 2291 1309 2329 usque
1337 2277 1384 2316 ad
1412 2277 1696 2316 abdicationem
1722 2276 1841 2315 dicta-

305 2348 416 2380 turae
451 2342 513 2381 uel
548 2348 714 2382 mortem
743 2343 890 2393 Sullae,
925 2345 1037 2382 cuius
1071 2356 1134 2382 res
1169 2356 1257 2382 eum
1292 2344 1437 2394 optime
1468 2348 1506 2380 et
1539 2341 1839 2392 diligentissime

306 2408 515 2457 scripsisse
544 2408 753 2447 Sallustius
781 2404 880 2462 (lug.
903 2405 971 2460 95,
987 2406 1032 2463 2)
1063 2408 1168 2460 dicit,
1196 2409 1428 2460 peruenisse
1457 2407 1706 2457 arbitremur,
1733 2408 1839 2445 inco-

305 2472 469 2510 hauerat
505 2479 610 2511 certe
648 2473 883 2512 dictaturam
917 2475 1002 2513 eius
1036 2469 1230 2527 (s1·.132)
1265 2473 1464 2524 ediditque
1492 2472 1635 2511 Velleio
1670 2469 1716 2515 (l.
1739 2485 1768 2510 5.
1790 2468 1839 2524 5.)

306 2542 405 2575 teste
439 2550 516 2575 non
550 2551 638 2577 cum
673 2540 828 2577 iuuenis
862 2546 966 2578 esset
999 2539 1067 2577 sed
1095 2537 1273 2589 ‘se11i0r',
1307 2538 1345 2576 id
1379 2537 1481 2589 quod
1511 2537 1641 2576 dicere
1669 2549 1746 2575 non
1773 2550 1839 2588 po-

306 2602 392 2651 tuit,
420 2603 496 2640 nisi
524 2608 634 2641 antea
663 2603 727 2642 ille
756 2603 1012 2654 quadraginta
1041 2616 1107 2642 sex
1136 2616 1259 2642 annos
1286 2605 1389 2642 uitae
1418 2603 1661 2653 impleuerat.

404 2766 436 2806 1)
464 2764 548 2797 Vid.
564 2765 676 2799 etiam
693 2765 731 2799 Ε.
748 2765 785 2798 Μ
789 2765 895 2799 arcks
913 2765 998 2809 (Die
1020 2765 1310 2809 Ueberliefermtgy
1327 2765 1387 2798 des
1402 2763 1842 2808 Bundesyenossenkrieys

308 2818 462 2859 ,ΟΖ-88)
489 2828 523 2860 p.
541 2821 582 2851 67
596 2829 649 2860 sq.

403 2871 436 2913 Β)
465 2870 517 2903 De
544 2882 696 2905 numero
723 2871 800 2905 sine
829 2881 939 2905 causa
967 2871 1157 2905 dubitauit
1184 2870 1291 2904 Riese
1318 2883 1352 2914 p.
1371 2873 1425 2904 63.
