2002 3342
294 200 446 230 (jccxfl
629 187 692 221 DE
720 187 1026 223 SCRIPTORVM
1052 188 1176 223 VITIS
1201 189 1262 224 ΕΤ
1289 189 1496 225 SCRIPTis

295 312 326 342 3.
350 302 447 343 386.
471 302 555 342 368
590 304 629 342 Ρ.
659 303 724 342 1101
751 303 791 343 L.
812 304 1026 352 Valerium,
1060 302 1172 339 cuius
1204 302 1393 339 memoria
1428 302 1630 341 annalibus
1658 302 1760 342 Liuii
1787 311 1826 343 et

295 369 451 407 Diodori
487 370 729 419 continetur,
764 368 958 418 adiunxit,
983 367 1063 406 uid.
1085 365 1269 404 Muenzer
1287 379 1322 416 p.
1339 363 1394 405 36
1407 364 1495 420 sq),
1522 367 1677 406 Aemilii
1703 369 1824 420 Pauli,

294 434 357 473 uel
385 433 633 472 tribunorum
660 433 848 485 militum,
882 435 997 472 etiam
1025 433 1142 470 unius
1170 432 1253 469 sine
1281 432 1528 483 magistratu,
1563 445 1607 471 ex
1634 436 1823 472 memoria

295 512 326 538 a.
350 496 447 538 325.
468 496 840 549 ΗΕΒ-181573,
881 510 1014 549 quam,
1052 502 1095 534 ut
1127 496 1183 534 illi
1218 495 1345 534 locum
1380 509 1495 536 suum
1528 499 1614 537 iure
1647 498 1824 538 obtinere

293 564 545 614 uiderentur,
579 563 697 602 rebus
733 577 831 615 quae
864 563 1029 602 traditae
1064 567 1174 600 erant
1199 561 1263 600 uel
1291 561 1516 612 diligentius
1543 565 1734 602 enarratis
1760 564 1825 603 uel

296 630 422 667 auctis
448 628 511 667 uel
539 630 700 667 mutatis
725 629 789 667 uel
818 630 932 667 etiam
961 628 1063 666 fictis
1090 627 1275 665 infectam
1303 632 1342 665 et
1361 633 1585 679 corruptam
1608 641 1694 667 esse
1721 628 1825 668 idem

300 694 411 732 docte
446 695 636 745 exposuit.
675 694 772 732 haec
805 699 935 732 tamen
968 693 1125 730 nomina
1159 692 1192 729 si
1218 692 1305 742 quis
1333 704 1424 730 casu
1452 705 1471 730 a
1498 692 1580 731 solo
1606 692 1718 733 Liuio
1745 706 1825 733 ser-

294 764 383 797 uata
413 771 501 798 esse
530 760 841 809 existumauerit,
868 759 1064 797 orationes
1086 755 1272 807 quasdam
1300 757 1459 796 afferam
1486 770 1506 795 a
1527 757 1690 797 Valeriis
1716 758 1825 797 hahi—

295 830 355 863 tas
382 829 420 862 et
447 823 493 862 ab
520 823 586 862 illo
615 829 653 862 et
679 836 699 862 a
719 823 904 874 Dionysio
932 835 976 861 eo
1005 821 1168 860 consilio
1194 822 1375 872 insertas,
1402 828 1446 861 ut
1466 822 1717 863 Claudiorum
1744 824 1825 863 lau-

294 889 381 928 dem
415 890 604 928 minuant.
644 901 733 927 nam
767 888 869 939 apud
901 887 1010 926 illum
1039 900 1070 925 a.
1091 884 1189 925 460.
1211 883 1297 925 294
1324 887 1362 926 P.
1384 887 1562 927 Valerius
1595 889 1731 928 consul
1756 902 1824 940 po-

292 954 384 1006 pulo
418 955 594 993 oratione
627 953 857 1005 persuadet,
889 958 933 992 ut
966 958 1100 991 contra
1126 951 1369 991 Herdonium
1397 965 1502 992 arma
1530 954 1645 1004 ferat,
1678 954 1824 1005 collega

293 1021 416 1071 Appio
445 1018 605 1058 Claudio
633 1020 672 1057 in
701 1024 839 1057 senatu
867 1023 1106 1067 remanente,
1134 1022 1215 1056 tum
1242 1018 1420 1057 hostibus
1445 1019 1590 1069 Aequis
1618 1025 1656 1058 et
1676 1019 1825 1059 Volscis

294 1083 699 1136 appropinquantibus
727 1083 862 1122 eodem
891 1083 1036 1134 collega
1059 1082 1105 1120 ad
1132 1088 1332 1133 portarum
1358 1084 1553 1134 praesidia
1582 1084 1718 1123 relicto
1739 1086 1824 1136 ipse

295 1149 413 1189 ‘inter
427 1151 622 1201 primores
638 1161 809 1200 pugnam
825 1150 932 1187 ciens
947 1146 1200 1187 interficitur’
1217 1144 1275 1201 (3,
1294 1146 1344 1186 17
1359 1145 1448 1203 sq),
1469 1149 1678 1200 Dionysius
1693 1155 1823 1188 autem

293 1217 421 1254 sexies
431 1215 604 1253 Valerios
621 1210 1034 1267 (δημοτικωτάτους,
1050 1212 1337 1265 φιλοδήμους,
1353 1211 1672 1268 ὅημοκόλακας)
1689 1220 1823 1253 contra

292 1281 387 1331 App.
405 1279 610 1319 Claudium
632 1279 875 1318 orationibus
891 1279 1124 1318 inuehentes
1144 1278 1307 1329 inducit,
1320 1280 1462 1329 partim
1483 1292 1559 1318 non
1582 1281 1666 1318 sine
1681 1282 1824 1319 errori-

292 1345 365 1384 bus
378 1357 443 1384 eas
454 1344 633 1384 breuiter
644 1357 968 1395 commemorans,
980 1345 1122 1395 partim
1135 1341 1384 1397 explicans.1)
1411 1344 1480 1382 has
1495 1346 1615 1395 igitur
1626 1346 1825 1384 orationes

293 1411 428 1449 Liuius
462 1416 499 1449 et
530 1410 740 1461 Dionysius
766 1410 933 1448 Antiatis
965 1410 1131 1460 uestigia
1163 1408 1226 1447 uel
1260 1409 1436 1460 exempla
1463 1411 1589 1448 secuti
1615 1411 1824 1450 finxerunt.

291 1476 457 1514 Maxime
484 1481 615 1514 tamen
635 1474 855 1526 Poplicolae
880 1474 964 1513 laus
985 1474 1086 1513 ultra
1107 1474 1266 1512 modum
1289 1481 1326 1513 et
1345 1476 1553 1513 ueritatem
1575 1488 1594 1514 a
1615 1475 1824 1514 Plutarcho

293 1547 404 1580 aucta
426 1546 495 1579 est.
535 1553 624 1579 nam
652 1540 792 1591 legatio
814 1552 834 1578 a
855 1540 1092 1591 Tarquiniis,
1118 1545 1162 1578 ut.
1182 1539 1335 1590 plebem
1358 1546 1635 1591 commoneret,
1661 1540 1822 1580 Romam

292 1608 423 1657 missa,
451 1607 562 1644 cuius
590 1617 704 1644 nemo
727 1606 898 1656 scriptor
923 1610 1080 1656 praeter
1099 1604 1209 1643 illum
1228 1606 1469 1643 mentionem
1492 1606 1594 1657 fecit,
1622 1618 1710 1645 cum
1732 1619 1824 1645 con-

293 1671 398 1710 sules
430 1683 507 1709 non
541 1669 815 1722 prohiberent,
849 1669 929 1709 sola
962 1669 1180 1721 Poplicolae
1212 1669 1421 1721 prudentia
1455 1675 1493 1709 et
1525 1673 1741 1710 constantia
1775 1671 1822 1710 ad

291 1738 448 1775 irritum
487 1736 643 1774 redacta
677 1741 736 1774 est
764 1731 815 1788 (e.
837 1731 895 1789 2).
937 1735 1076 1774 deinde
1109 1736 1253 1774 iterum
1287 1735 1423 1786 legatis
1456 1737 1588 1774 missis
1622 1736 1823 1775 Vindicius

293 1814 433 1840 seruus
467 1813 556 1839 cum
588 1802 777 1839 iuuenum
811 1802 1104 1839 coniuratorum
1133 1812 1335 1839 sermones
1363 1802 1598 1852 excepisset,
1633 1813 1714 1840 rem
1745 1814 1823 1840 non

293 1867 340 1906 ad
368 1866 550 1906 consules
578 1866 646 1905 sed
674 1865 720 1904 ad
741 1865 938 1904 Valerium
968 1865 1118 1916 detulit,
1146 1866 1213 1921 qui
1234 1865 1421 1904 aduocato
1442 1865 1570 1904 Marco
1592 1866 1710 1905 fratre
1732 1879 1821 1905 con—

291 1934 526 1971 iurationem
560 1932 747 1982 patefecit
773 1927 825 1984 (c.
845 1929 884 1969 4.
906 1927 1003 1985 5).2)
1045 1930 1258 1970 iuuenibus
1285 1936 1414 1969 autem
1441 1931 1603 1970 sceleris
1630 1933 1825 1971 conuictis

292 1998 438 2037 Brutus
474 1996 611 2036 consul
649 1996 694 2035 de
731 1996 821 2035 filiis
855 1996 1093 2047 supplicium
1127 1997 1311 2047 sumpsit,
1346 2001 1430 2035 tum
1461 2009 1557 2035 uero
1590 1996 1824 2036 Plutarchus

294 2076 400 2114 eum,
434 2069 477 2101 ut
511 2062 648 2101 domus
682 2074 775 2101 suae
802 2061 1019 2100 calamitate
1046 2061 1231 2112 fractum,
1261 2061 1469 2100 admodum
1497 2063 1637 2100 inscite
1666 2061 1712 2100 de
1740 2063 1822 2101 foro

294 2129 473 2178 remouit,
499 2133 542 2166 ut
562 2126 781 2178 Poplicolae
809 2132 940 2178 partes
967 2125 1155 2177 quasdam
1182 2128 1389 2165 insereret.
1428 2139 1551 2178 paene
1579 2128 1683 2165 enim
1710 2128 1750 2165 in
1778 2139 1824 2165 eo

294 2194 427 2244 fuisse,
452 2198 496 2232 ut
517 2191 730 2231 Collatinus
751 2191 953 2243 Aquillios,
980 2193 1073 2230 item
1095 2193 1377 2230 coniurationis
1398 2193 1537 2242 socios,
1562 2193 1708 2230 sororis
1729 2204 1823 2231 suae

294 2259 411 2309 tilios,
445 2270 491 2297 ex
523 2269 648 2308 poena
678 2259 889 2308 eximeret,
920 2258 961 2295 ni
987 2256 1183 2308 Poplicola
1211 2258 1423 2296 restitisset
1449 2262 1487 2296 et
1513 2269 1595 2295 rem
1622 2270 1747 2308 usque
1774 2257 1822 2296 ad

294 2323 506 2362 aduentum
534 2323 658 2374 Bruti,
686 2324 753 2374 qui
781 2324 966 2361 continuo
995 2324 1226 2373 arcessitur,
1255 2321 1471 2361 distulisset
1499 2318 1550 2375 (c.
1574 2318 1666 2375 7).3)
1706 2324 1823 2361 etiam

391 2469 423 2512 1)
451 2470 606 2510 5‚64sq.
637 2470 744 2510 c‚233
767 2469 828 2509 583
850 2469 906 2500 88.
936 2469 1131 2508 7,54—56.
1160 2469 1262 2507 9,49‚

389 2521 423 2564 2)
449 2519 650 2564 Dionysius
671 2524 703 2562 5,
720 2523 751 2563 7,
778 2519 842 2563 qui
862 2518 1013 2554 Valerio
1045 2518 1135 2554 item
1162 2530 1241 2553 0880
1269 2530 1357 2553 118118
1382 2518 1547 2561 uidetur,
1574 2518 1665 2553 haec
1692 2519 1823 2554 eodem

293 2573 403 2608 modo
430 2574 568 2615 narrat,
596 2573 641 2607 de
667 2573 781 2607 fratre
808 2574 934 2607 tamen
960 2573 1071 2607 tacet.
1111 2572 1210 2616 apud
1239 2571 1385 2606 Liuium
1407 2574 1452 2616 (2,
1473 2573 1507 2616 4)
1533 2582 1591 2606 res
1618 2573 1664 2606 ad
1692 2584 1821 2607 consu-

293 2627 346 2661 les
372 2626 499 2660 delata
524 2627 591 2661 est.

390 2681 423 2723 3)
450 2678 504 2713 De
529 2679 600 2713 hac
626 2679 768 2714 Valerii
801 2690 913 2723 opera
944 2678 1039 2713 nibil
1070 2678 1186 2713 habet
1216 2678 1428 2724 Dionysius.
1467 2678 1567 2723 apud
1598 2678 1696 2713 hunc
1723 2679 1822 2713 enim

294 2733 429 2767 Brutus
462 2731 687 2772 ἀποκτείνας
717 2733 802 2772 τοὺς
835 2731 939 2772 υἱοὺς
970 2732 1110 2772 εὐθὺς
1135 2731 1256 2767 ἐκάλει
1282 2732 1368 2772 τοὺς
1394 2733 1620 2775 ἀδελφιδοῦς
1644 2737 1710 2766 τοῦ
1738 2743 1822 2766 συν-

295 2785 472 2832 άρχοντος
496 2784 699 2826 Ἀκυλλίους
721 2790 753 2829 5,
769 2789 801 2828 9,
819 2790 847 2820 1.
888 2785 1017 2820 Liuius
1045 2785 1292 2829 antiquiorem
1320 2796 1426 2819 81111111
1453 2786 1641 2819 auctorem
1674 2787 1823 2820 secutus

295 2838 516 2884 simpliciter
541 2838 633 2872 haec
661 2841 799 2873 narrat.
