2002 3342
605 178 643 212 L.
666 177 863 212 ConLIVS
892 177 1169 211 ANTIPATER
1429 191 1649 220 ccxxxvn

117 288 248 329 tiorlzo
270 293 359 339 reyi
374 293 411 328 in
436 291 588 328 bellicis
612 290 758 337 use‘bus,
780 286 956 327 celebres
971 291 1091 327 eliam
1112 291 1340 328 nominibus
1362 289 1501 338 fuisse.
1529 292 1649 327 eliam

116 368 268 394 nouere
289 367 336 394 ea
359 350 527 407 (Krause
550 367 584 404 p.
601 351 719 405 200).
754 353 822 391 sed
844 353 907 391 liic
926 354 1140 404 Antipater,
1163 354 1267 404 quod
1290 355 1365 392 iam
1387 354 1546 392 Vossius
1569 366 1649 391 mo-

117 422 196 459 nuit
228 420 279 458 Ilo
302 420 390 458 hist.
406 432 533 469 graec.
550 419 599 457 ΙΙΙ
620 432 655 469 p.
672 416 988 468 391Westerm„
1015 431 1092 456 non
1120 420 1191 456 suit
1213 418 1369 457 Coelius
1390 418 1458 457 sed
1481 419 1650 469 scriptor

115 486 272 536 quidam
289 484 472 534 Graecus,
488 484 550 522 uel
566 486 598 522 is
621 485 686 534 qui
709 483 852 521 librum
874 484 1107 534 conscripsit
1124 481 1222 535 περὶ
1239 481 1359 532 ζώων
1374 479 1513 536 (schol.
1526 484 1648 535 Apoll.

115 548 170 587 89
199 564 232 601 p.
255 546 441 602 39211),
474 549 538 588 uel
566 555 754 599 cognatus
782 554 820 586 et
848 548 924 587 dux
953 550 1057 599 regis
1084 549 1266 586 Antiochi
1294 548 1421 599 Magni
1452 548 1649 598 (Wilcken

114 616 162 654 R.
180 617 223 654 E.
246 616 259 653 Ι
282 628 311 653 c.
328 612 474 667 2512).
508 626 651 652 nomen
674 615 758 652 eius
775 615 813 651 in
830 615 1003 652 externis
1019 615 1104 652 eius
1125 613 1215 651 libri
1240 614 1467 652 auctoribus
1489 627 1507 652 a
1525 614 1648 653 Plinio

114 680 271 719 allatum
293 687 363 731 est,
384 679 501 731 idque
523 684 685 730 propter
705 679 808 717 huuc
830 678 977 729 locum3
1006 680 1057 716 ita
1080 680 1185 717 enim
1207 678 1448 729 respondent
1469 685 1648 718 auctores

113 745 255 784 indicis
278 746 372 796 ipsis
394 744 699 783 laudationibus:
720 744 941 782 Herodotus
963 756 1113 794 paragr.
1131 741 1167 781 7.
1194 744 1399 795 Antipater
1414 758 1564 795 paragr.
1584 743 1648 784 11.

113 810 341 849 Aristoteles
369 822 520 861 paragr.
543 807 611 848 28.
656 809 878 848 Demetrius
906 809 1091 859 physicus
1118 821 1270 859 paragr.
1292 806 1360 848 50.
1400 809 1648 849 Democritus

112 889 264 927 paragr.
282 874 348 914 61.
389 875 510 914 Coelii
538 887 681 913 nomen
709 876 748 912 in
776 875 892 912 liuius
920 873 1011 911 libri
1038 873 1167 912 indice
1195 886 1272 912 non
1300 880 1437 913 exstat.

205 939 239 980 ἶ.
267 941 309 979 111
331 940 534 979 Strabonis
561 940 645 978 loco
668 939 835 991 quodam
857 935 915 992 (5,
937 936 975 990 3,
991 937 1017 977 3
1039 952 1073 990 p.
1089 935 1209 993 230),
1236 953 1312 990 quo
1340 940 1386 978 de
1406 940 1551 979 Romae
1573 942 1649 979 ori-

113 1008 201 1057 gine
229 1007 372 1056 agitur,
407 1006 568 1044 Cramer
600 1011 639 1044 et
665 1004 842 1044 Meineke
878 1004 924 1043 de
955 1006 1182 1043 coniectura
1207 1027 1264 1031 -—-
1292 1005 1382 1043 libri
1410 1007 1514 1044 enim
1542 1007 1648 1044 exhi-

111 1072 203 1110 bent
237 1069 258 1110 o
290 1069 491 1117 κεκύλιος
522 1070 585 1109 1181
620 1068 642 1109 ὅ
675 1083 723 1121 γε
755 1068 906 1116 κύλιος
934 1092 988 1096 —
1018 1069 1141 1107 Coelii
1173 1082 1317 1109 nomen
1352 1070 1648 1109 substituerant.

112 1136 180 1175 sed
207 1136 444 1187 Schwegleri
479 1138 764 1185 coniecturam,
799 1148 873 1186 qua
907 1132 930 1173 ὅ
957 1132 1005 1186 γ’
1032 1131 1225 1182 Ἀκύλιος
1252 1135 1493 1186 emendauit,
1527 1135 1649 1174 multo

110 1201 409 1253 praeferendam
437 1214 522 1240 esse
551 1201 756 1240 docuimus
784 1213 901 1251 supra
928 1213 963 1251 p.
987 1209 1113 1239 CXXII
1126 1212 1182 1251 sq.
1223 1201 1354 1251 itaque
1377 1200 1478 1251 apud
1500 1213 1570 1239 nos
1592 1207 1650 1240 est

112 1268 156 1305 fr.
180 1267 218 1305 C.
241 1266 353 1305 Acilii
380 1268 563 1318 primum.

200 1332 375 1383 Denique
414 1345 462 1370 ne
502 1331 596 1383 quid
637 1331 901 1381 desideretur,
942 1343 1018 1369 non
1057 1332 1254 1381 persuasit
1290 1331 1388 1369 mihi
1425 1331 1649 1383 Nipperdey

113 1393 280 1450 (Opusc.
303 1410 337 1448 p.
354 1393 460 1448 401)
489 1396 590 1448 apud
617 1397 777 1435 Festum
805 1409 833 1435 s.
855 1409 892 1435 u.
914 1396 1135 1434 Mamertini
1156 1408 1191 1447 p.
1212 1393 1306 1447 158,
1336 1396 1415 1447 ubi,
1443 1403 1649 1448 postquam

111 1462 302 1514 pluribus,
329 1462 433 1501 unde
461 1462 684 1501 Mamertini
711 1474 854 1500 nomen
881 1462 1140 1512 inuenissent,
1167 1463 1359 1512 exposuit,
1385 1462 1481 1501 haec
1508 1463 1651 1502 adiecit

117 1530 238 1567 Cuius
263 1529 460 1566 historiae
487 1534 632 1566 auctor
656 1534 713 1566 est
733 1529 861 1575 Alfius
887 1529 990 1566 libro
1009 1530 1146 1576 primo
1168 1529 1260 1566 belli
1286 1528 1647 1576 Carthaginiensis,

110 1607 179 1645 pro
207 1596 310 1641 Alfio
344 1593 614 1644 reponendum
648 1605 734 1631 esse
774 1594 960 1631 Coelium.
1000 1592 1104 1631 nulla
1139 1594 1244 1630 enim
1275 1598 1335 1631 est
1362 1605 1477 1631 causa
1504 1606 1575 1632 cur
1603 1594 1648 1633 de

108 1659 196 1697 Altii
219 1659 388 1709 nomine,
413 1671 459 1697 ex
481 1671 555 1709 qua
579 1657 723 1696 familia
745 1659 862 1696 etiam
884 1658 949 1696 alii
971 1659 1209 1709 scriptorum
1231 1657 1345 1696 laude
1366 1658 1650 1711 inclaruerunt,

111 1723 346 1762 dubitemus
387 1723 538 1762 accedit
571 1723 674 1774 quod
707 1735 755 1762 ne
788 1724 875 1761 ueri
908 1722 1036 1761 simile
1071 1722 1229 1774 quidem
1258 1728 1334 1773 est,
1369 1723 1544 1762 Coelium
1572 1730 1649 1763 tam

113 1790 268 1839 copiose
302 1790 341 1827 in
374 1788 467 1827 belli
500 1788 660 1827 alterius
687 1788 825 1827 Punici
859 1788 1020 1826 historia
1056 1787 1101 1826 de
1135 1787 1457 1827 Mamertinorum
1490 1791 1648 1829 nomine

109 1855 249 1905 egisse.
282 1855 413 1905 itaque
428 1853 549 1892 Alfius
568 1854 670 1892 infra
691 1853 819 1892 locum
835 1865 949 1892 suum
965 1853 1146 1892 obtinuit.
1173 1853 1301 1892 Etiam
1317 1853 1419 1905 apud
1433 1854 1649 1894 Arnobium

109 1917 147 1969 3,
161 1917 236 1970 40,
263 1920 330 1970 qui
357 1918 537 1958 Caesium
565 1919 760 1970 quendam
795 1918 842 1957 de
870 1918 929 1957 dis
958 1918 1167 1970 penatibus
1196 1918 1457 1958 disserentem
1485 1919 1649 1972 inducit,

108 1985 253 2022 iniuria
274 1984 400 2022 Caesii
422 1997 566 2023 nomen
587 1984 780 2023 Canterus
802 1986 841 2022 in
864 1983 1039 2022 Caelium
1061 1985 1239 2023 mutauit.
1279 1984 1567 2035 intellegendus
1589 1990 1649 2024 est

110 2049 272 2087 Caesius
300 2049 444 2088 Bassus
477 2055 515 2088 et
548 2055 662 2100 poeta
690 2056 729 2088 et
755 2051 1052 2100 grammaticus,
1088 2048 1134 2088 de
1162 2062 1236 2100 quo
1264 2049 1390 2088 Persii
1418 2052 1541 2088 amico
1569 2050 1648 2089 uid.

110 2113 152 2153 Ο.
179 2114 356 2153 lalmium
391 2115 428 2153 in
464 2127 602 2153 comm.
632 2114 678 2153 ad
705 2115 811 2154 Pers.
839 2128 876 2166 p.
897 2112 1162 2153 211—214.
1189 2115 1336 2166 proleg.
1370 2128 1405 2166 p.
1427 2125 1575 2153 XXVIII
1611 2121 1649 2154 et

110 2179 363 2218 Skutschium
394 2181 441 2218 R.
464 2182 509 2219 E.
530 2180 581 2218 111
609 2194 640 2219 c.
659 2178 869 2231 131251111.
907 2181 1055 2230 Agmen
1090 2179 1244 2219 claudat
1275 2180 1339 2218 hic
1373 2179 1482 2219 locus
1512 2193 1532 2218 a
1564 2181 1648 2219 Pri-

110 2246 242 2283 sciano
271 2244 449 2283 laudatus
478 2240 523 2298 (8
545 2258 581 2296 p.
597 2242 683 2284 382
698 2242 782 2298 H.):
810 2246 984 2294 Inpubes
1005 2247 1202 2294 libripens
1222 2257 1306 2284 esse
1326 2257 1404 2284 non
1422 2252 1558 2295 polest
1580 2259 1647 2285 ne-

109 2323 184 2359 que
216 2313 426 2349 antestari.
467 2323 583 2361 quem
617 2310 738 2349 altera
772 2310 920 2348 codicis
953 2309 1310 2349 Halberstadiensis
1343 2323 1483 2349 manus
1517 2310 1648 2349 Coelio

109 2376 389 2425 assignauerat,
411 2387 515 2414 nunc
536 2388 631 2414 uero
653 2375 770 2414 Hertz
792 2375 975 2414 meliores
997 2374 1130 2426 libros,
1152 2376 1218 2426 qui
1240 2380 1390 2414 tantum
1412 2388 1490 2414 non
1511 2389 1647 2415 omnes

107 2443 249 2479 melius
275 2440 483 2491 praebent,
519 2447 678 2480 secutus
711 2440 878 2479 detraxit
904 2446 941 2479 et
969 2446 1035 2478 aut
1062 2440 1109 2479 ad
1136 2440 1175 2479 C.
1197 2440 1348 2479 Aelium
1377 2440 1546 2492 Gallum,
1580 2442 1648 2492 qui

108 2505 252 2544 librum
275 2504 321 2543 de
343 2506 628 2556 significatione
643 2505 870 2557 uerborum,
892 2518 990 2556 quae
1006 2505 1053 2544 ad
1075 2507 1135 2544 ius
1151 2505 1267 2544 ciuile
1288 2507 1500 2557 pertinent,
1523 2508 1648 2558 scrip-

110 2572 176 2621 sit,
204 2576 269 2609 aut
295 2570 341 2609 ad
368 2570 415 2609 M.
443 2570 599 2609 Liuium
626 2570 816 2622 Drusum,
845 2583 1014 2622 quorum
1043 2576 1209 2621 uterque
1235 2572 1313 2609 iuri
1341 2584 1501 2622 operam
1529 2571 1648 2623 dedit,

110 2635 260 2674 rettulit
281 2631 378 2688 (uid.
401 2637 486 2674 eius
508 2636 635 2674 adnot.
658 2635 704 2674 ad
726 2636 847 2674 Prisc.
870 2635 892 2674 1.
915 2648 944 2674 s.
972 2642 1008 2674 et
1031 2637 1091 2675 De
1112 2636 1223 2675 Liuii
1238 2637 1293 2686 fr.
1316 2643 1520 2676 comment.
1536 2642 1648 2686 part.

115 2702 161 2739 ῙῙ
182 2713 217 2751 p.
237 2698 287 2738 17
302 2697 391 2754 511).

198 2765 443 2815 Fragmentis
465 2765 660 2805 Coelianis
688 2766 762 2805 duo
791 2767 1008 2817 fragmenta
1035 2766 1222 2805 subiunxi
1250 2765 1415 2818 ‘eorum,
1444 2768 1510 2818 qui
1530 2767 1647 2806 Puni-

111 2842 198 2867 cum
224 2829 369 2868 bellum
391 2830 608 2870 secundum
630 2829 908 2884 scripserunt'3
937 2831 1077 2870 horum
1099 2833 1204 2870 enim
1225 2832 1289 2871 ille
1311 2833 1514 2883 Antipater
1535 2833 1647 2883 quasi

110 2894 272 2933 chorum
301 2894 420 2934 duxit.
