2002 3342
158 1182 223 1212 19¹5

157 1242 223 1272 559

162 1598 226 1628 195

161 1657 228 1688 559

242 179 298 219 94
877 172 1136 214 RELIQVIAE

332 306 717 350 INOERTORVM
752 302 1335 412 CAngsssscngsszORVM
1368 302 1685 352 RELIQVIAE

1044 370 1077 411 T

336 455 440 497 126.
480 459 582 497 Fest.
609 470 638 496 s.
667 470 702 495 u.
730 459 932 495 nammatio
950 469 994 505 p.
1018 456 1103 494 166
1123 456 1177 494 M.
1223 453 1271 492 M.
1305 453 1397 492 Cato
1431 455 1471 492 in
1503 451 1626 505 [oriq.
1653 455 1717 492 lib.
1749 455 1782 490 Γ

243 528 427 573 scripsil:
460 525 599 562 audito
628 519 815 574 lztm]ultu
842 520 1090 559 Macedoniae
1118 519 1334 571 Etruriam,
1361 518 1573 570 Samnites,
1601 518 1778 557 Lucanos

246 592 348 628 inter
377 602 417 627 se
445 589 614 627 natinari
642 592 757 638 atque
786 586 975 624 factiones
1003 597 1088 624 esse
1111 615 1118 623 .
1141 615 1149 623 .
1171 615 1179 622 .

338 650 444 693 127.
484 654 563 692 Cic.
587 655 635 691 de
655 665 737 701 rep.
760 653 796 699 I,
814 652 880 699 17,
896 651 963 689 27.
1003 650 1125 695 Quam
1154 654 1214 688 est
1239 649 1303 687 hic
1337 649 1557 687 fortunatus
1583 648 1780 699 putandus

247 742 315 770 -—,
342 720 408 769 qui
440 741 487 745 —-
518 723 562 756 ut
587 718 814 755 Africanum
842 728 958 754 auum
986 727 1116 754 meum
1145 713 1284 753 scribit
1304 713 1396 752 Cato
1424 713 1583 752 solitum
1611 725 1697 752 6336
1727 713 1781 752 di·
1802 729 1816 753 5

247 796 358 834 cere,
390 785 513 835 possit
544 782 647 821 idem
677 781 723 821 de
751 794 792 820 se
818 780 1066 832 praedicare,
1098 792 1311 830 numquam
1340 791 1380 817 se
1407 778 1495 829 plus
1522 791 1638 829 agere
1666 791 1780 829 quam

247 849 345 888 nihil
367 861 455 887 cum
477 852 621 899 ageret,
648 859 863 897 numquam
883 847 1013 884 minus
1035 845 1160 883 solum
1183 857 1269 883 esse
1292 856 1408 895 quam
1429 856 1518 883 cum
1540 843 1645 882 solus
1666 850 1781 882 esset.

340 910 448 953 128.
482 915 634 952 Fronto
662 911 1005 961 el).61dl'er.2,l
1026 923 1068 960 p.
1092 911 1177 948 129
1191 912 1237 948 N.
1277 910 1410 960 Ipsum
1442 909 1516 948 hoc
1549 914 1659 947 tuum
1693 921 1712 947 a
1745 915 1783 947 te

250 977 456 1030 diu<ti>na
477 977 686 1029 prudentia
708 975 942 1026 consultum,
958 975 1061 1027 quod
1084 988 1162 1014 non
1184 980 1274 1014 ante
1295 976 1419 1025 signis
1440 974 1603 1013 conlatis
1625 985 1782 1012 manum

250 1057 338 1084 cum
364 1043 544 1083 hostibus
572 1043 820 1092 conseruisti,
848 1054 964 1092 quam
990 1040 1145 1080 leuibus
1172 1040 1333 1092 proeliis
1361 1045 1398 1078 et
1423 1040 1586 1078 minutis
1607 1040 1785 1078 uictoriis
1807 1054 1839 1078 10

250 1110 418 1149 militem
439 1108 651 1159 imbueres,
678 1119 808 1146 nonne
830 1106 923 1145 Cato
947 1106 1089 1157 docuit,
1110 1111 1242 1144 orator
1262 1104 1366 1143 idem
1388 1110 1426 1143 et
1446 1106 1662 1155 imperator
1682 1116 1786 1143 sum-

253 1173 369 1214 mus‘?
408 1175 494 1225 Ipsa
522 1173 673 1212 subieci
695 1172 853 1210 Catonis
873 1172 1007 1222 uerba,
1034 1174 1074 1210 in
1096 1171 1238 1222 quibus
1260 1169 1514 1208 consiliorum
1544 1175 1701 1207 tuorum
1723 1181 1786 1207 ex—

251 1253 388 1291 pressa
408 1240 577 1290 uestigia
598 1250 800 1277 cerneres:
822 1237 975 1275 Interea
990 1248 1308 1287 unamquamque
1331 1240 1511 1284 turmam,
1531 1233 1787 1284 manipulum,

252 1305 453 1345 60110116111
474 1303 726 1356 temptabam,
749 1302 843 1353 quid
864 1303 993 1341 facere
1007 1306 1186 1353 possent3
1207 1300 1368 1352 proeliis
1382 1299 1538 1338 leuibus
1553 1298 1788 1350 spectabam,

253 1369 474 1410 cuiusmodi
502 1371 668 1421 quisque
697 1374 819 1420 esset,
847 1369 880 1406 si
908 1369 996 1418 quis
1020 1372 1181 1406 strenue
1209 1366 1368 1416 fecerat,
1396 1364 1587 1403 donabam
1614 1364 1788 1412 honeste,
1811 1379 1842 1404 15

253 1442 296 1475 ut
322 1436 387 1474 alii
414 1435 519 1474 idem
546 1434 694 1474 uellent
722 1434 870 1485 136616,
904 1439 1019 1484 atque
1053 1434 1093 1470 in
1127 1433 1309 1470 contione
1336 1429 1471 1469 uerbis
1498 1429 1632 1468 multis
1660 1429 1790 1468 lauda-

252 1501 352 1540 bam.
392 1502 553 1540 interim
581 1500 730 1551 aliquot
755 1512 879 1550 pauca
901 1503 1029 1537 633113
1056 1498 1142 1536 1661.
1183 1496 1252 1535 sed
1278 1495 1346 1535 ubi
1370 1497 1462 1534 anni
1491 1500 1643 1546 tempus
1669 1496 1791 1545 uenit,

255 1572 383 1606 eastra
408 1566 573 1605 hiberna
596 1595 723 1603 .....

348 1628 454 1671 129.
489 1633 696 1671 Plutarch.
725 1630 807 1668 Cat.
825 1630 891 1668 10.
934 1626 1080 1676 Αὐτὸς
1112 1625 1163 1667 δέ
1188 1636 1326 1679 φησιν
1353 1624 1375 1665 ὁ
1406 1623 1564 1664 Κάτων
1589 1626 1793 1672 πλείονας

354 1757 430 1793 126
455 1758 639 1802 suppleuit
655 1756 823 1798 Mueller,
843 1756 907 1799 qui
925 1754 1207 1789 Macedonicum
1226 1753 1323 1787 hune
1341 1752 1537 1786 tumultum
1558 1751 1607 1785 ad
1627 1751 1794 1796 Philippi

257 1807 351 1852 reyis
376 1806 504 1848 foedus
529 1816 606 1839 cum
635 1803 850 1838 Hannibale
876 1803 1010 1837 initum
1037 1813 1071 1836 a.
1091 1803 1174 1835 215.
1197 1803 1269 1834 539
1294 1804 1452 1844 spectare
1478 1800 1672 1833 emistimat.

355 1852 443 1887 127.
474 1854 546 1888 Cic.
566 1853 608 1886 cle
627 1852 686 1894 off.
709 1853 743 1893 3,
759 1854 846 1893 1‚1.·
877 1849 915 1884 P.
944 1848 1172 1893 Scipionem,
1199 1847 1323 1881 Marce
1350 1846 1414 1889 fili,
1441 1857 1535 1887 eum,
1563 1846 1626 1890 qui
1652 1845 1793 1890 primus

258 1902 346 1946 [om.
363 1901 494 1935 Bamb.
505 1912 563 1944 pr.
579 1899 647 1944 m.]
661 1898 860 1932 Africanus
879 1896 1092 1941 appellatus
1113 1897 1179 1937 631.
1195 1895 1318 1929 dicere
1338 1894 1490 1928 solitum
1505 1893 1654 1938 scripsit
1669 1893 1793 1937 Cato,

259 1948 323 1992 qui
350 1947 422 1982 fuit
449 1948 527 1982 eius
554 1947 631 1981 fere
659 1945 839 1989 aequalis,
867 1955 1070 1988 numquam
1098 1954 1135 1977 se
1155 1943 1277 1976 minus
1299 1942 1458 1976 otiosum
1480 1951 1559 1976 esse
1580 1952 1691 1984 quam
1712 1952 1795 1975 eum

259 1995 417 2037 otiosus,
443 2006 511 2029 1166
543 1994 665 2028 minus
696 1993 815 2027 solum
842 2003 953 2036 quam
981 2003 1064 2026 cum
1092 1990 1190 2024 solus
1217 1991 1323 2024 esset.
1364 1989 1462 2023 Plut.
1484 1989 1652 2033 apophth.
1672 1999 1742 2034 req.
1765 1993 1796 2023 et

260 2044 343 2087 imp.
362 2047 399 2078 1:
432 2041 603 2077 Σκιπίων
637 2040 677 2076 δὲ
711 2040 729 2074 ὁ
763 2040 1007 2086 πρεσβύτερος
1033 2038 1100 2083 τὴν
1127 2038 1201 2072 ἀπὸ
1228 2043 1300 2072 τῶν
1328 2041 1525 2080 στρατειῶν
1552 2036 1614 2070 καὶ
1640 2040 1704 2080 τῆς
1729 2048 1796 2070 πο-

260 2089 396 2131 λιτείας
423 2089 555 2136 σχολὴν
580 2090 620 2124 ἐν
647 2087 835 2133 γράμμασι
861 2086 1057 2132 διατριβὴν
1084 2085 1306 2129 ποιούμενος
1327 2085 1459 2128 ἔλεγεν,
1486 2081 1596 2118 ὁπότε
1617 2083 1797 2128 σχολάζοι,

260 2136 415 2173 πλείονα
440 2137 626 2181 πράττειν.
665 2148 745 2170 cum
770 2136 827 2170 his
853 2135 972 2170 uerbis
994 2133 1102 2168 ‘illud
1124 2144 1253 2167 uerum
1274 2134 1330 2166 est
1349 2132 1396 2166 M.
1418 2131 1568 2165 Catonis
1589 2130 1796 2165 oraculum:

261 2185 357 2220 nihil
384 2185 529 2230 agendo
562 2183 731 2219 homines
758 2182 855 2216 male
883 2192 993 2227 agere
1021 2181 1184 2215 discunt'
1215 2180 1368 2223 (Colum.
1392 2183 1448 2221 11,
1463 2182 1500 2222 1)
1529 2179 1721 2213 Bormam
1741 2189 1798 2213 eo-

262 2235 402 2276 neaeuz't,
427 2237 469 2268 ut
493 2232 667 2276 prooemii
685 2231 900 2266 sententiam
920 2230 1085 2274 eaepleret,
1111 2232 1150 2262 at
1168 2233 1288 2262 tamen
1308 2227 1487 2262 restitutio
1507 2226 1584 2261 eius
1602 2226 1798 2261 admodum

262 2281 376 2316 dubia
402 2285 461 2315 est.

359 2327 448 2363 128.
478 2327 532 2370 Cf.
552 2338 667 2371 supra
681 2338 719 2370 p.
737 2335 859 2360 CLVIII
869 2336 918 2368 sq.

361 2375 451 2410 129.
478 2375 582 2409 Haec
609 2385 679 2415 res,
709 2384 818 2417 quam
844 2373 921 2407 etus
947 2371 1162 2406 auctoritate
1187 2381 1275 2405 usus
1301 2370 1432 2404 iterum
1457 2369 1623 2413 exposuit
1648 2368 1798 2402 Plutar-

263 2424 349 2458 chus
375 2423 543 2467 apophth.
563 2425 622 2456 25.
643 2424 704 2463 26,
729 2425 876 2465 sumpta
902 2424 950 2455 est
977 2423 1041 2454 aut
1067 2429 1110 2453 ex
1136 2418 1340 2463 oriyinibus
1366 2420 1431 2451 aut
1456 2427 1500 2450 ex
1525 2416 1665 2450 dierum
1685 2415 1799 2450 dicta-

265 2482 345 2505 rum
371 2471 483 2506 libris.

362 2589 468 2644 126,
500 2598 518 2632 1
549 2593 745 2640 suppleuit
770 2590 940 2628 BIueller

361 2647 469 2703 127,
499 2655 520 2690 7
549 2655 640 2700 post
671 2652 807 2702 ageret,
835 2651 874 2687 in
895 2649 1149 2697 palimpsesto
1174 2659 1395 2696 numquam
1420 2658 1460 2684 se
1487 2646 1577 2696 plus
1603 2658 1718 2695 agere
1744 2657 1801 2683 re-

261 2714 386 2760 petita
412 2712 478 2750 secl
495 2713 654 2759 pemetis
679 2713 811 2747 notata
836 2712 928 2746 sunt
1186 2732 1208 2757 Ο

362 2766 470 2821 128,
496 2773 547 2809 14
575 2769 728 2808 lenibus
755 2770 870 2807 codex
994 2769 1045 2805 17
1075 2767 1273 2816 aliquitau
1299 2767 1429 2803 eastra
1455 2764 1570 2802 codex
1596 2775 1692 2802 corr.
1711 2764 1803 2801 Mai

363 2832 414 2868 18
443 2843 540 2878 quae
565 2830 833 2877 sequebantur,
860 2829 902 2865 in
928 2826 1007 2865 eod.
1035 2827 1252 2865 oblitterata
1277 2827 1367 2863 sum
