2002 3342
681 192 716 226 L.
739 190 1005 227 CORNELIVS
1033 190 1236 225 SISENNA
1475 205 1725 235 CCCXXXVII

195 304 232 342 L.
262 304 517 355 Pomponium
546 303 836 341 Bononiensem
864 301 1128 341 Atellanarum
1162 304 1399 353 scriptorum
1428 303 1575 341 clarum
1604 304 1724 342 fuisse

192 368 365 419 tradidit,
393 368 572 417 eundem,
600 381 717 419 quem
745 367 881 406 eadem
910 373 1035 405 aetate
1056 368 1079 405 i.
1102 380 1133 406 e.
1156 367 1345 406 Sisennae
1373 369 1579 406 iuuentute
1602 369 1723 406 fuisse

193 434 362 472 Velleius
389 433 525 471 ultimo
554 433 636 471 loco
665 429 898 486 adnexuit.¹)

280 498 430 544 Quibus
470 498 655 548 gradibus
692 498 738 536 ad
778 503 1003 548 praeturam
1039 498 1278 547 ascenderit,
1315 500 1527 537 nescimus.
1572 503 1724 537 certum

192 570 320 602 tamen
349 569 408 601 est
431 569 641 614 quaestura
663 576 751 601 611111
775 568 886 601 311163
909 564 1085 601 sunctum
1107 575 1206 601 esse.
1246 575 1334 601 nam
1357 569 1512 602 creatus
1534 569 1593 602 est
1613 575 1723 614 prae-

191 635 252 667 tor
279 628 383 667 Sulla
410 630 520 679 uiuo,
554 629 620 679 qui
655 628 806 667 duobus
840 630 952 666 annis
979 633 1068 666 ante
1101 628 1227 678 legem
1262 627 1309 666 de
1336 628 1629 679 magistratibus
1658 629 1723 667 de·

191 694 312 744 derat,
340 706 387 731 ne
416 695 503 744 quis
530 700 688 744 praetor
715 694 843 744 fieret,
879 694 954 731 nisi
983 699 1094 732 antea
1121 698 1306 744 quaestor
1333 694 1471 732 fuisset
1497 691 1611 746 (App.
1633 693 1667 731 b.
1691 707 1722 732 c.

193 758 227 808 1,
248 755 366 810 100),
401 758 470 797 sed
503 771 575 797 nec
610 758 655 796 de
689 758 761 796 hoc
795 760 879 809 ipso
913 760 1144 809 magistratu
1178 771 1250 797 nec
1284 758 1330 797 de
1365 758 1561 797 aedilitate
1597 759 1724 797 curuli

188 824 403 875 quidquam
431 825 571 862 afferre
604 836 825 874 possumus.
871 829 960 874 post
985 823 1211 862 Ernestium
1240 825 1344 862 enim
1374 823 1440 875 (ad
1461 825 1538 862 Cic.
1555 824 1661 862 Verr.
1683 823 1722 875 4,

192 886 346 941 15,33)
375 889 515 939 Zumpt
541 886 606 941 (ex
636 901 680 927 eo
708 888 858 928 Krause
885 902 920 940 p.
943 885 1049 943 300)
1083 888 1174 928 inde
1208 888 1310 940 quod
1345 889 1446 928 ludis
1478 889 1722 928 circensibus

187 956 279 993 anni
304 953 371 993 70.
394 952 479 993 684
513 954 615 1005 apud
643 954 683 993 L.
711 954 918 993 Sisennam
948 952 1094 993 euirum
1126 952 1376 1006 primarium’
1404 955 1572 993 triclinia
1601 960 1722 993 strata

187 1026 471 1070 argentumque
500 1021 676 1070 exposita
710 1032 796 1058 esse
821 1020 958 1058 Cicero
986 1021 1027 1058 in
1047 1020 1224 1058 Verrinis
1245 1016 1287 1073 (l.
1310 1018 1359 1072 s.)
1387 1021 1722 1065 commemorauit,

186 1097 275 1123 011111
303 1084 512 1123 aedilitatis
534 1084 682 1123 curulis
705 1091 809 1123 esset
835 1084 947 1123 ludos
975 1085 1117 1135 facere,
1138 1085 1230 1124 huic
1251 1097 1351 1123 anno
1375 1085 1564 1123 Sisennae
1586 1084 1720 1123 aedili-

186 1155 304 1188 tatem
333 1149 480 1188 tribuit.
521 1156 559 1188 at
586 1156 625 1188 et
646 1150 876 1188 Ciceronem
898 1150 963 1188 uel
984 1150 1048 1189 illo
1070 1150 1154 1189 loco
1181 1150 1244 1189 uel
1266 1149 1359 1188 alibi
1378 1151 1419 1188 in
1438 1150 1626 1200 Verrinis,
1652 1149 1721 1188 ubi

185 1214 233 1253 de
267 1215 449 1266 Sisenna,
476 1215 609 1253 Verris
638 1214 862 1265 defensore,
897 1215 1086 1266 loquitur,
1114 1215 1325 1254 aedilitatis
1353 1217 1454 1265 eius,
1487 1217 1519 1253 si
1547 1227 1592 1253 60
1620 1206 1720 1253 311110

184 1280 433 1330 obtinuisset,
460 1282 700 1319 mentionem
730 1280 955 1319 additurum
983 1281 1105 1320 fuisse
1133 1287 1239 1320 recte
1261 1280 1361 1319 Roth
1382 1294 1418 1331 p.
1439 1279 1559 1332 12511.
1584 1286 1720 1319 contra

186 1345 293 1395 dixit,
321 1351 358 1384 et
384 1347 450 1383 uix
479 1345 543 1384 ille
570 1346 685 1384 homo
713 1347 925 1396 primarius
952 1352 1090 1384 octauo
1119 1358 1219 1385 anno
1252 1351 1339 1397 post
1365 1351 1603 1397 praeturam,
1630 1358 1719 1384 cum

186 1410 324 1449 consul
352 1423 439 1449 esse
465 1416 610 1462 posset,
639 1411 878 1449 aedilitatem
905 1413 1028 1462 petiit.

274 1476 363 1513 Post
390 1482 614 1527 praeturam
643 1489 733 1514 cum
760 1478 925 1527 imperio
953 1478 993 1514 in
1015 1476 1189 1515 Siciliam
1217 1476 1360 1515 abiisse
1388 1476 1556 1527 uidetur,
1584 1464 1718 1527 (1113111-

184 1553 300 1591 quam
328 1543 444 1579 etiam
472 1541 535 1580 bic
563 1542 801 1580 coniecturis
822 1554 920 1592 opus
948 1547 1018 1592 est,
1046 1554 1135 1580 cum
1161 1554 1356 1593 nusquam
1382 1541 1527 1580 diserte
1549 1543 1633 1580 eius
1660 1543 1718 1580 rei

183 1607 331 1644 mentio
359 1607 435 1645 tiat.
477 1606 546 1644 sed
574 1606 711 1645 Cicero
732 1606 840 1646 Verr.
862 1604 984 1657 9,-15,
1003 1605 1086 1645 110
1114 1620 1133 1646 3
1156 1606 1317 1646 Sthenio
1345 1606 1511 1658 quodam
1539 1607 1718 1645 Thermi-

184 1676 273 1709 tano
296 1671 457 1710 Verrem
487 1671 645 1710 domum
672 1673 880 1710 inuitatum
909 1685 996 1710 esse
1025 1672 1130 1723 dicit,
1158 1673 1225 1723 qui
1246 1672 1284 1711 C.
1306 1672 1428 1721 Marii,
1456 1672 1523 1711 Cn.
1544 1672 1717 1722 Pompei,

183 1736 221 1774 C.
243 1736 434 1786 Marcelli,
468 1737 508 1775 L.
531 1737 737 1787 Sisennae,
766 1742 990 1776 ceterorum
1022 1739 1201 1776 uirorum
1235 1738 1540 1777 fortissimorum
1573 1737 1716 1788 hospes

181 1801 319 1839 suisset
347 1807 463 1852 atque
491 1807 607 1841 65561..
644 1803 753 1853 atqui
775 1802 843 1841 Cn.
864 1803 1074 1854 Pompeius
1102 1816 1133 1842 a.
1156 1800 1223 1841 82.
1246 1800 1332 1842 672
1359 1815 1379 1841 3
1401 1802 1506 1842 Sulla
1535 1815 1623 1841 cum
1645 1804 1716 1841 im-

180 1868 290 1916 perio
318 1868 357 1905 in
379 1867 553 1905 Siciliam
574 1869 720 1906 missus
741 1868 955 1919 hospitium
978 1869 1182 1907 coniunxit
1201 1881 1291 1907 cum
1313 1868 1474 1907 Sthenio
1496 1864 1716 1921 (Drumann

181 1931 227 1969 IV
248 1945 283 1982 p.
299 1929 417 1984 330),
445 1932 484 1971 C.
513 1932 699 1971 Claudius
721 1932 928 1972 Marcellus
957 1939 1085 1972 autem
1113 1946 1183 1985 pro
1210 1939 1391 1985 praetore
1420 1935 1493 1972 l'uit
1520 1935 1559 1971 in
1582 1933 1715 1971 Sicilia

180 2009 212 2035 a.
236 1994 302 2035 79.
325 1995 410 2036 675
442 1994 508 2051 (cf.
529 1997 714 2036 Muenzer
741 1999 789 2037 R.
813 2000 857 2037 E.
879 1999 926 2036 lv
947 2012 978 2037 c.
996 1996 1143 2051 2733).
1190 2011 1282 2050 ergo
1317 2011 1405 2037 cum
1439 1998 1714 2050 probabilitate

180 2061 346 2111 quadam
380 2062 470 2101 inde
498 2062 691 2102 conclusit
718 2063 817 2102 Roth
846 2060 900 2116 (p.
920 2062 993 2117 12)
1022 2064 1202 2115 Pighium
1236 2066 1275 2102 in
1308 2064 1509 2115 plerisque
1543 2069 1715 2120 secutuS,

179 2139 269 2165 cum
291 2126 429 2166 Cicero
456 2127 530 2166 hoc
557 2127 640 2166 loco
668 2141 734 2167 eos
762 2135 1013 2168 enumeraret
1038 2130 1191 2168 Sthenii
1217 2129 1405 2180 hospites,
1433 2130 1500 2180 qui
1527 2142 1615 2167 011111
1643 2130 1713 2167 im-

178 2193 287 2242 perio
315 2193 354 2230 in
383 2192 515 2231 Sicilia
542 2193 721 2244 fuissent,
749 2206 873 2245 eoque
901 2194 1058 2246 ordine,
1086 2208 1162 2246 quo
1190 2207 1234 2233 eo
1261 2196 1478 2244 uenissent,
1506 2194 1712 2233 Sisennam

179 2262 266 2307 post
298 2256 525 2296 Marcellum
553 2271 584 2296 a.
609 2256 674 2296 79.
697 2256 781 2297 675
816 2265 904 2298 ante
926 2260 1086 2299 Verrem
1117 2258 1183 2298 73.
1205 2257 1287 2299 681
1319 2261 1357 2297 in
1392 2259 1524 2297 Sicilia
1557 2259 1713 2310 aliquod

178 2334 322 2361 munus
349 2323 662 2374 administrasse,
690 2337 763 2375 qua
792 2337 880 2363 cum
910 2338 951 2363 re
980 2325 1018 2363 id
1046 2327 1244 2375 congruit,
1278 2324 1380 2375 quod
1409 2324 1630 2375 complures
1658 2325 1711 2363 fa-

177 2387 351 2425 miliares
384 2390 424 2426 in
457 2388 593 2427 eadem
625 2391 829 2440 prouincia
866 2392 1070 2429 Sisennam
1106 2390 1290 2429 habuisse
1325 2402 1370 2428 ex
1397 2388 1711 2441 ve1-1·.4‚20,43

179 2451 378 2491 discimus.
418 2453 514 2492 haec
541 2467 635 2492 uero
662 2456 695 2492 si
724 2460 829 2493 recte
853 2455 1047 2506 disputata
1075 2460 1177 2506 sunt,
1205 2457 1238 2493 si
1260 2468 1290 2493 a.
1310 2452 1374 2494 78.
1397 2452 1482 2493 676
1505 2455 1711 2494 Sisennam

178 2523 400 2567 praeturam
429 2518 647 2558 obtinuisse
673 2522 915 2571 memineris,
942 2533 1012 2572 pro
1040 2526 1221 2571 praetore
1249 2533 1338 2559 eum
1360 2522 1399 2558 in
1421 2520 1594 2559 Siciliam
1618 2522 1711 2559 mis-

177 2594 262 2620 sum
291 2595 376 2622 esse
404 2584 516 2622 facile
545 2586 780 2624 consenties.

266 2647 321 2685 Ad
354 2647 449 2686 haec
482 2650 637 2699 negotia
670 2650 826 2700 publica
861 2650 1071 2689 accedebat
1098 2663 1215 2702 opera
1248 2652 1416 2689 sorensis
1443 2646 1594 2704 (Meyer
1615 2657 1710 2690 orat.

274 2799 304 2840 1)
333 2797 463 2840 ltaque
484 2799 599 2832 etiam
620 2810 686 2834 eae
707 2800 948 2835 difficultates
962 2802 1127 2835 remotae
1142 2802 1239 2844 sunt,
1260 2800 1394 2844 quibus
1416 2801 1548 2835 ductus
1565 2802 1604 2835 0.
1618 2800 1710 2834 lahn

174 2849 296 2884 Herm.
318 2850 349 2884 ΙΙ
370 2862 404 2894 p.
423 2855 489 2884 2:54
516 2862 582 2895 pro
608 2853 842 2888 historiarum
870 2858 998 2888 auctor
1023 2853 1217 2898 proposuit
1248 2854 1480 2889 Illilesiarum
1510 2858 1645 2889 auctor.

246 2916 324 2941 nist.
340 2917 421 2940 Rom.
444 2917 497 2941 rei.
514 2917 539 2945 1,
560 2918 604 2942 ea,
625 2918 743 2943 Peter.
779 2919 828 2943 nd,
847 2919 896 2943 ait.
1324 2912 1424 2946 XXII
