2002 3342
281 223 454 252 CXXXIV
609 208 670 242 DE
700 207 1007 242 SCRIPTORVM
1034 207 1155 242 VITIS
1182 207 1242 241 ET
1272 207 1483 242 SCRIPTIS

282 321 328 358 cs.
356 318 449 372 58),
491 319 658 370 denique
695 319 842 369 aliquot
878 324 983 357 certe
1023 331 1085 357 res
1121 324 1251 369 gestas
1291 320 1446 370 copiose
1482 326 1716 370 persecutus
1753 327 1813 359 est

282 382 346 437 (fr.
369 384 437 423 36.
462 383 546 436 72).

372 452 471 488 Sunt
504 455 633 487 tamen
667 450 783 487 etiam
817 450 857 486 in
885 448 1045 487 alterius
1078 448 1167 486 libri
1196 448 1391 499 reliquiis,
1421 462 1518 500 quae
1546 451 1813 501 suspicionem

283 520 482 564 moueant,
516 527 610 553 num
638 526 678 552 re
707 526 801 551 uera
828 526 926 564 quae
961 514 1032 552 sub
1061 513 1218 551 Catonis
1252 515 1409 552 nomine
1443 514 1624 553 seruntur
1656 514 1813 554 Catonis

282 582 370 618 sint.
418 580 489 618 alia
518 581 620 618 enim
649 578 857 630 Dionysius
885 575 949 631 (fr.
973 576 1048 632 50)
1077 578 1123 617 de
1152 578 1306 617 Sabinis
1334 592 1354 617 a
1382 579 1526 618 Catone
1560 579 1699 618 tradita
1727 593 1814 619 esse

284 645 449 695 rettulit,
484 644 556 683 alia
585 644 747 682 Seruius
776 640 927 697 (51)¹).
968 649 1083 694 atque
1117 643 1218 695 apud
1250 643 1361 682 illum
1393 644 1553 695 quidem
1583 657 1629 683 ex
1657 644 1815 683 Catonis

281 711 475 748 sententia
508 722 651 748 nomen
679 711 735 748 eis
768 709 938 748 inditum
966 714 1025 747 est
1059 722 1079 747 a
1107 709 1224 759 Sabo,
1259 709 1374 747 Sanci
1403 709 1464 748 dei
1492 709 1695 748 domestici
1723 710 1815 761 filio,

282 776 453 826 primum
489 780 619 813 autem
656 774 896 812 domicilium
931 775 987 812 eis
1018 775 1090 812 suit
1122 773 1320 824 Testrina,
1356 775 1468 813 uicus
1499 774 1656 825 quidam
1692 787 1815 826 prope

282 840 526 878 Amiternum
556 841 672 889 situs,
700 839 790 878 inde
818 841 1091 889 migrauerunt
1117 840 1156 877 in
1184 851 1320 890 agrum
1347 838 1555 878 Reatinum
1582 845 1697 891 atque
1725 852 1815 878 cum

283 905 424 943 multas
462 905 633 943 colonias
671 904 920 943 deduxerunt
955 910 1038 942 tum
1072 904 1206 942 Cures.
1247 912 1329 942 tum
1365 916 1461 943 uero
1498 904 1670 943 adnectit
1701 904 1814 943 aliam

284 970 442 1020 famam,
476 982 574 1021 quae
603 975 729 1009 exstet
756 966 820 1008 (ἐν
848 968 1059 1021 ἱστορίαις
1085 965 1371 1021 ἐπιχωριόις’,
1398 970 1421 1007 i.
1444 982 1475 1007 e.
1498 965 1715 1024 Sabinis2),
1742 969 1814 1021 Ly-

284 1037 394 1086 curgi
434 1041 558 1074 aetate
599 1035 928 1073 Lacedaemonios
967 1034 1156 1085 quosdam
1196 1035 1383 1085 profugos
1422 1034 1629 1073 Feroniam
1668 1034 1816 1073 delatos

281 1099 519 1147 συνοίκους
551 1105 642 1147 τοῖς
669 1100 880 1151 Σαβίνοις
913 1096 1139 1151 γενέσθαι,
1173 1112 1339 1150 quorum
1374 1112 1502 1138 mores
1536 1099 1670 1138 Sabini
1702 1099 1817 1138 indu—

282 1167 396 1215 erint,
424 1178 539 1216 quam
568 1165 650 1204 sere
678 1164 841 1203 eandem
871 1177 911 1203 se
939 1164 1041 1215 apud
1065 1163 1251 1203 Catonem
1280 1169 1318 1203 et
1339 1163 1506 1203 Gellium
1534 1166 1734 1203 inuenisse
1762 1165 1818 1203 af—

283 1231 411 1269 firmat
438 1231 612 1269 Seruius.
653 1231 779 1281 possis
807 1231 1001 1281 suspicari
1028 1229 1211 1268 Seruium
1244 1229 1421 1268 diuersas
1455 1230 1574 1268 famas
1609 1231 1817 1268 miscuisse

281 1295 527 1347 alienamque
555 1295 741 1334 tribuisse
764 1296 912 1333 (latoni.
946 1296 1030 1345 ipse
1058 1300 1188 1333 tamen
1216 1296 1255 1332 in
1285 1295 1356 1333 hac
1383 1307 1424 1333 re
1454 1295 1637 1333 Catonem
1665 1300 1818 1346 tenens,

283 1367 490 1411 utramque
523 1362 664 1399 famam
692 1373 808 1411 quam
841 1359 1014 1411 prodidit
1039 1359 1248 1410 Dionysius
1278 1371 1324 1398 ex
1352 1359 1496 1398 Catone
1526 1360 1687 1398 fluxisse
1715 1359 1817 1398 arbi-

284 1422 406 1479 tror³)
443 1427 653 1476 minusque
690 1431 870 1464 accurate
908 1425 1031 1463 solam
1063 1426 1237 1476 priorem
1272 1424 1318 1463 ad
1351 1424 1509 1463 Catonis
1545 1426 1817 1464 auctoritatem

284 1490 458 1529 relatam.
498 1504 518 1528 a
547 1490 747 1541 diligentia
774 1496 880 1529 certe
909 1491 1010 1540 eius,
1039 1491 1272 1540 praesertim
1301 1502 1390 1528 cum
1417 1491 1457 1528 in
1484 1489 1645 1541 praedio
1673 1489 1817 1529 Sabino

283 1556 449 1595 multum
488 1558 660 1607 uiueret,
702 1556 837 1594 talium
879 1556 1043 1594 fontium
1082 1567 1178 1594 usus
1218 1567 1297 1593 non
1336 1554 1571 1593 abhorrebat
1610 1550 1677 1608 (cf.
1716 1555 1816 1593 infra

284 1634 317 1672 p.
340 1618 520 1675 CX12111);
549 1621 652 1672 quod
672 1633 767 1659 uero
790 1621 1014 1659 auctoritati
1036 1620 1340 1658 domesticorum
1363 1619 1597 1658 Sabinorum
1618 1620 1816 1658 annalium

283 1686 441 1725 Catonis
467 1699 609 1725 nomen
637 1687 768 1737 cessit,
794 1686 857 1724 hic
885 1698 968 1724 mos
997 1685 1153 1723 illorum
1182 1686 1418 1736 scriptorum
1447 1685 1536 1735 fuit,
1569 1690 1612 1723 ut
1639 1686 1671 1723 si
1698 1697 1816 1736 quem

283 1753 315 1790 is
348 1764 464 1802 quem
498 1751 825 1801 transcriberent,
859 1752 1019 1789 citasset
1052 1751 1217 1801 fontem,
1253 1755 1430 1789 ueterem
1467 1758 1667 1789 auctorem
1703 1762 1814 1801 prae-

284 1817 443 1856 ferrent.

372 1880 442 1920 ‘In
470 1887 636 1933 quarto
665 1888 817 1920 autem
846 1878 985 1933 (libro)
1012 1881 1188 1920 bellum
1215 1881 1468 1919 Poenicum
1497 1887 1567 1919 est
1593 1881 1816 1931 primum,

282 1948 328 1985 in
356 1949 522 1998 quinto
557 1960 700 1986 secun
713 1944 843 1985 dum.'
896 1946 966 1984 His
992 1945 1127 1985 uerbis
1155 1945 1345 1996 Nepotem
1372 1946 1496 1996 capita
1525 1950 1673 1984 tantum
1701 1945 1817 1984 modo

282 2013 422 2051 horum
449 2012 639 2051 librorum
667 2018 826 2062 tangere
854 2011 1027 2050 uoluisse
1055 2016 1363 2050 consentaneum
1397 2017 1472 2061 est,
1506 2023 1740 2062 quamquam
1766 2023 1816 2049 ne

381 2176 412 2218 1)
441 2174 625 2215 Quoniam
652 2174 767 2209 etiam
795 2173 838 2207 de
867 2184 998 2217 campo
1018 2172 1166 2206 Tiburti
1193 2172 1251 2216 (fr.
1274 2175 1332 2217 57)
1360 2174 1397 2207 et
1423 2172 1468 2206 de
1494 2183 1641 2207 nemore
1668 2171 1819 2206 Aricino

282 2227 339 2271 (fr.
363 2230 420 2271 53)
449 2228 539 2262 Cato
566 2228 604 2262 in
632 2227 793 2262 seeundo
822 2226 917 2261 libro
945 2226 1041 2270 egit,
1074 2237 1224 2260 eausam
1258 2237 1330 2260 non
1364 2225 1460 2269 uidi,
1495 2237 1558 2259 cur
1584 2225 1741 2260 Sabinos
1771 2225 1819 2259 ad

282 2281 442 2325 primum
476 2292 558 2315 cum
584 2281 741 2315 Iordano
770 2283 818 2325 (p.
841 2293 912 2313 xxv
927 2280 1019 2323 sqq.)
1046 2278 1297 2313 transferrem.
1337 2278 1413 2313 alia
1443 2290 1501 2313 res
1534 2279 1579 2313 de
1605 2278 1817 2324 Aborigini-

282 2334 350 2368 bus
378 2334 461 2368 fuit.

379 2390 412 2431 ⁶2)
440 2387 575 2421 Parum
600 2389 700 2422 recte
726 2387 896 2421 Niebuhr
923 2386 979 2431 (H.
1002 2386 1044 2419 R.
1072 2386 1087 2419 Ι
1113 2398 1147 2430 p.
1166 2388 1264 2430 104),
1297 2396 1408 2430 quem
1435 2386 1581 2420 secutus
1612 2386 1668 2419 est
1695 2385 1817 2419 Kiess-

283 2440 364 2484 ling
389 2440 458 2485 (De
487 2441 591 2475 Dion.
618 2441 709 2475 font.
737 2453 772 2485 p.
793 2442 868 2485 35),
901 2439 967 2480 τὰς
993 2438 1212 2485 ἐπιχωρίους
1238 2437 1402 2482 ἱστορίας
1428 2438 1490 2472 Cn.
1513 2438 1624 2473 Gellii
1650 2437 1819 2473 historici

284 2494 401 2528 dietas
435 2505 514 2528 esse
551 2493 790 2528 existimauit.
837 2493 1045 2527 necessario
1079 2493 1178 2527 enim
1211 2494 1297 2526 sunt
1331 2491 1608 2537 intellegendae
1639 2491 1818 2526 historiae

284 2546 509 2582 domesticae
542 2547 780 2589 Sabinorum,
815 2558 970 2590 quorum
1004 2546 1094 2579 deus
1127 2545 1247 2580 Sabus
1279 2546 1318 2578 in
1351 2544 1482 2579 eodem
1516 2556 1595 2589 cap.
1623 2544 1820 2591 ἐπιχώριος

283 2600 406 2634 dictus
434 2602 521 2635 erat.

380 2655 412 2697 3)
439 2654 585 2688 Mecum
617 2653 710 2687 facit
742 2653 781 2687 E.
808 2654 951 2688 Samter
977 2654 1136 2699 (Quaest.
1160 2653 1312 2687 Varron.
1342 2664 1376 2696 p.
1399 2655 1442 2685 60
1458 2653 1569 2696 sqq),
1602 2651 1665 2695 qui
1696 2652 1819 2685 totum

284 2707 454 2752 Dionysii
483 2709 596 2752 caput
623 2706 750 2751 (etiam
778 2706 958 2741 Zenodoti
985 2705 1255 2749 testimonium)
1284 2716 1305 2739 a
1332 2704 1472 2739 Catone
1497 2704 1651 2749 repetit,
1679 2704 1819 2738 Wend—

284 2760 364 2806 ling
391 2761 526 2805 (Herm.
548 2760 700 2794 XXVIH
727 2772 761 2804 p.
779 2763 847 2794 348
864 2762 934 2804 sq.)
967 2759 1124 2794 alteram
1151 2758 1289 2792 famam
1317 2769 1338 2792 a
1363 2757 1562 2792 Posidonio
1593 2768 1659 2802 per
1684 2757 1820 2792 Varro-

284 2825 385 2857 nem,
420 2814 484 2858 qui
516 2814 596 2858 ipse
628 2824 763 2848 nomen
797 2812 1017 2847 Sabinorum
1051 2810 1125 2847 ἀπὸ
1157 2817 1221 2847 τοῦ
1256 2810 1433 2857 σέβεσθαι
1466 2810 1671 2845 deduxerat
1706 2810 1816 2855 (Fest.

283 2880 317 2912 p.
334 2871 413 2902 343.
452 2867 497 2902 cf.
526 2866 620 2901 Plin.
640 2879 673 2901 n.
696 2866 730 2901 h.
756 2870 787 2909 3,
806 2869 896 2909 108).

1973 3268 1994 3306 {l
