2002 3342
376 193 418 226 11.
445 192 508 226 DE
537 191 853 226 LITTERARVM
878 190 1204 226 MONVMENTIS
1231 191 1454 226 PRIVATIS
1577 207 1670 236 XLV

137 304 306 343 diuersis
334 304 446 342 annis
474 307 757 341 retractaretur
783 307 860 351 aut,
887 303 920 339 si
947 303 1024 340 uiri
1052 303 1119 352 qui
1146 303 1374 352 gessissent,
1402 302 1511 341 dubii
1539 311 1671 342 essent

135 375 200 408 aut
227 371 357 408 minus
384 369 484 418 noti,
518 367 627 405 Fabii
655 369 937 405 insererentur.
985 366 1088 417 quod
1115 372 1158 405 ut
1185 366 1469 417 demonstrem,
1503 380 1521 405 a
1550 367 1669 406 dicta·

134 436 234 473 turis
260 433 302 478 Q.
324 433 433 471 Fabii
459 432 616 471 Maximi
642 431 813 470 Rulliani
840 431 1034 481 exordiar,
1062 431 1108 469 de
1136 431 1279 482 quibus
1306 431 1510 482 Diodorus,
1538 434 1601 470 cui
1624 433 1669 471 de

134 499 252 538 rebus
278 498 463 537 Romanis
490 497 653 535 Fabium
680 497 876 535 Pictorem
910 496 973 535 uel
1007 497 1137 547 ipsum
1170 496 1234 534 uel
1261 496 1379 535 alium
1407 496 1576 547 aliquem
1604 499 1670 548 qui

134 564 328 602 Pictorem
362 563 575 613 excerpsit,
615 562 846 612 primarium
881 567 1081 600 auctorem
1117 562 1237 600 fuisse
1277 562 1377 600 insra
1417 574 1670 613 exponemus,

133 629 229 667 baec
262 634 396 666 narrat
423 623 511 681 (19,
535 626 601 678 72,
623 624 686 680 3);
726 639 757 665 3.
779 624 877 665 315.
898 624 984 665 439
1021 639 1108 665 eum
1145 640 1233 665 cum
1267 626 1310 672 Q.
1338 627 1449 665 Aulio
1484 629 1669 677 magistro

134 695 309 744 equitum
338 699 472 731 contra
500 692 696 730 Samnites
723 692 843 730 Roma
870 693 1036 730 missum
1065 704 1151 730 esse
1179 694 1476 743 exercitumque
1511 694 1596 731 eius
1623 692 1670 731 ad

134 758 318 798 Lautulas
351 771 439 797 cum
473 757 652 796 hostibus
686 758 910 796 conflixisse
946 763 984 796 et
1016 759 1055 795 in
1092 758 1220 808 sugam
1255 758 1476 796 coniectum
1511 770 1597 796 esse
1630 759 1670 796 in

134 837 256 875 eaque
283 824 450 874 Aulium,
479 836 567 862 cum
595 822 701 862 solus
729 823 875 861 frustra
896 824 1121 873 restitisset,
1149 835 1197 861 ne
1219 823 1475 873 ignominiam
1497 822 1670 873 haberet,

133 896 300 928 mortem
328 890 544 940 oppetisse3
581 888 777 926 Romanos
804 893 934 926 autem
963 900 982 925 a
1011 887 1176 926 Luceria
1203 889 1402 938 profectos
1428 887 1521 925 belli
1549 887 1669 926 sortu-

133 967 222 993 nam
250 955 484 992 restituisse.
537 959 618 992 tum
647 953 692 992 de
721 953 840 992 altera
869 952 1061 992 dictatura
1089 966 1120 991 a.
1142 951 1240 992 313.
1261 951 1344 991 441
1376 950 1463 1003 (19,
1488 950 1583 1003 101,
1605 949 1668 1006 3):

134 1019 296 1058 Fabium
318 1019 514 1070 Fregellas
542 1031 799 1070 expugnasse,
826 1018 930 1057 unde
960 1018 1150 1057 ducentos
1179 1020 1287 1057 ciues
1316 1017 1504 1057 deductos
1524 1017 1669 1056 Romae

133 1086 265 1123 securi
291 1085 572 1137 percussisset,
598 1089 682 1123 tum
710 1084 897 1123 Calatiam
924 1096 1133 1134 arcemque
1161 1083 1369 1134 Nolanam,
1396 1082 1463 1122 uhi
1490 1095 1670 1133 magnam

133 1149 318 1201 praedam
343 1149 592 1188 uendidisset
622 1149 894 1200 militibusque
927 1161 1041 1200 agros
1070 1148 1267 1187 donasset.
1313 1149 1443 1186 onmia
1470 1149 1592 1199 igitur
1625 1148 1671 1186 ad

133 1214 418 1254 inlustrandam
435 1214 477 1260 Q.
493 1214 603 1253 Fabii
625 1215 858 1253 dictaturam
875 1219 1054 1265 spectant
1075 1213 1121 1252 ab
1138 1226 1261 1265 eaque
1283 1219 1398 1264 gente
1421 1226 1505 1252 eam
1529 1214 1669 1251 samam

134 1282 390 1331 compositam
431 1293 516 1319 esse
555 1282 622 1319 uix
662 1282 870 1331 quisquam
909 1279 1085 1330 negabit,
1124 1280 1358 1330 praesertim
1399 1281 1432 1317 si
1472 1292 1517 1317 ex
1559 1278 1670 1317 Liuio

134 1341 192 1398 (9,
213 1343 281 1396 22,
302 1343 348 1399 4)
377 1346 623 1396 suppleuerit
645 1344 758 1384 ‘nihil
779 1345 958 1383 consulto
982 1342 1188 1383 dictatore’
1208 1345 1441 1395 magistrum
1464 1356 1521 1394 eq.
1545 1343 1669 1382 solum

132 1423 304 1462 pugnam
331 1412 576 1450 commisisse
603 1411 721 1462 idque
749 1423 769 1449 a
789 1410 958 1448 Diodoro
985 1411 1024 1448 in
1053 1409 1301 1461 excerpendo
1329 1409 1553 1460 neglectum
1583 1421 1669 1447 esse

133 1477 356 1527 suspicatus
392 1477 478 1515 erit.
530 1488 701 1514 conexus
741 1477 977 1514 narrationis
1016 1487 1140 1526 paene
1180 1475 1253 1513 hoc
1289 1475 1451 1525 flagitat.
1504 1480 1541 1512 at
1573 1487 1669 1513 uero

134 1541 225 1580 fasti
264 1541 491 1580 consulares
531 1541 570 1581 C.
596 1541 761 1580 Poetelii
794 1541 914 1580 Visoli
953 1540 1187 1579 dictaturam
1227 1542 1392 1591 eiusque
1438 1541 1669 1590 magistrum

133 1606 180 1645 M.
201 1606 418 1645 Poetelium
454 1612 649 1645 testantur
680 1606 924 1657 eandemque
963 1606 1107 1644 famam
1146 1607 1262 1644 etiam
1296 1604 1435 1643 Liuius
1475 1606 1670 1655 cognouit,

132 1673 201 1723 qui
227 1668 286 1725 (9,
306 1669 374 1722 28,
396 1668 441 1725 3)
470 1685 490 1710 a
517 1672 556 1710 C.
577 1671 750 1710 Poetelio
785 1671 974 1709 dictatore
1007 1670 1224 1721 Fregellas,
1263 1675 1347 1708 tum
1381 1671 1421 1708 in
1454 1669 1670 1721 appendice

133 1738 218 1776 siue
246 1737 292 1775 ab
319 1737 393 1776 hoc
419 1739 504 1776 siue
532 1750 551 1776 a
580 1737 619 1776 C.
646 1737 757 1775 Iunio
785 1736 946 1775 consule
981 1734 1115 1783 (Uvam
1142 1741 1358 1784 utrumque
1385 1733 1669 1783 memoratur’)

133 1808 264 1853 captas
300 1814 386 1841 esse
422 1802 585 1841 tradidit
622 1802 806 1853 idemque
847 1799 965 1852 ‘apud
1001 1801 1190 1852 quosdam
1227 1799 1424 1839 auctores'
1464 1802 1672 1839 inuenerat

131 1879 303 1918 pugnam
318 1867 595 1906 Lautulensem
617 1880 648 1906 a.
664 1864 761 1906 315.
777 1865 863 1905 439
884 1867 1070 1905 Romanis
1092 1866 1299 1905 aduersam
1315 1866 1437 1904 fuisse
1453 1861 1512 1919 (9,
1528 1863 1595 1915 23,
1612 1862 1670 1918 5).

133 1934 251 1971 etiam
278 1934 319 1971 in
345 1938 483 1972 tenore
510 1934 749 1971 narrationis
777 1932 979 1971 dictatoris
1007 1931 1124 1982 laudi,
1151 1933 1226 1970 etsi
1246 1943 1336 1970 eum
1358 1930 1418 1969 bis
1438 1930 1584 1969 milites
1606 1929 1670 1968 ad-

132 1997 355 2037 hortantem
382 1997 547 2050 induxit,
574 1999 754 2049 pepercit
779 2003 1010 2049 partemque
1039 1998 1122 2035 eius
1151 2009 1240 2035 cum
1265 1995 1304 2035 C.
1328 1996 1458 2046 Fabio,
1486 2008 1601 2046 quem
1630 1997 1670 2033 in

132 2063 262 2102 locum
288 2063 391 2102 Aulii
416 2065 595 2114 magistri
622 2076 680 2114 eq.
709 2064 918 2102 suffectum
947 2075 1033 2101 esse
1060 2062 1215 2101 rettulit
1245 2056 1297 2114 (c.
1319 2058 1388 2113 23,
1410 2057 1468 2114 6),
1497 2073 1670 2099 commu-

132 2130 281 2168 nicauit
307 2141 434 2180 neque
462 2134 593 2167 tamen
622 2128 799 2167 diuersas
826 2128 949 2166 famas
976 2127 1175 2166 subtiliter
1202 2126 1381 2165 distinxit
1410 2125 1479 2164 sed
1511 2127 1672 2164 miscuit

133 2206 276 2245 resque
301 2194 443 2232 horum
469 2196 589 2233 trium
616 2206 825 2245 annorum,
859 2195 977 2232 etiam
1010 2193 1093 2231 loca
1130 2199 1168 2230 et
1192 2197 1370 2243 tempora
1402 2193 1562 2230 omnino
1591 2197 1669 2229 tur-

132 2255 295 2314 bauit.1)
352 2271 424 2298 nos
462 2265 593 2298 tamen
633 2261 666 2298 si
707 2261 901 2310 integram
948 2259 1090 2296 sarnam
1136 2257 1247 2296 Fabii
1284 2257 1470 2306 Pictoris,
1515 2256 1670 2307 qualem

132 2324 326 2363 Diodorus
360 2326 552 2376 seruauit,
585 2338 674 2364 cum
708 2324 820 2363 Liuio
853 2324 1234 2375 comparauerimus,
1266 2324 1385 2360 nimis
1419 2334 1507 2360 eum
1541 2321 1669 2360 studio

133 2389 271 2439 gentili
297 2389 467 2429 diffisum
495 2391 588 2428 anni
615 2388 713 2428 313.
734 2387 817 2428 441
850 2389 1083 2428 dictaturam
1112 2389 1283 2427 tacuisse
1309 2387 1595 2437 intellegemus,
1623 2386 1669 2424 de

132 2456 265 2505 priore
292 2461 422 2494 autem
449 2455 630 2494 Fabianis
658 2456 901 2493 ornamentis
936 2455 1104 2505 fucoque
1135 2465 1270 2491 carere
1298 2464 1375 2490 non
1402 2453 1595 2503 potuisse,
1628 2457 1670 2490 ut

135 2532 223 2558 cum
251 2519 410 2559 Diodori
438 2522 635 2571 excerptis
661 2520 765 2559 haud
792 2522 845 2558 ita
873 2519 1081 2570 discrepet.
1093 2515 1125 2572 2)

230 2642 264 2684 1)
290 2641 376 2675 Vid.
402 2641 439 2675 P.
462 2639 727 2674 Binneboessel
755 2640 1077 2685 Untersuehunyen
1102 2640 1208 2674 ueber
1231 2639 1379 2684 Quellen
1406 2649 1440 2672 u.
1466 2637 1670 2673 Geschichte

134 2693 194 2728 des
218 2695 364 2729 zzcez'ten
388 2694 707 2738 Samniterlcrieyes
733 2693 843 2737 (Dias.
865 2692 948 2726 Hal.
972 2696 1094 2735 1893),
1127 2692 1191 2736 qui
1218 2691 1506 2736 diligentissime
1534 2690 1578 2723 de
1610 2689 1669 2722 his

134 2746 421 2781 difficultatibus
448 2748 526 2791 egit
551 2759 586 2791 p.
610 2752 626 2780 7
644 2758 723 2790 sqq.
751 2750 794 2780 47
811 2757 888 2789 sqq.
929 2746 1130 2780 Mommsen
1156 2746 1202 2779 R.
1226 2745 1271 2779 F.
1293 2744 1325 2778 H
1351 2756 1385 2788 p.
1408 2746 1595 2777 242—245
1624 2742 1669 2775 de

135 2798 170 2834 C.
192 2799 348 2834 Poetelii
375 2800 563 2834 dictatura
588 2799 789 2841 dubitauit,
816 2798 986 2832 Niebuhr
1011 2799 1061 2832 III
1085 2810 1120 2842 p.
1143 2801 1209 2831 275
1226 2809 1278 2841 sq.
1307 2797 1352 2830 de
1379 2796 1554 2830 Fabiana.

230 2855 264 2898 2)
292 2853 429 2888 Contra
449 2853 632 2887 Diodorus
661 2856 716 2895 14,
741 2856 818 2895 113,
839 2856 859 2885 4
884 2851 1083 2886 Fabiorum
1105 2853 1190 2885 ante
1212 2850 1357 2884 cladem
1377 2849 1564 2883 Aliensem
1587 2847 1669 2882 Clu-
