2002 3342
290 198 365 227 LVI
856 183 1254 218 PROLEGOMENON

288 294 334 333 ad
369 294 461 333 belli
496 294 657 332 alterius
686 294 920 331 Samnitium
954 298 1148 344 tempora,
1183 293 1325 344 quibus
1354 294 1554 344 aequalem
1589 297 1823 346 scriptorem

289 366 443 398 certum
472 359 608 397 Liuius
636 371 677 397 se
704 357 853 397 uidisse
880 354 1050 411 11egat1),
1078 360 1222 396 mutari
1249 358 1409 397 uidetur
1435 371 1479 397 ea
1507 372 1566 410 re,
1600 360 1702 410 quod
1728 373 1823 411 pau·

290 424 396 462 latim
437 436 627 462 numerus
664 425 866 461 nominum
907 424 1096 474 copiaque
1134 436 1266 462 rerum
1304 429 1480 474 augetur,
1516 424 1649 475 plures
1685 431 1825 475 gentes

290 489 335 528 ad
364 490 619 539 magistratus
647 487 977 526 administrandos
1005 488 1325 540 admittebantur,
1352 501 1417 527 res
1444 494 1575 540 gestae
1602 489 1824 529 litterarum

291 554 467 593 custodia
495 554 716 591 accuratius
744 553 1014 592 seruabantur.
1055 559 1092 591 at
1118 553 1395 605 inaequalitas,
1429 567 1503 605 qua
1529 555 1656 605 prima
1686 561 1824 605 pentas

291 619 454 657 Liuiana
476 620 643 669 insignis
666 624 735 669 est,
763 631 811 657 ne
832 620 872 656 in
893 618 1014 657 altera
1035 618 1192 669 quidem
1216 620 1375 657 omnino
1398 619 1543 657 desinit
1564 620 1824 671 consulesque

290 686 407 722 etiam
424 690 507 722 tum
529 683 771 734 perlongum
794 684 982 734 temporis
1004 684 1173 734 spatium
1195 685 1495 722 communicatis
1520 684 1735 723 honoribus
1756 697 1825 723 sua

290 751 458 801 quisque
486 749 598 787 laude
628 754 852 787 caruerunt.
887 749 1031 787 frustra
1059 750 1180 798 igitur
1207 749 1252 787 de
1275 749 1503 787 discrimine
1531 749 1608 799 illo,
1635 762 1711 800 quo
1738 755 1827 801 post

290 815 441 853 cladem
483 814 670 852 Gallicam
707 814 753 852 ad
790 815 958 852 certiora
995 815 1255 864 eniteremur,
1297 814 1555 852 declamatum
1593 821 1664 853 est.
1705 816 1826 853 immo

291 880 492 919 saeculum
520 885 558 917 et
591 878 829 917 antecedens
857 885 895 917 et
928 878 1174 929 subsequens
1200 891 1324 929 paene
1358 880 1398 917 in
1432 879 1551 917 simili
1585 879 1828 918 obscuritate

291 946 426 995 latent,
455 943 581 983 ‘uelut
608 956 706 995 quae
733 956 874 995 magno
903 956 948 982 ex
975 943 1183 982 interuallo
1210 944 1286 982 loci
1312 946 1377 982 uix
1407 943 1648 983 cernantur'.

381 1010 519 1048 Liuius
540 1015 671 1048 autem
699 1009 721 1047 1.
743 1022 772 1047 s.
794 1022 870 1047 non
892 1008 1007 1047 modo
1029 1013 1179 1047 certum
1202 1010 1435 1060 scriptorem
1457 1021 1535 1047 non
1557 1015 1711 1048 exstare
1732 1022 1827 1061 que-

292 1082 376 1115 stus
403 1081 463 1114 est
490 1074 558 1114 sed
585 1075 703 1113 etiam
731 1080 770 1113 et
790 1074 1033 1125 singulorum
1055 1079 1162 1124 gesta
1184 1081 1219 1112 et
1242 1074 1397 1125 publica
1418 1080 1670 1113 monumenta
1693 1087 1826 1113 rerum

292 1141 453 1179 confusa
475 1152 712 1190 causamque
735 1141 775 1177 in
797 1139 1008 1178 ambitione
1024 1139 1318 1190 mendaciisque
1341 1141 1525 1191 positam3
1546 1141 1677 1191 itaque
1697 1141 1828 1190 prius-

293 1219 409 1257 quam
437 1207 531 1244 satis
559 1210 690 1243 certus
718 1205 889 1255 scriptor
915 1216 979 1242 res
1006 1205 1219 1242 memoriae
1247 1204 1489 1255 mandasset,
1520 1206 1597 1242 iam
1624 1204 1828 1243 mendacia

291 1271 355 1309 illa
378 1273 417 1309 in
438 1271 670 1322 pontificum
698 1270 817 1308 fastos
839 1270 1032 1307 inuasisse
1054 1269 1129 1307 sihi
1150 1275 1413 1320 persuaserat,
1441 1282 1540 1320 quae
1561 1271 1693 1320 opinio
1715 1271 1829 1308 annis

295 1336 512 1387 diebusque
541 1335 831 1386 triumphorum
859 1335 1125 1385 confirmatur,
1153 1347 1321 1385 quorum
1344 1336 1438 1385 quin
1459 1347 1598 1385 magna
1625 1347 1715 1385 pars
1743 1332 1831 1385 (dle

292 1402 688 1451 lzmqnsarchliclzsten
716 1400 1094 1449 Triumphaldccten)
1123 1401 1297 1450 gentium
1325 1401 1515 1438 memoria
1543 1405 1647 1438 esset
1673 1405 1829 1438 seruata

293 1467 509 1505 Mommsen
538 1463 605 1507 (R.
626 1466 669 1504 F.
692 1465 723 1503 ll
750 1477 786 1515 p.
802 1461 908 1518 377)
936 1477 1014 1503 non
1041 1477 1158 1515 posse
1180 1464 1351 1503 dubitari
1372 1464 1515 1503 docuit.
1549 1477 1647 1515 quae
1669 1464 1828 1516 quidem

295 1533 328 1570 si
354 1532 425 1570 hos
452 1531 706 1570 retinuerunt
732 1535 798 1568 aut
822 1535 958 1581 postea
987 1536 1176 1569 eruerunt
1204 1536 1241 1568 et
1269 1530 1522 1581 collegerunt,
1551 1531 1668 1568 etiam
1696 1542 1829 1568 rerum

296 1598 435 1648 capita,
464 1595 608 1647 quibus
634 1595 692 1633 illi
718 1595 889 1633 honores
918 1595 1068 1634 decreti
1089 1601 1216 1646 erant,
1238 1594 1415 1633 breuiter
1436 1595 1720 1646 comprehensa
1743 1607 1830 1634 esse

295 1661 496 1714 probabile
518 1667 589 1712 est,
616 1661 870 1699 ambitionem
892 1667 1021 1699 autem
1042 1661 1218 1711 gentium
1239 1666 1321 1698 tum
1344 1661 1549 1710 exarsisse,
1578 1672 1667 1698 cum
1695 1659 1831 1698 laudes

295 1729 467 1779 plurium
495 1728 598 1765 inter
626 1739 666 1765 se
694 1727 980 1776 conferrentur,
1008 1725 1047 1764 id
1075 1725 1178 1777 quod
1205 1726 1292 1764 fieri
1318 1738 1395 1764 non
1421 1727 1549 1777 potuit
1569 1727 1646 1764 nisi
1673 1726 1831 1776 pontifi-

297 1805 385 1831 cum
413 1804 531 1843 opera
558 1793 804 1843 interposita,
832 1804 921 1829 cum
948 1790 1099 1829 tabulas
1121 1804 1211 1830 suas
1233 1791 1473 1842 supplerent,
1501 1804 1616 1842 quam
1638 1792 1670 1829 si
1695 1804 1727 1830 a.
1748 1791 1831 1829 fere

297 1855 499 1897 300.454
532 1862 714 1896 nauatam
743 1869 829 1895 esse
857 1858 1068 1907 sumimus,
1102 1856 1193 1894 inde
1220 1855 1377 1907 publice
1405 1862 1541 1906 gentes
1570 1855 1614 1894 de
1642 1856 1743 1894 fama
1770 1868 1831 1894 re-

298 1936 384 1962 rum
413 1935 433 1961 a
461 1935 501 1961 se
529 1928 728 1973 gestarum
754 1923 859 1960 inter
886 1934 927 1960 se
955 1927 1107 1961 certare
1129 1923 1307 1972 coepisse
1327 1920 1515 1960 uidentur
1535 1926 1650 1971 atque
1671 1933 1748 1959 non
1770 1933 1832 1959 so-

298 1988 377 2027 lum
406 1988 453 2026 ad
480 1987 713 2038 explendam
740 1987 885 2038 gloriae
913 1987 1169 2038 cupiditatem
1202 1974 1498 2037 iuuentutisque
1526 1985 1654 2025 studia
1681 1986 1833 2024 inflam-

298 2053 438 2092 manda
460 2065 550 2091 suas
572 2052 707 2091 laudes
729 2053 884 2091 auxisse
906 2052 970 2090 uel
992 2052 1232 2090 calamitates
1253 2057 1434 2102 acceptas
1456 2050 1720 2102 explodentes,
1741 2063 1832 2090 con-

298 2124 489 2169 tegentes,
518 2123 750 2156 excusantes
772 2123 848 2168 aut,
876 2118 1060 2168 quoniam
1083 2117 1166 2156 dies
1187 2119 1261 2156 atri
1281 2119 1321 2155 in
1341 2117 1544 2155 hominum
1561 2116 1833 2156 recordatione

301 2183 509 2233 durabant,
549 2182 703 2233 culpam
740 2184 780 2220 in
817 2182 913 2220 alios
950 2183 1235 2221 transferentes
1273 2182 1355 2233 uel,
1394 2188 1437 2221 ut
1474 2182 1609 2233 plures
1646 2183 1835 2221 uictorias

299 2248 601 2299 triumphosque
622 2249 856 2298 arriperent,
882 2247 982 2285 bella
1010 2260 1099 2286 cum
1120 2248 1298 2286 finitimis
1321 2247 1526 2286 dilatantes
1547 2259 1689 2298 resque
1711 2247 1834 2285 semel

300 2320 430 2365 gestas
458 2315 658 2363 iterantes,
686 2313 754 2351 sed
783 2314 898 2351 etiam
927 2312 1032 2363 alias,
1060 2313 1093 2350 si
1119 2317 1291 2363 possent,
1318 2313 1440 2350 uariis
1467 2312 1617 2351 artibus
1644 2313 1726 2350 suis
1752 2323 1834 2350 me-

302 2381 388 2418 ritis
422 2378 653 2429 spoliantes,
687 2391 854 2429 quorum
890 2377 1186 2416 mendaciorum
1220 2378 1314 2416 satis
1350 2377 1470 2416 multa
1505 2376 1680 2428 exempla
1716 2389 1833 2427 supra

302 2445 632 2483 enumerauimus.

392 2508 672 2559 Supplementa
700 2513 830 2546 tamen
857 2507 921 2546 illa
948 2520 1024 2546 non
1054 2507 1175 2546 semel
1208 2507 1325 2558 idque
1352 2508 1423 2557 ita,
1455 2513 1499 2545 ut
1525 2507 1564 2544 in
1597 2511 1833 2556 perpetuum

304 2580 541 2623 constarent,
570 2586 658 2612 esse
686 2574 901 2624 composita
928 2572 1116 2611 uidentur
1143 2572 1211 2611 sed
1237 2572 1469 2623 pontificum
1495 2571 1690 2609 uoluntati
1716 2576 1755 2609 et
1775 2583 1835 2608 ar-

302 2640 419 2679 bitrio
453 2638 630 2677 subiecta
664 2638 802 2688 fuisse,
837 2643 880 2676 ut
915 2639 1240 2689 quotiescumque
1278 2649 1413 2675 eorum
1444 2637 1613 2674 maximo
1649 2635 1836 2686 placeret,

304 2705 480 2757 gentium
501 2703 744 2754 quarundam
766 2702 970 2741 ambitioni
999 2708 1037 2741 et
1057 2703 1281 2740 auctoritati
1308 2706 1486 2752 paterent
1513 2706 1629 2752 atque
1650 2701 1767 2739 etiam
1794 2701 1834 2739 in

402 2790 433 2832 1)
461 2792 492 2829 8,
507 2792 563 2828 40,
579 2793 608 2821 ι’).
639 2787 682 2822 cf.
705 2787 855 2830 Dionys.
875 2792 903 2831 1,
922 2791 975 2830 73,
994 2792 1028 2821 l:
1056 2787 1213 2826 παλαιὸς
1233 2787 1298 2830 μὲν
1319 2783 1386 2820 οὖν
1401 2786 1483 2820 οὔτε
1499 2785 1732 2829 συγγραφεὺς
1752 2784 1836 2820 οὔτε

304 2841 537 2888 λογογράφος
563 2841 636 2876 ἐστὶ
657 2839 848 2884 Ῥωμαίων
875 2839 962 2875 οὐδὲ
989 2838 1049 2880 εἷς.
