2002 3342
676 180 715 222 Q.
744 181 914 215 FABIVS
940 181 1113 217 PICTOR
1497 197 1657 228 Lxxvn

125 293 334 344 Dionysius
370 304 459 331 eum
493 293 533 330 in
569 291 682 330 bellis
715 292 874 330 Punicis
907 292 1128 331 scribendis
1162 293 1355 343 elegantia
1388 293 1547 345 Polybio
1581 308 1655 333 non

126 358 251 397 solum
278 369 411 409 parem
439 357 561 395 fuisse
589 357 657 395 sed
684 359 800 395 etiam
828 359 953 407 magis
980 357 1054 395 sibi
1081 357 1266 396 adrisisse
1293 356 1531 413 iudicauit.¹)

216 423 269 461 De
297 422 387 460 libri
415 423 737 473 inscriptione
764 422 862 460 nihil
889 424 987 460 certi
1015 428 1178 461 constat.
1212 423 1388 462 adfertur
1414 424 1493 461 sola
1524 424 1657 463 Latina

127 488 325 527 annalium
353 484 393 541 (a
415 486 603 526 Cicerone
632 488 676 526 fr.
699 485 737 538 3,
765 500 782 525 a
806 487 930 525 Plinio
959 489 1003 525 sr.
1027 486 1093 526 94.
1115 486 1209 541 2T);
1237 501 1325 526 nam
1354 502 1468 539 quam
1496 502 1541 527 ex
1569 503 1657 528 uer-

125 553 186 592 bis
214 552 434 604 Polybianis
463 549 520 605 (3,
537 550 574 603 9,
591 549 636 606 3)
665 552 814 591 Krause
842 566 876 603 p.
892 550 950 590 44
977 552 1051 590 sibi
1079 553 1262 592 elicuisse
1289 555 1400 592 uisus
1427 560 1486 592 est
1512 554 1655 606 βίβλοι

125 617 426 670 ὑπομνήσεως,
441 617 540 656 male
556 617 756 656 intellecta
778 618 841 656 illa
858 630 943 656 esse
963 619 1039 656 iam
1055 617 1206 656 Becker
1221 620 1260 656 in
1276 618 1537 670 antiq.11‘›.41
1557 618 1658 658 11.'‹'·2

125 685 288 722 monuit.
327 695 454 734 neque
490 683 535 721 de
570 695 702 721 rerum
734 695 805 734 per
837 683 958 721 libros
993 682 1271 721 distributione
1305 683 1518 735 quidquam
1555 697 1658 723 com-

125 754 282 800 pertum
303 748 505 799 habemus,
533 761 621 787 cum
643 761 837 799 nusquam
860 761 905 787 ex
929 754 1035 787 certo
1058 748 1224 799 quodam
1253 748 1352 787 libro
1374 749 1530 800 aliquod
1557 752 1658 801 frag-

125 819 302 852 mentum
338 813 565 864 decerptum
601 826 686 852 esse
719 813 934 852 indicatum
967 810 1071 868 siff)
1112 813 1219 852 Idem
1247 815 1431 865 quoniam
1465 816 1546 865 ipsa
1575 817 1658 854 eius

124 878 247 917 uerba
279 878 384 917 nulla
411 878 458 917 ad
484 891 555 917 nos
581 883 870 930 peruenerunt,
905 878 956 917 de
990 891 1164 929 genere
1192 879 1440 918 scribendi
1473 881 1658 931 proliten-

127 943 218 982 dum
246 950 316 983 est.
352 956 441 982 nam
469 956 596 995 neque
624 945 718 995 quin
740 956 839 995 quae
860 944 1069 995 Dionysius
1091 950 1128 983 et
1148 944 1381 983 Plutarchus
1404 957 1449 983 ex
1471 958 1515 984 eo
1539 952 1658 984 rettu-

125 1009 268 1060 lerunt,
295 1010 412 1048 etiam
439 1011 522 1048 suis
549 1010 781 1048 commentis
809 1015 845 1048 et
873 1010 1051 1047 artificiis
1079 1009 1287 1047 rhetoricis
1315 1012 1594 1049 exornauerint
1622 1019 1659 1049 et

125 1075 391 1113 infucauerint
420 1076 629 1126 quisquam
658 1070 893 1128 dubitabit3)
928 1087 1056 1125 neque
1085 1076 1179 1125 quin
1206 1075 1289 1125 ipse
1318 1080 1399 1113 arte
1427 1087 1496 1113 sua
1524 1088 1658 1115 carere

125 1140 313 1191 noluerit,
348 1142 381 1178 si
413 1140 519 1191 larga
553 1142 664 1192 copia
696 1141 885 1178 materiae
920 1146 1165 1191 suppeteret,
1201 1146 1243 1178 ut
1276 1141 1317 1178 in
1351 1139 1479 1179 sabula
1513 1140 1659 1179 Romae

126 1204 322 1257 conditae,
351 1206 449 1244 fines
476 1211 607 1244 tamen
635 1205 797 1244 discribi
824 1218 901 1244 non
928 1212 1105 1256 possunt.

216 1270 312 1309 Cum
346 1270 424 1309 illis
457 1283 551 1309 uero
586 1284 685 1322 quae
717 1283 835 1321 supra
868 1272 1214 1322 transscripsimus
1247 1270 1381 1309 uerbis
1413 1270 1589 1322 Dionysii
1623 1278 1660 1310 et

126 1335 330 1374 Ciceronis
362 1348 524 1387 prorsus
559 1335 800 1387 discrepant,
841 1349 939 1387 quae
972 1337 1068 1387 ipsis
1101 1335 1236 1375 uerbis
1270 1348 1317 1374 ex
1348 1336 1459 1374 Fabii
1492 1337 1659 1376 Pictoris

129 1401 333 1440 annalibus
355 1400 540 1452 decerpta
561 1407 825 1440 seruauerunt
845 1401 981 1440 Latina
1003 1401 1178 1451 Seruius,
1200 1400 1476 1451 Quintilianus,
1498 1401 1661 1453 Nonius,

125 1472 169 1505 ut
201 1466 274 1504 hoc
308 1466 468 1517 quidem
501 1467 767 1505 certissimum
801 1468 869 1517 sit,
905 1468 1022 1505 etiam
1059 1466 1224 1505 Latine
1262 1466 1456 1505 annales
1489 1480 1509 1505 a
1542 1466 1660 1506 Fabio

128 1532 281 1571 Pictore
303 1531 470 1583 quodam
499 1533 792 1583 compositos
820 1544 918 1570 esse.
959 1533 1174 1583 quaeritur,
1201 1533 1290 1583 quis
1311 1533 1344 1570 is
1365 1532 1508 1570 Fabius
1529 1532 1662 1572 Pictor

126 1598 257 1636 suerit.
301 1604 416 1649 atque
452 1597 604 1636 Becker
642 1597 801 1648 quidem
838 1593 986 1650 (Antiq.
1013 1597 1028 1635 I
1054 1610 1090 1648 p.
1112 1594 1188 1650 41)
1226 1603 1264 1636 et
1299 1610 1387 1636 cum
1428 1611 1472 1636 eo
1510 1598 1661 1637 Closset

127 1659 182 1717 (p.
198 1660 284 1701 446
297 1675 354 1714 sq.
376 1660 459 1701 677
474 1659 563 1717 sq),
591 1662 814 1714 Nipperdey
835 1659 999 1715 (Opusc.
1020 1675 1056 1714 p.
1073 1660 1191 1716 399),
1219 1663 1443 1713 Schwegler
1464 1659 1498 1716 (Ι
1518 1676 1554 1715 p.
1573 1660 1660 1718 76),

126 1728 243 1767 Hertz
270 1724 329 1781 (in
358 1727 547 1767 Fleckeis.
574 1741 662 1767 ann.
691 1725 745 1767 85
773 1741 808 1779 p.
823 1726 878 1766 47
908 1733 946 1766 et
972 1729 1013 1766 in
1039 1740 1169 1779 progr.
1196 1741 1233 1779 p.
1248 1725 1314 1781 ⁵2),
1341 1728 1406 1767 alii
1432 1728 1475 1774 Q.
1497 1728 1660 1768 Fabium

125 1793 334 1845 Pictorem,
361 1795 429 1844 qui
455 1799 568 1832 antea
589 1793 736 1832 Graece
764 1794 1002 1844 scripsisset,
1029 1799 1164 1844 postea
1192 1793 1351 1832 annales
1379 1806 1470 1832 suos
1496 1795 1536 1832 in
1558 1794 1660 1833 Lati-

126 1871 221 1898 num
247 1860 417 1898 uertisse
438 1860 687 1909 existumant,
715 1858 784 1897 sed
805 1860 888 1909 ipse
911 1858 1052 1897 adduci
1073 1871 1151 1897 non
1171 1871 1345 1910 possum,
1372 1864 1415 1897 ut
1436 1859 1500 1898 illa
1523 1865 1660 1910 aetate,

127 1924 231 1976 quod
257 1937 471 1976 numquam
504 1924 607 1975 apud
632 1924 828 1963 Romanos
856 1924 1078 1962 Graecosue
1105 1925 1251 1963 factum
1279 1930 1356 1975 est,
1390 1924 1558 1963 eundem
1592 1925 1660 1963 ho-

126 1991 273 2029 minem
296 1989 341 2029 de
364 1989 512 2028 eisdem
534 1989 652 2028 rebus
673 1994 711 2028 et
732 1989 880 2029 Graece
902 1995 940 2028 et
960 1989 1097 2028 Latine
1119 1991 1247 2040 egisse
1269 1989 1439 2028 credam.
1468 1989 1661 2029 accedunt

128 2055 226 2094 duae
248 2067 322 2094 res.
356 2056 527 2106 primum
550 2056 653 2094 enim
676 2068 774 2106 quae
796 2068 912 2094 causa
939 2055 1022 2105 fuit,
1046 2061 1088 2093 ut
1108 2056 1244 2106 paucis
1272 2056 1385 2093 annis
1406 2061 1659 2107 posteaquam

126 2122 298 2172 patrium
326 2132 548 2159 sermonem
576 2122 739 2171 spreuit,
765 2120 886 2159 libros
908 2119 1057 2159 Graece
1079 2121 1325 2171 conscriptos
1351 2122 1391 2158 in
1417 2133 1505 2159 eum
1534 2126 1659 2159 trans-

127 2184 278 2224 ferret‘?
316 2198 411 2224 num
438 2198 567 2224 sermo
594 2191 705 2224 antea
738 2185 922 2224 horridus
950 2191 989 2224 et
1015 2185 1124 2224 rudis
1151 2191 1229 2224 tam
1258 2185 1386 2224 subito
1421 2191 1595 2224 mutatus
1623 2192 1660 2224 et

127 2251 306 2290 excultus
334 2257 410 2297 est,
442 2256 486 2289 ut
517 2252 593 2289 iam
626 2251 775 2290 homini
802 2250 951 2290 Graece
979 2250 1091 2289 docto
1119 2250 1166 2289 ad
1192 2251 1397 2289 historiam
1432 2256 1544 2302 aptus
1573 2263 1659 2290 esse

126 2314 359 2355 uideretur?
393 2322 457 2355 aut
479 2317 596 2355 etiam
616 2316 818 2355 hominum
840 2316 988 2355 Graece
1008 2317 1272 2354 nescientium
1295 2315 1491 2354 desiderio
1512 2322 1550 2355 et
1569 2318 1661 2355 usui

128 2383 280 2421 seruire
312 2394 417 2420 nunc
448 2379 602 2420 uoluit‘?
645 2381 786 2421 deinde
814 2381 950 2420 Cicero
984 2393 1178 2432 nusquam
1211 2381 1258 2419 de
1285 2381 1404 2420 Fabio
1431 2381 1585 2420 Pictore
1618 2388 1660 2420 ut

223 2528 256 2570 1)
285 2525 504 2560 Plutarchus
519 2525 752 2560 Cunctatoris
772 2525 1030 2560 laudationem
1050 2525 1118 2559 filii
1139 2537 1222 2559 eum
1237 2524 1467 2569 Thucydidis
1484 2524 1659 2559 orationi-

126 2579 195 2614 bus
223 2590 438 2624 comparare
464 2591 574 2614 ausus
601 2580 667 2614 est.
705 2579 781 2613 uid.
804 2591 830 2613 s.
851 2591 886 2624 p.
902 2592 1017 2613 xxxm
1030 2590 1081 2622 sq.

223 2634 257 2676 2)
283 2632 434 2677 Dionys.
458 2638 489 2674 1,
506 2636 596 2675 79‚4
623 2633 678 2678 (fr.
701 2632 753 2675 fib)
786 2632 851 2666 ubi
883 2632 921 2666 in
956 2632 1060 2666 libris
1087 2642 1200 2666 manu
1233 2643 1299 2666 scr.
1328 2634 1383 2666 est
1411 2637 1476 2675 τῆς
1500 2636 1657 2676 γραφῆς,

127 2686 316 2731 Kiessling
348 2687 388 2721 ἐν
418 2687 542 2732 πρώτῃ
576 2691 699 2732 γραφῇ
735 2686 943 2720 coniecerat
976 2688 1013 2720 et:
1044 2685 1082 2719 in
1114 2687 1258 2719 textum
1289 2687 1491 2729 receperat.
1530 2686 1658 2729 postea

127 2740 254 2773 tamen
286 2739 366 2783 ipse
398 2741 490 2783 (ΖΜ
522 2739 649 2774 Kritz‘k
681 2739 741 2774 des
769 2740 882 2774 Dion.
914 2738 1026 2773 Basil.
1056 2741 1146 2772 1868
1172 2740 1256 2783 po)
1290 2737 1471 2782 praetulit>
1501 2737 1658 2772 Pluessii

128 2792 377 2827 coniecturam
403 2790 576 2837 γέγραφε,
603 2793 766 2836 itemque
792 2791 944 2836 Jacoby.

223 2847 255 2890 3>
283 2845 335 2880 Cf.
352 2845 493 2880 Becker
512 2845 668 2890 Antiq.1
689 2857 723 2890 p.
739 2849 818 2880 418.
848 2844 1058 2891 Schwegler
1078 2845 1141 2889 Ip.
1159 2849 1213 2879 56.
1241 2844 1358 2879 Lewis
1379 2844 1442 2888 lp.
1460 2847 1656 2877 237—241.
