2002 3342
676 677 1077 725 SEMPRONIVS
1116 677 1380 724 ASELLIO
1392 675 1424 741 ¹)

372 785 424 824 De
444 786 544 823 uita
567 785 790 836 Sempronii
804 784 1024 834 Asellionis,
1046 785 1109 822 cui
1130 797 1204 834 qua
1226 785 1457 822 auctoritate
1480 796 1499 822 a
1517 784 1674 835 Popma,
1695 784 1816 824 Lach-

279 863 435 901 manno,
462 850 627 889 Krausio
648 849 777 889 Publii
803 862 1043 901 praenomen
1071 848 1313 899 adscriptum
1335 855 1440 888 esset
1460 850 1606 888 frustra
1626 851 1816 901 quaesiui,

280 916 353 955 hoc
375 928 394 954 a
416 915 538 954 Gellio
566 917 802 966 accepimus,
830 927 918 953 eum
946 914 1018 953 sub
1046 915 1086 953 P.
1108 914 1290 966 Scipione
1311 915 1493 953 Africano
1521 914 1724 954 tribunum
1744 917 1816 954 mi-

279 981 391 1020 litum
433 978 539 1033 (cum
573 980 718 1018 Rutilio
757 979 875 1030 Rufo,
914 981 1008 1018 item
1040 979 1199 1018 tribuno
1232 980 1401 1018 militum
1443 980 1537 1031 App.
1568 979 1667 1018 Iber.
1690 977 1744 1019 88
1779 985 1818 1019 et

280 1046 319 1084 C.
342 1046 510 1097 Lucilio,
538 1047 606 1097 qui
633 1047 772 1084 satiras
800 1046 970 1096 scripsit,
997 1045 1129 1084 Vellei.
1151 1042 1189 1096 2,
1211 1042 1249 1095 9,
1269 1041 1316 1098 4)
1344 1045 1391 1084 ad
1417 1044 1668 1084 Numantiam
1696 1046 1816 1083 fuisse

280 1109 344 1165 (fr.
361 1108 419 1164 6),
447 1111 485 1149 id
507 1117 566 1149 est
586 1111 698 1149 annis
723 1108 817 1149 134.
834 1107 920 1148 620
948 1116 986 1149 et
1015 1108 1110 1148 133.
1127 1107 1224 1159 621,
1252 1110 1395 1161 quibus
1418 1110 1547 1162 Scipio
1570 1112 1611 1148 in
1631 1110 1815 1161 Hispania

280 1189 363 1215 rem
390 1177 523 1227 gessit.
569 1175 659 1214 libri
687 1181 817 1214 autem
846 1176 929 1213 eius
959 1175 1250 1214 descenderunt
1280 1177 1487 1214 minimum
1523 1188 1650 1226 usque
1676 1175 1724 1214 ad
1751 1187 1816 1214 an-

278 1254 374 1280 num
402 1238 470 1280 91.
493 1238 578 1279 663
612 1238 676 1293 (fr.
702 1239 773 1290 11,
807 1240 871 1279 uel
899 1238 966 1279 86.
989 1238 1073 1279 668
1108 1246 1174 1279 aut
1208 1238 1274 1278 83.
1297 1238 1378 1278 671
1409 1241 1455 1279 cf.
1479 1240 1565 1278 adn.
1587 1240 1633 1279 ad
1661 1241 1706 1279 fr.
1731 1236 1817 1294 13),

280 1306 385 1345 unde
414 1319 503 1344 eum
531 1312 569 1344 et
591 1318 743 1344 summa
764 1311 967 1344 senectute
989 1305 1035 1344 ad
1056 1306 1261 1344 historiam
1283 1317 1369 1344 sese
1391 1307 1635 1344 conuertisse
1658 1312 1819 1356 apparet

279 1378 318 1410 et
357 1373 566 1422 perpaucis
606 1372 736 1421 annis,
779 1376 987 1422 postquam
1029 1370 1093 1409 uel
1133 1383 1233 1422 equo
1271 1370 1335 1409 uel
1374 1372 1478 1409 inter
1517 1370 1817 1409 contubernales

281 1438 498 1475 comitesue
525 1448 679 1475 merere
708 1437 855 1490 coepit,
889 1435 935 1474 ad
961 1435 1073 1474 illum
1100 1435 1248 1474 tribuni
1274 1437 1546 1486 magistratum
1573 1441 1816 1487 prouectum.

279 1508 394 1541 natus
429 1503 549 1552 igitur
582 1507 641 1540 est
674 1507 762 1540 ante
790 1514 821 1539 a.
847 1498 942 1540 150.
964 1498 1051 1539 604
1078 1503 1101 1539 i.
1124 1513 1155 1540 e.
1185 1501 1454 1552 duodeuiginti
1488 1503 1600 1540 annis
1633 1506 1720 1540 ante
1747 1502 1815 1539 tri-

277 1567 487 1617 bunatum,
526 1568 577 1605 ita
611 1573 741 1605 tamen
775 1572 817 1605 ut
849 1566 951 1605 ultra
984 1579 1129 1605 annum
1160 1564 1254 1605 160.
1276 1564 1363 1606 594
1394 1568 1460 1605 uix
1494 1566 1651 1617 regredi
1689 1566 1815 1605 liceat.

277 1633 466 1671 historiae
504 1633 674 1683 scriptae
711 1644 797 1670 esse
832 1632 1019 1670 uidentur
1055 1633 1160 1670 inter
1195 1644 1316 1670 annos
1344 1629 1414 1670 90.
1436 1629 1522 1670 664
1555 1637 1592 1670 et
1629 1629 1696 1670 80.
1718 1629 1815 1670 674.

281 1710 451 1748 quocum
486 1702 661 1748 tempore
689 1698 835 1748 optime
869 1698 1041 1735 concinit
1067 1696 1222 1747 Cicero,
1255 1698 1322 1748 qui
1349 1697 1372 1735 1.
1394 1709 1423 1736 s.
1444 1709 1473 1735 s.
1502 1709 1591 1735 eum
1617 1703 1705 1747 post
1731 1695 1816 1734 Clo-

282 1762 387 1800 dium
416 1762 546 1800 Coelio
573 1763 778 1813 Antipatro
806 1763 1046 1801 successisse
1074 1763 1244 1813 scripsit.
1256 1758 1288 1813 2)

369 1827 591 1878 Appellauit
623 1833 754 1866 autem
788 1840 896 1878 eum,
931 1832 975 1866 ut
1007 1828 1092 1866 eius
1125 1827 1352 1877 languorem
1386 1833 1424 1865 et
1456 1828 1654 1866 inscitiam
1682 1839 1815 1878 repre-

278 1892 481 1931 henderet.
517 1892 562 1930 de
585 1894 734 1931 ratione
755 1897 887 1931 tamen
907 1892 1111 1931 historiam
1133 1892 1333 1931 scribendi
1355 1905 1395 1931 se
1419 1892 1628 1943 diligenter
1651 1891 1816 1930 medita-

279 1964 362 1996 tum
398 1970 485 1996 esse
518 1959 602 2008 ipse
635 1957 816 2008 pluribus
850 1959 889 1996 in
916 1959 1118 2008 prooemio
1145 1958 1347 2008 professus
1375 1963 1434 1996 est
1460 1953 1526 2011 (fr.
1552 1956 1586 1996 1.
1608 1954 1667 2011 2).
1720 1957 1816 1996 duas

280 2025 386 2062 enim
415 2035 479 2062 res
506 2022 581 2061 sibi
607 2028 883 2074 proposuerat,
917 2035 994 2061 non
1027 2028 1178 2061 tantum
1206 2022 1319 2061 modo
1346 2024 1429 2074 ipsa
1458 2023 1555 2061 facta
1583 2035 1815 2061 enumerare

279 2088 347 2127 sed
382 2089 499 2127 etiam
533 2101 609 2139 quo
647 2088 811 2126 consilio
848 2100 1001 2138 quaque
1038 2089 1188 2126 ratione
1224 2092 1331 2139 gesta
1368 2093 1501 2126 essent
1533 2087 1816 2138 demonstrare,

379 2205 411 2247 1)
439 2202 497 2236 W.
520 2202 703 2245 Stelkens‚
731 2202 808 2237 Der
826 2203 1017 2238 roemische
1041 2202 1420 2237 Geschiehtsschreiber
1434 2202 1667 2246 Sempronius
1680 2202 1817 2236 Asellio

279 2257 434 2302 (Progr.)
463 2256 608 2291 Crefeld
638 2259 739 2290 1867.
779 2255 838 2290 W.
859 2255 1011 2300 Eggert‚
1037 2255 1175 2300 Sempr.
1196 2257 1260 2290 As.
1281 2267 1383 2300 quem
1403 2256 1519 2290 locum
1543 2266 1720 2300 quamque
1738 2256 1816 2289 uim

279 2311 373 2344 inter
398 2310 480 2344 hist.
502 2310 608 2344 Rom.
628 2310 805 2344 habuerit.
846 2308 943 2343 Diss.
965 2308 1137 2343 Rostoch.
1169 2312 1269 2343 1869,
1309 2319 1353 2342 ex
1378 2308 1443 2343 1110
1464 2307 1591 2342 libello
1612 2319 1733 2352 pauca.
1752 2308 1816 2342 ad-

280 2363 423 2405 notaui,
450 2374 493 2397 ex
520 2363 591 2397 hoc
617 2362 723 2397 nihil.

374 2418 408 2458 2)
436 2416 477 2449 A.
499 2415 654 2459 quidam
687 2415 926 2459 Sempronius
953 2415 1093 2449 Asellio
1126 2427 1158 2449 a.
1180 2419 1234 2449 89.
1258 2419 1325 2449 665
1351 2416 1514 2459 praetor,
1551 2414 1727 2458 quoniam
1760 2425 1813 2448 se-

279 2469 441 2503 cundum
469 2469 656 2503 debitores
683 2469 741 2503 ius
769 2467 935 2511 dicebat,
969 2468 1016 2502 ab
1043 2468 1096 2502 eis
1123 2469 1187 2511 qui
1213 2468 1473 2511 faenerabant‚
1503 2468 1542 2502 in
1568 2468 1646 2502 foro
1672 2467 1815 2502 occisus

277 2525 342 2556 est.
390 2521 467 2555 Liu.
489 2533 564 2565 per.
589 2525 643 2555 74.
679 2521 801 2556 Valer.
823 2521 919 2556 Max.
943 2525 974 2564 9,
991 2525 1021 2564 7,
1037 2526 1068 2556 4.
1101 2522 1197 2566 App.
1218 2522 1253 2556 b.
1275 2533 1304 2556 c.
1327 2525 1358 2564 1,
1379 2525 1434 2555 54.
1480 2532 1588 2564 quem
1615 2531 1705 2555 caue
1731 2532 1814 2555 cum

277 2574 414 2609 Rothio
441 2587 476 2619 p.
499 2578 566 2608 323
594 2574 800 2608 confundas
828 2586 911 2608 cum
936 2574 1126 2609 historico.
1172 2586 1259 2609 nam
1285 2574 1366 2618 qui,
1398 2576 1441 2608 ut
1473 2574 1518 2609 de
1545 2574 1628 2608 aliis
1656 2573 1814 2608 difficul-

276 2627 416 2662 tatibus
437 2630 596 2670 taceam,
624 2638 655 2662 a.
680 2631 758 2662 134.
781 2631 848 2662 620
869 2627 1040 2662 tribunus
1060 2627 1224 2661 militum
1244 2627 1326 2670 fuit,
1353 2627 1417 2660 uix
1437 2627 1689 2672 quadraginta
1708 2626 1813 2670 quin-

276 2691 347 2725 que
375 2681 485 2715 annis
512 2683 597 2725 post}
621 2683 773 2725 praetor
799 2682 945 2715 creatus
972 2682 1037 2715 est.
1083 2680 1233 2715 meliore
1254 2681 1331 2714 iure
1358 2680 1516 2714 eundem
1543 2680 1640 2714 hunc
1666 2679 1814 2714 histori-

278 2745 361 2768 cum
382 2745 462 2769 esse
484 2745 633 2769 censeas
656 2746 738 2768 cum
760 2734 871 2769 Lucio
886 2733 1086 2777 Asellione,
1108 2744 1129 2766 a
1149 2745 1221 2777 quo
1242 2735 1413 2778 praetore
1435 2744 1466 2768 a.
1484 2736 1562 2767 100.
1577 2737 1645 2767 654
1667 2733 1814 2778 egregie

278 2787 444 2821 Siciliam
465 2787 701 2832 prouinciam
722 2788 1023 2821 administratam
1045 2798 1123 2821 esse
1145 2787 1296 2831 scripsit
1314 2786 1499 2820 Diodorus
1519 2789 1575 2829 36,
1596 2789 1628 2828 8,
1654 2785 1693 2819 1(1
1714 2785 1815 2829 quod

276 2842 362 2885 post
389 2840 482 2875 alios
510 2840 627 2875 suasit
653 2840 824 2875 Stelkens
850 2852 885 2885 p.
908 2844 962 2875 11.
