2002 3342
806 184 842 219 C.
864 183 1073 218 FANNIVS
1550 196 1704 226 CXCVII

177 296 346 335 uidetur.
396 295 495 334 liber
521 295 719 334 annalium
748 297 887 334 citatus
915 300 973 333 est
1000 300 1180 345 octauus7
1214 296 1264 333 ita
1292 300 1421 332 tamen
1448 299 1507 344 ut,
1540 294 1634 345 quid
1661 307 1706 333 eo

175 363 396 412 expositum
430 362 497 411 sit,
531 360 754 399 dubitemus
791 365 830 398 et.
861 372 909 398 ne
943 361 1210 398 coniecturam
1243 359 1400 410 quidem
1435 360 1562 397 facere
1591 359 1706 397 liceat,

178 426 224 465 de
252 426 440 465 librorum
468 438 645 464 numero.
689 423 810 476 quid?
849 425 952 476 quod
980 437 1028 463 ne
1061 425 1133 462 hoc
1167 424 1324 475 quidem
1359 424 1600 475 exploratum
1635 431 1706 475 est⁷

174 491 278 530 unde
306 503 469 530 exorsus
497 493 545 529 sit
572 490 760 541 Fannius,
794 502 883 529 nam
911 503 1009 541 quae
1044 490 1259 540 fragmenta
1287 490 1333 528 ad
1361 496 1507 528 certam
1535 489 1703 541 aliquam

175 569 258 595 rem
294 557 431 595 referri
464 562 629 606 possunt
661 551 727 609 (sr.
748 553 788 594 4.
809 553 846 594 5.
869 554 907 594 6.
931 552 1053 609 19),
1092 556 1221 593 omnia
1261 555 1306 593 ad
1346 554 1466 593 solam
1506 556 1706 605 pertinent

176 621 442 660 Gracchorum
471 626 656 671 aetatem,
692 627 827 659 contra
861 620 1058 659 annalium
1092 621 1349 671 inscriptione
1376 619 1423 658 ad
1450 619 1560 658 urbis
1587 621 1704 671 origi-

171 699 261 725 nem
289 699 532 725 reuocamur.

262 751 439 803 Denique
466 753 551 790 eius
578 753 726 790 mentio
755 752 797 790 tii
824 764 843 790 a
870 753 1006 802 paucis
1028 750 1299 802 scriptoribus,
1325 752 1497 801 primum
1525 764 1544 789 a
1572 751 1703 789 Cice-

172 830 285 856 rone
312 815 377 870 (fr.
399 814 437 856 ἴ).
459 815 496 856 6.
521 814 542 854 7
578 829 667 855 cum
695 816 780 855 adn.
802 812 861 870 9).
907 817 974 867 qui
1010 822 1158 866 tamen,
1194 817 1267 855 etsi
1304 817 1339 854 ei
1372 815 1509 853 Fannii
1543 815 1703 854 annales

172 888 285 921 notos
313 883 433 921 fuisse
461 894 539 921 non
567 881 786 932 abnuerim,
815 894 969 932 uereor,
1001 894 1051 920 ne
1078 882 1153 932 ipsi
1180 881 1328 919 Fannio
1356 882 1566 931 epitomam
1592 880 1703 919 Bruti

170 944 236 999 (sr.
258 945 303 1001 9)
332 947 579 999 praetulerit,
612 959 727 998 quam
761 959 850 986 eum
878 948 917 985 in
946 946 1065 985 Bruto
1093 945 1301 985 scribendo
1328 946 1502 984 uoluisse
1530 951 1569 984 et
1594 945 1703 984 lecti-

170 1019 273 1052 tasse
309 1026 354 1051 ex
391 1012 570 1063 epistulis
605 1009 843 1067 uidemus.1)
893 1018 972 1051 [um
1000 1011 1166 1062 singulis
1194 1011 1290 1050 locis
1315 1011 1436 1050 uerba
1464 1011 1655 1062 quaedam
1682 1024 1702 1049 a

168 1077 386 1117 Charisio
415 1074 481 1131 (l'r.
503 1074 549 1132 2)
578 1084 617 1116 et
642 1079 681 1116 in
713 1077 912 1116 scholiis
940 1076 1295 1116 Veronensibus
1324 1072 1475 1130 (1123),
1503 1075 1654 1115 duobus
1682 1089 1702 1114 a

168 1143 416 1182 Prisciano
444 1141 509 1194 (fr.
529 1141 564 1182 1.
581 1139 664 1197 82))
693 1142 847 1181 laudata
868 1142 1026 1194 quidem
1049 1148 1151 1193 sunt,
1179 1142 1248 1181 sed
1275 1144 1359 1193 ipse
1381 1143 1420 1179 in
1442 1141 1624 1180 manibus
1645 1142 1701 1179 eis

168 1210 233 1247 uix
268 1209 351 1247 suit.
397 1214 519 1247 restat
550 1208 854 1259 Plutarchus,
888 1210 1000 1247 cuius
1032 1210 1134 1246 uitas
1162 1207 1310 1246 Tiberii
1340 1212 1379 1245 et
1411 1206 1480 1245 Gai
1508 1206 1701 1245 Graccho-

168 1287 255 1313 rum
288 1286 469 1324 magnam
501 1279 654 1324 partem
688 1273 817 1312 redire
851 1273 897 1312 ad
926 1273 1065 1312 Fannii
1098 1274 1369 1312 auctoritatem
1398 1274 1457 1311 De
1480 1272 1701 1322 Plut.f0m.

166 1352 202 1391 p.
225 1337 280 1379 95
297 1351 380 1390 sqq.
421 1340 609 1390 suspicati
646 1351 793 1377 sumus.
847 1351 1082 1390 quamquam
1119 1350 1224 1377 nunc
1261 1337 1470 1376 difficultas
1509 1337 1701 1388 quaedam

167 1404 333 1443 subnata
360 1410 429 1443 est.
470 1416 557 1442 nam
586 1403 755 1442 eundem
782 1404 975 1442 Fannium
1003 1410 1042 1442 et
1067 1416 1087 1442 a
1115 1403 1153 1442 C.
1177 1403 1351 1442 Graccho
1379 1403 1425 1442 ad
1453 1402 1700 1441 consulatum

166 1475 389 1520 promotum
412 1481 498 1508 esse
509 1465 542 1523 3)
565 1476 603 1508 et
624 1468 824 1508 consulem
853 1481 884 1507 a.
904 1467 998 1509 122.
1014 1467 1099 1508 632
1123 1468 1169 1507 de
1191 1470 1309 1507 sociis
1330 1474 1368 1507 et
1388 1469 1545 1506 nomine
1562 1467 1699 1506 Latino

166 1539 301 1573 contra
335 1547 423 1573 eum
457 1536 672 1573 orationem
705 1534 889 1573 habuisse
923 1536 1081 1573 scimus.
1127 1540 1165 1572 at
1190 1535 1375 1585 quoniam
1403 1533 1603 1572 Gracchus
1631 1545 1699 1583 spe

165 1601 251 1638 eius
278 1600 569 1650 suffragationis
597 1599 784 1650 deceptus
812 1599 938 1650 legem
963 1598 1068 1638 illam
1090 1605 1247 1650 practer
1267 1601 1352 1638 eius
1374 1604 1611 1649 senatusque
1635 1611 1699 1636 ex-

164 1666 428 1715 pectationem
457 1664 545 1703 tulit
566 1660 683 1718 (Plut.
700 1662 812 1717 872),
839 1664 1040 1703 consulem
1068 1678 1087 1703 a
1116 1677 1156 1703 se
1184 1666 1397 1716 impetrare
1425 1676 1502 1702 non
1523 1664 1698 1714 potuisse

164 1732 361 1781 sequitur,
396 1736 439 1768 ut
465 1732 622 1768 omnino
650 1742 670 1768 a
698 1736 835 1768 senatu
862 1730 1120 1769 uehementer
1146 1729 1374 1781 perturbato
1403 1726 1469 1783 (cf.
1492 1730 1585 1780 App.
1608 1728 1643 1767 b.
1666 1741 1697 1767 c.

170 1794 205 1847 1,
227 1792 303 1849 23)
332 1795 518 1834 deficeret
545 1794 801 1846 consultoque
823 1796 908 1834 eius
929 1807 1006 1834 non
1028 1795 1326 1846 obsequeretur,
1354 1796 1587 1846 praesertim
1609 1806 1697 1832 cum

162 1861 269 1900 solus
296 1860 433 1900 consul
453 1860 597 1899 Romae
626 1862 882 1899 remansisset
909 1860 1165 1912 exemplaque
1194 1860 1407 1899 domestica
1428 1855 1697 1912 imitat-etun&

259 1996 293 2037 1)
320 1993 373 2028 Cf.
400 1993 447 2027 ad
474 1994 550 2028 Ait.
575 1997 628 2035 12,
650 1999 681 2035 5,
703 1997 722 2027 3
750 1994 806 2037 (fr.
828 1996 879 2038 9):
913 1994 974 2030 sed
1006 1998 1045 2028 tu
1072 2005 1126 2028 me
1153 1999 1401 2038 γεωμετρικῶς
1427 1993 1628 2035 refeHeras,
1667 1996 1699 2026 te

161 2051 281 2082 autem
307 2059 406 2081 mmo
432 2048 575 2081 Brutus
600 2051 633 2082 et
651 2047 836 2090 Fannius,
862 2047 927 2081 ubi
955 2059 1021 2081 nos
1048 2057 1146 2081 nune
1172 2047 1362 2087 miramur,
1390 2045 1490 2090 quod
1517 2045 1697 2089 epitoma-

162 2102 282 2135 torem
314 2100 444 2134 eodem
476 2100 556 2135 loco
590 2100 696 2145 ponit
729 2111 801 2144 quo
834 2111 917 2134 eum
944 2101 1085 2146 ipsum,
1119 2099 1222 2134 cuius
1248 2099 1343 2134 liber
1369 2100 1406 2134 in
1434 2098 1696 2142 compendium

161 2153 334 2188 redactus
362 2155 427 2187 est.
474 2153 612 2188 similia
645 2155 769 2188 autem
804 2153 917 2188 etiam
950 2155 997 2188 ab
1028 2154 1111 2188 aliis
1138 2153 1379 2198 scriptoribus
1406 2152 1570 2196 antiquis
1597 2153 1699 2186 facta

162 2218 242 2242 esse
269 2208 423 2241 constat.

257 2263 291 2304 2)
319 2259 551 2303 Quamquam
578 2260 647 2294 hoc
673 2260 716 2295 fr.
743 2262 890 2295 tantum
917 2261 985 2295 sub
1006 2261 1138 2295 Fannii
1163 2260 1313 2294 nomine
1340 2262 1396 2294 esb
1421 2259 1614 2301 traditum,
1641 2260 1697 2293 ta-

169 2325 252 2349 men
284 2314 321 2348 in
355 2313 545 2347 annalium
572 2313 738 2357 reliquiis
765 2314 803 2348 id
830 2325 1019 2349 recensere
1052 2325 1124 2347 non
1157 2313 1421 2347 dubitauimus
1468 2312 1564 2347 solos
1597 2312 1696 2346 enim

163 2367 317 2402 annales
352 2367 498 2401 nouisse
533 2367 683 2401 uidetur
717 2367 928 2402 Priscianus
964 2367 1037 2411 (uel
1076 2367 1155 2401 eius
1196 2368 1340 2411 auctor)
1372 2377 1491 2410 neque
1535 2377 1694 2409 usquam

163 2421 368 2456 orationem
396 2420 474 2454 eius
502 2420 814 2463 commemorauit,
842 2432 885 2455 ex
912 2432 985 2465 qua
1012 2420 1080 2455 soli
1102 2420 1240 2464 Cicero,
1266 2420 1380 2454 Iulius
1401 2421 1540 2462 Victor,
1568 2419 1695 2453 Chari-

161 2475 236 2510 sius
263 2474 446 2518 quaedam
473 2476 726 2510 seruauerunt.

258 2530 291 2571 3)
319 2527 415 2561 Plut.
437 2527 515 2562 Gai.
539 2527 597 2562 Gr.
621 2532 652 2570 8,
676 2532 711 2562 1:
737 2525 969 2563 Ἐνστάντων
989 2528 1029 2562 δὲ
1048 2533 1121 2562 τῶν
1145 2528 1334 2562 ὑπατικῶν
1360 2525 1603 2572 ἀρχαιρεσίων
1630 2526 1695 2560 καὶ

161 2583 351 2626 μετεώρων
385 2580 501 2616 ὄντων
535 2581 711 2616 ἁπάντων
738 2581 850 2626 ὤφθη
880 2581 1076 2627 [Γράγχος]
1103 2581 1220 2615 Γάιον
1250 2580 1413 2615 Φάννιον
1443 2579 1615 2624 κατάγων
1641 2579 1695 2619 εἰς

159 2635 201 2670 τὸ
226 2634 358 2669 πεδίον
390 2635 455 2669 καὶ
486 2635 844 2680 συναρχαιρεσιάζων
878 2634 1005 2681 ἐκείνῳ
1039 2635 1128 2678 μετὰ
1161 2640 1234 2669 τῶν
1264 2632 1392 2678 φίλων,
1438 2640 1544 2669 τοῦτο
1572 2630 1692 2677 ῥοπὴν

162 2687 292 2732 ἤνεγκε
318 2690 366 2734 τῷ
391 2686 540 2735 Φαννίῳ
567 2687 736 2732 μεγάλην.
777 2688 820 2722 cf.
845 2693 900 2730 11,
923 2694 953 2722 2.

255 2743 289 2784 4)
317 2741 431 2775 Laelii
453 2743 580 2784 soceri,
608 2741 671 2786 qui
690 2742 769 2786 ipse
790 2742 978 2785 quondam
998 2741 1119 2785 plebis
1139 2741 1287 2786 inopiae
1309 2741 1485 2786 opitulari
1512 2740 1546 2773 in
1567 2739 1691 2773 animo

161 2794 355 2837 habuerat,
383 2794 706 2837 ἀντικρουσάντων
733 2796 771 2829 δὲ
798 2801 870 2830 τῶν
897 2798 1068 2830 δυνατῶν
1095 2795 1163 2829 hoc
1190 2795 1339 2839 incepto
1363 2794 1559 2828 destiterat
1579 2792 1688 2837 (Plut.

161 2846 242 2882 Tib.
265 2847 324 2882 Gr.
347 2851 379 2889 8,
401 2850 446 2891 33,
473 2849 510 2881 et
534 2848 571 2882 P.
594 2848 708 2882 Mucii
735 2848 953 2891 Scaeuolae,
988 2848 1139 2883 alterius
1167 2848 1285 2882 Laelii
1311 2848 1438 2892 generi
1466 2849 1503 2881 et,
1529 2845 1690 2880 consulis
