2002 3342
306 226 448 256 LXXVI
636 211 699 246 DE
727 211 1032 246 SCRIPTORVM
1058 211 1181 246 VITIS
1207 211 1269 246 ΕΤ
1297 212 1501 247 SCRIPTIS

304 323 378 362 bus
415 323 574 362 eaedem
612 323 754 373 exponi
790 328 881 361 sunt
914 328 1092 374 coeptae,
1128 328 1166 361 et
1200 327 1335 373 postea
1370 322 1615 362 Fridericum
1650 323 1831 375 Magnum

306 388 479 439 aliosque
511 388 692 426 homines
718 386 839 426 nobili
866 387 950 425 loco
978 393 1090 426 natos
1118 399 1181 425 res
1214 387 1518 438 franco-gallice
1544 388 1718 440 pedestri
1747 401 1832 427 ora-

305 454 411 491 tione
433 465 651 503 enarrasse,
679 465 767 491 cum
790 451 957 503 Gleimii,
983 451 1167 503 Ramleri,
1193 451 1358 503 Kleistii,
1385 452 1451 491 alii
1473 459 1623 505 poetae,
1649 466 1747 504 quae
1768 453 1833 492 ille

306 520 461 569 egregie
495 523 686 569 gesserat,
720 530 871 556 summa
904 530 993 556 cum
1026 517 1139 556 laude
1173 517 1415 556 carminibus
1448 524 1486 556 et
1518 518 1672 570 hymnis
1698 530 1832 570 perse·

306 579 571 637 que1·entur.¹)
612 595 728 634 quam
758 582 805 621 ob
833 595 917 621 rem
944 582 991 620 ad
1012 581 1219 620 Niebuhrii
1248 577 1310 635 (H.
1332 582 1375 620 R.
1402 582 1436 620 ΙΙ
1462 596 1497 634 p.
1511 581 1548 622 9.
1584 583 1790 622 Praelectt.
1817 583 1833 621 I

304 661 340 699 p.
358 645 431 701 19)
443 644 475 702 ²)
503 649 739 686 sententiam
758 660 836 686 non
858 648 1142 697 confugiemus,
1169 647 1332 685 Fabium
1353 649 1393 685 in
1418 647 1658 687 Graecorum
1678 649 1834 700 potissi-

305 725 413 751 mum
441 713 644 751 hominum
670 725 787 751 usum
814 714 1021 764 scripsisse
1049 713 1135 762 rati,
1165 718 1208 750 ut
1234 712 1376 751 melius
1403 718 1442 751 et
1466 713 1759 764 intellegentius
1787 713 1834 752 de

304 777 561 828 popularibus
589 779 670 817 suis
698 774 1025 832 existimarent-⁹³),
1052 776 1149 816 illud
1175 777 1272 815 mihi
1299 783 1338 816 et
1363 790 1409 816 ex
1437 779 1494 817 eis
1515 791 1613 829 quae
1641 791 1759 830 supra
1788 778 1834 817 de

304 842 414 881 Fabii
452 843 619 881 Pictoris
651 842 781 881 indole
816 848 854 882 et
888 842 1065 881 doctrina
1104 844 1267 893 exposui
1306 848 1343 880 et
1377 855 1422 881 ex
1459 845 1579 882 totius
1618 843 1835 882 nobilitatis

307 907 527 947 eruditione
550 904 740 961 Graeca4)
768 909 957 959 consequi
984 907 1156 957 uidetur,
1183 907 1293 946 illum
1321 920 1341 946 a
1369 920 1409 946 se
1436 909 1648 959 impetrare
1669 921 1747 947 non
1767 921 1834 960 po-

308 974 443 1023 tuisse,
470 979 513 1012 ut
540 973 675 1012 Latine
704 986 792 1012 cum
818 973 988 1012 Graecae
1016 973 1214 1023 historiae,
1241 972 1367 1023 qualis
1394 978 1477 1012 tum
1503 974 1701 1025 florerent,
1727 975 1836 1025 prin-

306 1038 459 1089 cipibus
487 1038 678 1089 doctoque
706 1040 945 1089 scriptorum
972 1051 1102 1089 grege,
1130 1039 1195 1088 qui
1223 1037 1482 1077 Hannibalem
1511 1045 1773 1090 sequerentur
1799 1045 1838 1078 et

304 1103 592 1154 blandirentur,
628 1105 667 1141 in
708 1109 909 1142 certamen
949 1103 1224 1154 descenderet,
1265 1105 1381 1142 etiam
1420 1104 1565 1143 Romae
1604 1110 1733 1143 autem
1769 1105 1836 1143 ha-

304 1167 421 1207 bebat
459 1181 530 1207 cur
568 1168 711 1207 multos
750 1181 791 1207 se
829 1169 1085 1207 inuenturum
1125 1180 1211 1207 esse
1246 1174 1440 1220 speraret,
1479 1171 1546 1220 qui
1585 1182 1682 1220 opus
1722 1182 1836 1208 suum

305 1235 441 1285 aequis
468 1235 609 1272 animis
635 1233 813 1284 legerent
839 1246 981 1285 resque
1008 1246 1028 1272 a
1048 1233 1166 1272 Fabia
1193 1238 1308 1284 gente
1335 1240 1464 1285 gestas
1486 1234 1836 1285 Corneliorumque

306 1301 457 1337 recenti
496 1298 618 1349 gloria
656 1298 884 1337 obscuratas
925 1298 1051 1337 denuo
1091 1304 1374 1349 cognoscerent
1413 1295 1836 1352 admirarenturque.⁵)

306 1365 498 1415 ignobiles
537 1369 666 1403 autem
706 1365 746 1402 in
788 1363 856 1402 tali
895 1376 1012 1415 opera
1050 1376 1129 1402 non
1167 1363 1340 1402 curabat.
1384 1364 1527 1403 Catone
1566 1364 1698 1403 hercle
1738 1377 1839 1416 opus

307 1437 405 1480 erat,
443 1431 510 1481 qui
545 1429 728 1467 omnibus
765 1428 919 1467 ciuibus
952 1428 1138 1467 Romanis
1176 1428 1222 1466 ad
1254 1429 1354 1467 hanc.
1387 1431 1651 1480 cognitionem
1687 1429 1837 1468 aditum

306 1495 555 1546 patefaceret.
598 1496 683 1545 ipsa
716 1500 845 1533 tamen
879 1499 961 1532 arte
995 1499 1033 1532 et
1068 1495 1218 1532 ratione
1254 1494 1458 1533 historiam
1491 1494 1692 1533 scribendi
1727 1495 1837 1533 illum

307 1573 452 1611 eosque
469 1562 535 1611 qui
557 1565 838 1598 successerunt
854 1558 998 1597 Fabius
1021 1570 1228 1610 superasse
1250 1559 1471 1598 uidebatur.
1505 1561 1600 1611 quin
1615 1561 1732 1598 etiam
1754 1561 1839 1611 ipse

403 1734 435 1770 li,
462 1732 545 1767 Vid.
569 1732 604 1767 C.
626 1733 735 1767 Peter
753 1733 797 1767 H.
813 1733 854 1765 R.
871 1733 885 1766 Ι
904 1745 939 1777 p.
956 1736 1023 1767 544
1036 1744 1088 1775 sq.
1122 1732 1333 1777 Schwegler
1352 1732 1367 1766 I
1385 1744 1420 1776 p.
1438 1736 1491 1766 76.
1518 1732 1688 1766 Ribbeck
1715 1733 1839 1768 Roem.

307 1787 496 1831 Dichtzmg]
517 1787 531 1820 I
550 1799 584 1831 p.
601 1790 655 1821 33.
678 1807 722 1811 —
742 1786 867 1820 Etiam
888 1786 1099 1819 Leibnizius
1116 1785 1293 1820 ‘Annales
1315 1785 1464 1830 imperii
1485 1785 1688 1820 occidentis
1702 1786 1839 1820 Bruns-

306 1839 489 1874 uicenses'
518 1840 649 1874 Latine
670 1839 829 1884 scripsit,
857 1840 927 1874 etsi
946 1839 1099 1883 linguae
1119 1839 1263 1883 patriae
1283 1838 1443 1872 uirtutes
1467 1840 1505 1873 el:
1525 1838 1680 1883 agnouit
1700 1841 1736 1873 et
1759 1838 1840 1873 lau-

307 1893 430 1935 dauit,
465 1893 563 1936 quod
591 1904 671 1927 eam
700 1893 747 1927 ad
778 1892 1058 1937 inquisitionem
1088 1893 1126 1926 et
1158 1892 1453 1936 disputationem
1478 1891 1643 1926 nondum
1675 1892 1840 1926 habilem

307 1958 385 1982 esse
412 1946 580 1991 putabat.

403 2008 436 2050 2)
463 2006 621 2040 Adsensi
643 2008 728 2041 sunt
742 2006 960 2050 Bernhardy
980 2006 1106 2040 Roem.
1124 2004 1457 2049 Literaturgesch.4
1475 2017 1511 2049 p.
1528 2008 1606 2039 641.
1633 2004 1840 2038 Mommsen

308 2059 459 2095 Chron.²'
484 2072 518 2104 p.
543 2064 608 2094 134
647 2061 752 2102 ('‘Ihr
784 2061 943 2094 aeltester
979 2058 1340 2094 Gesehichtsehrez'ber
1371 2058 1532 2101 Fabius,
1567 2058 1723 2100 welcher,
1757 2058 1841 2100 fuer

311 2113 486 2149 Grieehcn
511 2114 707 2159 yrieclw‘sch
731 2113 950 2155 schreibend,
977 2113 1078 2147 mcht
1101 2113 1229 2146 unzhin
1253 2113 1384 2146 kmmte
1410 2112 1468 2146 (lie
1497 2111 1841 2156 Olympiadenzaeh-

308 2169 396 2212 luny
422 2168 499 2202 hier
523 2168 603 2202 und
630 2167 678 2201 (Za
703 2178 749 2201 210
776 2166 1142 2211 beruecksz'cht'e'yen’).
1182 2164 1284 2199 Diels
1310 2165 1435 2210 Sibyll.
1458 2166 1620 2200 Blaetter
1645 2176 1679 2209 p.
1703 2168 1770 2198 105
1785 2175 1838 2207 sq.

307 2221 481 2255 Muenzer
513 2221 552 2255 R.
581 2221 628 2255 E.
656 2220 705 2254 VI
733 2231 761 2254 c.
785 2223 892 2263 1838,
926 2219 1000 2254 alii.
1036 2219 1290 2254 dissenserunt}
1321 2218 1440 2252 Lewis
1466 2219 1481 2252 I
1509 2230 1544 2262 p.
1567 2221 1610 2252 85
1626 2229 1679 2262 sq.
1707 2221 1770 2260 91,
1799 2218 1839 2252 E.

308 2273 473 2308 Zarneke
498 2286 533 2318 p.
550 2277 570 2306 4
586 2285 650 2317 aq.³
678 2273 753 2307 alii.

403 2334 437 2376 3)
464 2333 620 2366 Fabium
654 2343 727 2366 non
764 2343 842 2367 esse
868 2332 1077 2366 lectitatum
1105 2342 1126 2365 a
1153 2331 1302 2366 Graecis
1329 2330 1529 2374 Dionysius
1554 2329 1671 2364 Halie.
1700 2330 1842 2375 signifi-

309 2386 422 2429 cauit,
449 2386 512 2429 qui
539 2386 609 2419 hac
636 2396 748 2420 eausa
775 2397 811 2420 se
833 2386 1038 2419 adductum
1064 2395 1143 2419 esse
1170 2384 1332 2429 scripsit,
1358 2385 1401 2418 ut
1420 2383 1529 2418 rebus
1550 2383 1725 2417 Romanis
1752 2395 1842 2428 ope-

308 2451 387 2474 ram
409 2440 515 2473 daret:
541 2442 586 2483 (1,
601 2444 634 2481 4,
650 2441 700 2482 2)st
729 2439 780 2473 ἔτι
807 2439 875 2483 γὰρ
903 2439 1093 2483 ἀγνοεῖται
1112 2437 1216 2481 παρὰ
1235 2443 1314 2478 τοῖς
1331 2435 1502 2482 ’Έλλησιν
1522 2435 1646 2480 ὀλίγου
1672 2437 1751 2472 δεῖν
1771 2443 1840 2471 πᾶ-

309 2505 366 2528 σιν
393 2492 415 2537 ὴ
441 2492 583 2527 παλαιὰ
608 2498 672 2537 τῆς
693 2490 884 2536 Ῥωμαίων
908 2490 1051 2532 πόλεως
1076 2490 1236 2534 ἱστορία,
1263 2491 1327 2525 καὶ
1347 2488 1456 2532 δόξαι
1480 2490 1576 2529 τινὲς
1596 2490 1663 2524 οὐκ
1687 2490 1843 2534 ἀληθεῖς

310 2544 383 2581 ἀλλ’
414 2545 453 2580 ἐκ
478 2551 551 2580 τῶν
577 2543 824 2591 ἐπιτυχόντων
853 2544 1097 2589 ἀκουσμάτων
1122 2544 1189 2588 τὴν
1215 2544 1332 2589 ἀρχὴν
1362 2544 1544 2589 λαβοῦσαι
1567 2543 1654 2583 τοὺς
1686 2544 1842 2584 πολλοὺς

308 2598 584 2644 ἐξηπατήκασιν
612 2599 669 2641 (de
695 2599 898 2643 oriyiwibus
926 2598 1119 2641 Romanis)
1147 2611 1179 2632 κ.
1200 2611 1229 2631 τ.
1251 2599 1280 2631 λ.

405 2659 438 2703 4)
465 2658 544 2692 Hac
571 2657 729 2691 forsitan
756 2657 870 2691 etiam
892 2657 937 2691 ad
959 2656 1215 2691 Eratosthenis
1244 2656 1290 2690 de
1310 2655 1402 2690 urbe
1422 2655 1573 2690 condita
1594 2655 1843 2699 eomputatio-

308 2724 394 2746 nem
421 2711 601 2745 deduotus
629 2711 687 2744 sib.
726 2710 801 2745 uid.
825 2710 909 2744 adn.
931 2710 978 2743 ad
1004 2710 1045 2745 fr.
1070 2713 1100 2745 6.

405 2773 438 2814 5)
467 2770 561 2804 Suae
589 2769 739 2814 quidem
760 2769 881 2814 gentis
901 2769 1075 2803 laudibus
1101 2768 1201 2803 ultra
1222 2768 1423 2803 ueritatem
1445 2767 1577 2811 auctis,
1598 2767 1759 2802 aliarum
1785 2767 1841 2801 di-

308 2824 463 2859 minutis
485 2834 569 2857 eum
589 2822 805 2857 memoriam
820 2822 1026 2857 Romanam
1047 2822 1148 2856 haud
1168 2833 1251 2856 raro
1273 2821 1499 2866 deprauasse
1518 2831 1629 2865 supra
1642 2833 1676 2865 p.
1688 2833 1778 2855 nm
1789 2832 1842 2864 sq.

314 2877 484 2923 pluribus
513 2876 689 2921 exemplis
717 2876 923 2911 docuimus.
