2002 3342
291 221 347 260 52
927 217 1186 259 RELIQVIAE

291 330 388 369 alios
408 331 536 368 omnis
563 331 822 380 imperatores
844 326 959 367 esse'.
999 333 1038 366 et
1063 328 1293 380 perplexum
1314 329 1461 368 Punico
1484 334 1569 368 astu
1591 341 1823 380 responsum

292 401 331 434 et
350 396 612 446 improuisum
633 393 914 432 adsentationis
935 406 1059 444 genus
1081 394 1304 445 Scipionem
1323 395 1508 445 mouisse,
1535 394 1638 445 quod
1659 407 1680 433 e
1707 406 1825 445 grege

293 473 334 499 se
361 462 642 511 imperatorum
668 458 779 497 uelut
804 459 1132 498 inaestimabilem
1159 461 1408 498 secreuisset.

383 522 426 565 6.
460 526 626 573 Dionys.
642 525 805 571 3,67‚5.
834 520 992 575 ’‘Eyoey'
1013 519 1095 564 οὖν
1115 521 1163 564 ἐν
1183 522 1298 576 τρισὶ
1318 530 1409 571 τοῖς
1428 523 1827 576 μεγαλοπρεπεστά-

292 604 384 637 τοις
408 587 787 639 κατασκευάσμασι
815 593 889 641 τῆς
910 586 1091 641 Ῥώμης,
1124 585 1166 636 ἐξ
1195 582 1258 628 ὧν
1283 587 1470 642 μάλιστα
1495 587 1543 628 τὸ
1570 593 1646 640 τῆς
1671 588 1826 641 ἡγεμο-
1847 605 1862 629 τ)

292 656 389 702 νίας
414 653 653 707 [Tarquinii
677 653 831 707 Priscff
857 651 1115 706 ἐμφαίνεται
1140 651 1341 705 μέγεθος,
1367 653 1444 702 τάς
1469 668 1514 694 τε
1540 659 1627 693 τῶν
1652 652 1827 694 ὑδάτων

294 718 468 772 ἀγωγὰς
493 721 671 772 τίθεμαι
697 716 766 758 καὶ
796 718 871 767 τὰς
894 725 983 758 τῶν
1004 717 1122 759 ὁδῶν
1142 718 1352 772 στρώσεις
1372 718 1443 759 καὶ
1463 718 1539 767 τὰς
1557 725 1647 758 τῶν
1665 717 1827 759 ὑπονό-

293 800 390 836 μων
422 782 645 836 ἐργασιάς,
679 783 730 824 οὐ
763 784 902 836 μόνον
938 783 998 832 εἰς
1030 783 1079 824 τὸ
1112 784 1327 837 χρήσιμον
1355 789 1429 836 τῆς
1454 789 1722 836 κατασκευῆς
1746 783 1828 836 τὴν

295 849 500 890 διάνοιαν
527 847 776 903 ἀναφέρων,
801 845 912 901 ὑπὲρ
935 845 988 889 οὗ
1008 848 1116 889 κατὰ
1135 849 1213 889 τὸν
1234 849 1399 889 οἰκεῖον
1419 848 1573 902 καιρὸν
1594 846 1692 901 ἐρῶ,
1719 847 1828 888 ἀλλὰ

296 913 367 954 καὶ
391 914 452 963 εἰς
472 914 553 967 τὴν
572 920 661 954 τῶν
681 913 981 965 ἀναλωμάτων
999 912 1301 966 πολυτέλειαν,
1327 913 1383 966 ἣν
1404 913 1446 962 ἐξ
1467 911 1562 961 ἑνὸς
1582 910 1716 966 ἔργου
1736 927 1829 954 τεκ-

296 977 467 1033 μήραιτ’
499 980 553 1020 ἄν
578 994 657 1030 τις,
686 978 823 1020 Γάιον
840 975 1055 1020 Ἀκίλλιον
1083 978 1376 1032 ποιησάμενος
1401 984 1479 1018 τοῦ
1505 979 1738 1030 μέλλοντος
1764 977 1827 1019 λε’-

297 1048 457 1097 γεσθαι
484 1045 743 1097 βεβαιωτήν,
771 1043 819 1092 ὅς
839 1054 978 1097 φησιν
998 1042 1305 1098 ἀμεληθεισῶν
1324 1058 1428 1084 ποτε
1447 1050 1536 1084 τῶν
1555 1044 1739 1098 τάφρων
1757 1042 1828 1084 καὶ

296 1108 446 1163 μηκέτι
473 1108 800 1163 διαρρεομένων
824 1111 928 1157 τοὺς
947 1109 1126 1162 τιμητὰς
1151 1109 1232 1162 τὴν
1258 1107 1566 1163 ἀνακάθαρσιν
1591 1108 1740 1150 αὐτῶν
1759 1108 1830 1149 καὶ

296 1175 377 1228 τὴν
404 1172 638 1227 ἐπισκευὴν
665 1175 818 1227 χιλίων
843 1177 1066 1227 μισθῶσαι
1093 1174 1331 1215 ταλάντων.

393 1301 417 1335 6
447 1302 554 1347 ιιιιῖῃο
579 1303 736 1345 refertur
760 1302 810 1336 ad
829 1305 959 1336 (1,.184Δ
983 1305 1067 1344 570,
1094 1313 1163 1346 quo
1189 1313 1350 1337 censores
1369 1312 1482 1345 opera
1508 1301 1682 1336 facienda
1703 1313 1747 1336 ex
1769 1302 1831 1336 de-

299 1351 399 1383 creta
424 1349 463 1383 in
485 1359 567 1382 eam
592 1361 669 1384 rem
696 1349 867 1394 pecunia,
893 1349 996 1383 lacus
1023 1349 1241 1384 sternendos
1267 1349 1394 1394 lapide
1415 1349 1737 1394 detergendasque
1758 1360 1831 1392 qua

298 1408 391 1441 opus
418 1398 524 1439 osseis,
553 1396 709 1440 cloacas,
737 1397 774 1430 in
796 1397 982 1431 Auentino
1004 1398 1041 1430 et
1060 1397 1098 1430 in
1119 1396 1202 1431 aliis
1228 1397 1408 1441 partibuS‚
1435 1407 1509 1441 qua
1529 1397 1693 1431 nondum
1715 1401 1831 1440 erant,

297 1444 488 1478 faciendas
518 1444 747 1486 locauerunt,
774 1445 862 1479 Liu.
884 1447 1053 1486 39,44‚5.
1076 1466 1118 1469 ——
1140 1445 1309 1479 Huschke
1329 1445 1485 1489 Iurispr.
1507 1446 1616 1479 antei.
1638 1456 1669 1488 q.
1689 1456 1716 1479 s.
1731 1457 1770 1489 p.
1786 1447 1832 1479 17

298 1492 435 1536 aliique
466 1493 553 1526 haec
582 1493 694 1527 uerba
720 1493 761 1526 in
791 1493 1007 1537 fhaymentz‘s
1034 1493 1071 1528 C.
1093 1493 1240 1536 Aquilii
1267 1492 1370 1527 Galli
1397 1492 1578 1527 Ciceronis
1605 1493 1714 1526 amici
1739 1493 1833 1526 iuris

299 1540 456 1574 consulti
474 1544 686 1584 posuerant.
726 1544 765 1574 at
791 1541 837 1582 cf.
859 1541 1009 1574 Bremer
1029 1540 1238 1584 Iurisprud.
1261 1540 1450 1574 antehadr.
1472 1540 1499 1573 Ι
1516 1551 1552 1583 p.
1572 1542 1652 1574 113.
1691 1540 1834 1574 Jordan

299 1587 457 1632 Topogr.
479 1588 504 1620 Ι
522 1591 541 1621 1
555 1598 595 1631 p.
610 1590 681 1622 442
699 1599 734 1622 n.
752 1590 810 1622 60.

392 1708 435 1761 6,
465 1712 503 1748 6.
526 1713 547 1747 7
575 1709 922 1763 τούς-ἀγωγοὺς
948 1711 1165 1759 Stephanus

1851 929 1883 954 10
