2002 3342
329 231 497 261 CCCVIH
658 218 718 251 DE
747 218 1053 252 SCRIPTORVM
1079 218 1201 252 VITIS
1229 218 1288 253 ET
1317 219 1523 253 SCRIPTJS

327 325 477 380 (sr.44.
514 330 552 367 Γ.
576 331 621 367 Α.
655 332 725 377 qui
755 332 883 377 magns
910 331 1145 368 immodicus
1172 333 1211 368 m
1246 342 1411 369 numero
1439 333 1625 379 [inqendo
1652 343 1735 369 esse
1759 334 1857 371 solet

329 391 444 444 Lm),
473 394 658 443 Ligurum
685 395 836 432 incerto
864 394 947 432 loco
969 391 1120 433 28000
1141 389 1209 447 (ex
1235 394 1451 433 victoribus
1474 393 1598 445 1484,
1627 395 1671 433 fr.
1693 393 1761 434 41:
1789 398 1857 435 ubi

327 464 370 497 ul
402 463 440 497 in
476 471 642 497 numero
668 462 862 508 scriptori
886 471 1037 508 parum
1064 461 1163 506 fidei
1187 462 1255 507 sil,
1289 463 1384 508 quia
1417 463 1456 498 2'72
1493 462 1678 509 auqendo
1706 473 1750 499 eo
1777 472 1856 500 non

327 527 431 563 alius
458 526 794 573 intemperamior
818 530 875 563 est
903 520 1019 576 Liu.),
1046 537 1077 562 a.
1099 522 1196 562 212).
1218 522 1304 563 542
1332 525 1371 563 in
1400 524 1584 576 Hispania
1613 538 1632 563 a
1660 525 1856 576 Romanis,

328 590 393 640 qui
427 589 655 639 Scipionum
689 588 864 627 cladibus
898 590 1021 628 attriti
1049 594 1176 639 erant,
1213 586 1362 628 17000
1389 586 1455 642 (fr.
1476 586 1565 643 2-3),
1596 602 1628 628 3.
1652 587 1749 629 203.
1771 587 1853 629 551

326 655 367 692 in
395 666 541 704 pugna,
575 655 688 693 cuius
716 655 813 692 sama
842 654 1009 693 obscura
1037 660 1113 704 est,
1141 651 1257 693 5000
1284 653 1668 705 Carthaginiensium
1695 652 1762 708 (fr.
1783 652 1856 693 29:

327 731 431 767 quae
464 724 579 757 tama
610 731 674 757 res
707 725 780 767 est,
820 725 863 757 ut
896 725 966 758 aut
999 721 1253 768 impudenter
1281 722 1381 766 ficta
1412 723 1465 758 sit
1497 725 1568 758 aut
1600 723 1858 769 neqleqenter

320 780 650 836 praetermissa),
685 796 785 822 anno
819 785 1044 835 insequenti
1077 786 1116 822 in
1143 785 1272 823 Africa
1301 791 1508 836 antequam
1536 784 1583 822 ad
1611 785 1764 823 Zamam
1793 784 1857 823 de-

327 853 563 899 certaretur,
603 846 751 887 12000
778 845 844 901 (l'r.
866 845 961 902 30),
1000 848 1169 900 denique
1203 849 1249 888 ad
1283 849 1594 900 Cynoscephalas
1628 846 1693 903 (fr.
1715 847 1787 888 32:
1823 854 1859 889 si

336 915 496 953 Valerio
532 917 602 962 qui
637 916 780 953 credat
815 917 990 953 omnium
1026 927 1162 953 rerum
1199 917 1410 953 immodice
1445 927 1654 953 numerum
1692 918 1860 964 auqenlz‘

327 975 447 1031 Liu.),
481 978 527 1017 ad
560 978 722 1018 Comum
750 975 816 1031 (fr.
838 974 933 1033 34),
967 979 1013 1017 ad
1046 979 1250 1030 Emporias
1277 976 1343 1031 (fr.
1372 976 1466 1032 36),
1500 979 1546 1018 ad
1578 980 1858 1031 Thermopylas

325 1039 390 1096 (fr.
414 1041 486 1082 39:
514 1046 614 1092 quid
636 1047 673 1082 εἱ
700 1046 858 1082 Antiati
881 1044 1040 1083 Valerio
1069 1046 1309 1084 credamus?
1336 1042 1439 1096 Liu.)
1473 1045 1719 1095 quadragena
1753 1045 1858 1083 milia

326 1105 552 1161 hostium.1)
593 1109 696 1147 idem
731 1114 824 1160 quot
853 1109 1033 1147 homines
1067 1112 1187 1160 capti,
1218 1115 1311 1161 quot
1338 1111 1447 1161 signa
1475 1109 1675 1160 militaria,
1709 1112 1743 1148 si
1770 1122 1857 1148 cum

327 1174 446 1213 Gallis
463 1180 685 1226 'pugnatum
721 1180 798 1225 est,
825 1181 919 1225 quot
952 1181 1155 1226 carpenta,
1183 1188 1280 1226 quae
1313 1187 1487 1214 summae
1515 1176 1600 1213 auri
1627 1176 1857 1226 argentique

326 1236 391 1292 (11.
415 1238 482 1279 53.
505 1236 592 1293 54),
620 1245 800 1278 accurate
830 1239 1019 1290 deliniuit,
1047 1252 1174 1290 neque
1201 1240 1308 1278 1111113
1336 1239 1523 1278 adtulisse
1552 1244 1759 1278 contentus
1786 1240 1859 1278 fuit

326 1305 395 1343 sed
422 1317 546 1356 usque
581 1304 626 1343 ad
658 1317 846 1343 numeros
874 1304 1056 1343 denarios
1083 1310 1218 1343 exacta
1245 1306 1328 1343 eius
1356 1306 1520 1343 scientia
1549 1304 1769 1355 deseendit,
1800 1305 1858 1343 id-

326 1383 401 1421 que
422 1370 486 1408 uel
508 1371 795 1420 antiquissimis
817 1369 1061 1421 temporibus
1088 1370 1134 1408 fr.
1160 1367 1224 1408 19.
1265 1370 1312 1408 cf.
1335 1368 1402 1409 34.
1423 1367 1492 1408 41.
1531 1375 1574 1408 ut
1594 1382 1690 1408 uero
1711 1369 1759 1408 ad
1777 1371 1858 1408 uir·

327 1437 420 1473 tutis
446 1435 642 1473 Romanae
670 1434 970 1474 admirationem
997 1434 1233 1474 mouendam
1261 1435 1444 1484 hostium,
1475 1436 1541 1486 qui
1569 1436 1690 1474 occisi
1715 1440 1858 1485 essent,

325 1512 511 1539 numeros
533 1499 741 1538 immodice
764 1501 881 1551 auxit,
908 1501 960 1539 ita
985 1501 1114 1548 etiam,
1144 1502 1177 1538 si
1198 1499 1292 1551 quid
1312 1500 1497 1538 Romanis
1518 1501 1649 1538 minus
1669 1512 1858 1551 prospere

326 1566 524 1615 cessisset,
550 1570 593 1603 ut
619 1565 834 1616 legentium
862 1566 1013 1604 animos
1039 1571 1192 1604 terrore
1218 1570 1464 1617 percuteret,
1490 1565 1756 1604 Romanorum
1782 1565 1858 1604 cla-

327 1630 414 1669 dem
450 1630 572 1669 multo
606 1632 840 1669 atrociorem
869 1631 996 1680 finxit,
1028 1630 1138 1669 uelut
1171 1630 1218 1669 ad
1246 1632 1503 1670 Arausionem
1530 1632 1725 1681 octoginta
1753 1630 1858 1669 milia

326 1695 590 1733 Romanorum
619 1696 907 1746 sociorumque,
935 1695 1193 1746 quadraginta
1218 1695 1324 1734 milia
1348 1695 1527 1734 calonum
1549 1701 1664 1746 atque
1691 1695 1858 1734 lixarum

327 1773 344 1798 a
374 1760 543 1799 Cimbris
576 1760 784 1798 interfecta
812 1772 898 1799 esse
926 1762 1102 1811 scripsit,
1133 1766 1176 1799 ut
1202 1773 1247 1799 ex
1275 1762 1381 1799 omni
1408 1761 1584 1800 exercitu
1613 1760 1747 1799 decem
1774 1767 1857 1799 tan-

325 1831 409 1864 tum
441 1825 556 1864 modo
588 1825 785 1875 homines,
825 1827 891 1876 qui
930 1827 1120 1864 miserum
1154 1827 1335 1864 nuntium
1368 1825 1415 1864 ad
1448 1825 1645 1876 augendas
1678 1827 1858 1864 miserias

326 1895 585 1941 reportarent,
613 1897 870 1941 superessent
897 1886 963 1944 (fr.
985 1887 1073 1945 63).
1114 1892 1230 1929 etiam
1258 1890 1305 1929 ad
1332 1903 1395 1929 res
1423 1890 1559 1929 ciuiles
1586 1891 1681 1928 haec
1704 1891 1858 1928 uanitas

326 1955 548 2006 pertinebat
574 1952 641 2008 (fr.
663 1953 738 1993 47:
763 1959 800 1994 si
829 1956 990 1995 Valerio
1017 1958 1176 1995 Antiati
1203 1958 1372 1995 credere
1398 1951 1525 2009 libet).

417 2019 493 2059 Sed
520 2026 732 2059 excusatur
758 2020 885 2071 aliqua
914 2033 959 2059 ex
988 2026 1098 2072 parte
1125 2021 1221 2060 haec
1244 2020 1387 2059 Valerii
1414 2020 1647 2059 inmodestia
1674 2033 1856 2059 numero-

328 2099 432 2137 rum,
465 2098 563 2136 quos
596 2086 826 2136 saepissime
860 2087 944 2137 ipse
972 2086 1108 2125 Liuius
1135 2085 1181 2124 ah
1209 2085 1295 2124 aliis
1323 2099 1412 2124 cum
1438 2085 1543 2124 1111113
1570 2091 1660 2124 nota
1686 2087 1858 2124 mutuari

327 2163 404 2189 non
438 2150 642 2189 dubitauit.
695 2163 783 2189 nam
818 2151 1019 2190 rhetorum
1053 2157 1092 2190 et
1123 2152 1296 2190 uanitate
1325 2156 1362 2189 et
1394 2152 1546 2190 incuria
1579 2150 1643 2189 hic
1669 2163 1753 2189 mos
1781 2151 1856 2189 iam

328 2215 428 2267 apud
455 2215 622 2254 Graecos
650 2217 691 2254 in
718 2216 922 2254 historiam
949 2217 1160 2255 inuaserat.
1201 2214 1324 2267 quid‘?
1352 2215 1454 2267 quod
1478 2216 1594 2254 Duris
1622 2210 1743 2269 (apud
1770 2215 1856 2254 Dio-

328 2281 465 2319 dorum
493 2281 538 2319 fr.
559 2277 636 2334 40)
664 2293 873 2320 numerum
899 2281 1071 2320 hostium
1099 2281 1146 2319 ad
1170 2281 1376 2320 Sentinum
1404 2282 1624 2320 occisorum
1651 2277 1773 2333 (apud
1794 2280 1856 2318 Li·

327 2348 435 2385 uium
471 2343 536 2396 10,
553 2343 709 2395 29‚17:
742 2342 913 2400 25000)
951 2348 1067 2385 etiam
1104 2359 1228 2397 usque
1265 2346 1312 2385 ad
1348 2351 1505 2385 centum
1541 2345 1648 2384 milia
1683 2352 1855 2384 auxerat.

328 2423 562 2462 quamquam
595 2411 793 2449 Valerium
825 2413 1127 2462 superiectionis
1162 2413 1327 2450 crimine
1361 2410 1528 2449 liberare
1561 2410 1667 2462 n0103
1701 2423 1789 2449 nam
1823 2412 1856 2448 si

326 2475 530 2526 Polybium
557 2477 679 2526 nouit,
706 2476 745 2514 id
772 2476 875 2527 quod
902 2476 1172 2527 compluribus
1194 2476 1240 2515 de
1262 2477 1390 2515 causis
1412 2477 1499 2514 ueri
1519 2475 1764 2514 simillimum
1785 2480 1856 2526 est,

328 2541 462 2579 decem
490 2541 595 2579 milia
622 2541 804 2592 militum,
832 2554 930 2593 quos
951 2541 998 2579 ab
1019 2541 1208 2580 Antiocho
1235 2542 1275 2579 in
1298 2540 1499 2579 Graeciam
1520 2541 1662 2579 missos
1683 2552 1768 2579 esse
1790 2540 1854 2578 ille

327 2605 554 2656 tradiderat,
581 2607 714 2644 Antias
741 2612 785 2645 ut
810 2606 1065 2658 quadraginta
1093 2608 1177 2645 eius
1203 2605 1310 2645 milia
1336 2605 1504 2644 militum
1532 2606 1659 2644 occisa
1681 2617 1767 2644 esse
1796 2617 1854 2643 re-

328 2671 432 2709 ferre
459 2676 603 2721 posset,
630 2673 802 2723 quinque
831 2677 951 2722 capta,
980 2673 1107 2710 sexies
1128 2671 1486 2722 multiplificauerat
1508 2666 1572 2724 (fr.
1591 2666 1678 2724 39),
1706 2671 1740 2709 si
1760 2670 1854 2709 Coe·

426 2822 458 2865 1)
485 2821 593 2855 Hunc
612 2832 805 2855 numerum
820 2820 1010 2856 Gallorum
1032 2821 1071 2855 in
1086 2820 1243 2866 Olympo
1263 2822 1389 2855 monte
1410 2831 1601 2854 caesorum
1618 2820 1732 2855 etiam
1747 2819 1855 2854 Clau—

329 2874 410 2908 dius
437 2874 555 2908 edidit
581 2873 636 2919 (fr.
659 2878 726 2918 66),
756 2874 800 2908 cf.
822 2886 850 2908 s.
869 2887 904 2918 p.
920 2887 1105 2908 ccnxxxix.
