<?xml version="1.0" encoding="UTF-8"?>
<!DOCTYPE html PUBLIC "-//W3C//DTD XHTML 1.0 Transitional//EN"
    "http://www.w3.org/TR/xhtml1/DTD/xhtml1-transitional.dtd">
<html xmlns="http://www.w3.org/1999/xhtml" xml:lang="en" lang="en">
 <head>
  <title>
</title>
<meta http-equiv="Content-Type" content="text/html;charset=utf-8" />
  <meta name='ocr-system' content='tesseract 3.04.00' />
  <meta name='ocr-capabilities' content='ocr_page ocr_carea ocr_par ocr_line ocrx_word'/>
</head>
<body>
  <div class='ocr_page' id='page_1' title='image "./historicorumroma01peteuoft_0096.png"; bbox 0 0 2002 3342; ppageno 0'>
   <div class='ocr_carea' id='block_1_1' title="bbox 324 153 1527 196">
    <p class='ocr_par' dir='ltr' id='par_1_1' title="bbox 324 153 1527 196">
     <span class='ocr_line' id='line_1_1' title="bbox 324 153 1527 196; baseline 0.002 -8"><span class='ocrx_word' id='word_1_1' title='bbox 324 168 485 196; x_wconf 68' lang='lat' dir='ltr'>LXXXH</span> <span class='ocrx_word' id='word_1_2' title='bbox 656 153 718 187; x_wconf 88' lang='lat' dir='ltr'>DE</span> <span class='ocrx_word' id='word_1_3' title='bbox 747 153 1052 188; x_wconf 75' lang='lat' dir='ltr'>SCRIPTORVM</span> <span class='ocrx_word' id='word_1_4' title='bbox 1080 154 1202 189; x_wconf 89' lang='lat' dir='ltr'>VITIS</span> <span class='ocrx_word' id='word_1_5' title='bbox 1230 155 1290 189; x_wconf 89' lang='lat' dir='ltr'>ET</span> <span class='ocrx_word' id='word_1_6' title='bbox 1319 155 1527 191; x_wconf 79' lang='lat' dir='ltr'>SCRIPTIS</span> 
     </span>
    </p>
   </div>
   <div class='ocr_carea' id='block_1_2' title="bbox 312 260 1856 2273">
    <p class='ocr_par' dir='ltr' id='par_1_2' title="bbox 312 260 1856 2273">
     <span class='ocr_line' id='line_1_2' title="bbox 323 260 1853 320; baseline 0.003 -18"><span class='ocrx_word' id='word_1_7' title='bbox 323 260 477 317; x_wconf 78' lang='lat' dir='ltr'>(Annal.</span> <span class='ocrx_word' id='word_1_8' title='bbox 505 264 751 315; x_wconf 80' lang='lat' dir='ltr'><strong>Heidelberg.</strong></span> <span class='ocrx_word' id='word_1_9' title='bbox 782 262 894 303; x_wconf 85' lang='grc'>1816</span> <span class='ocrx_word' id='word_1_10' title='bbox 928 277 963 315; x_wconf 90' lang='lat' dir='ltr'>p.</span> <span class='ocrx_word' id='word_1_11' title='bbox 986 263 1070 304; x_wconf 80' lang='lat'>836</span> <span class='ocrx_word' id='word_1_12' title='bbox 1088 261 1163 320; x_wconf 77' lang='lat' dir='ltr'>sq.)</span> <span class='ocrx_word' id='word_1_13' title='bbox 1198 270 1236 304; x_wconf 93' lang='lat' dir='ltr'>et</span> <span class='ocrx_word' id='word_1_14' title='bbox 1272 265 1502 304; x_wconf 87' lang='lat' dir='ltr'>Dahlmanni</span> <span class='ocrx_word' id='word_1_15' title='bbox 1540 261 1853 320; x_wconf 71' lang='lat' dir='ltr'>(Forschunyen</span> 
     </span>
     <span class='ocr_line' id='line_1_3' title="bbox 322 327 1853 382; baseline 0.003 -15"><span class='ocrx_word' id='word_1_16' title='bbox 322 330 353 367; x_wconf 85' lang='lat' dir='ltr'>ll</span> <span class='ocrx_word' id='word_1_17' title='bbox 380 328 396 367; x_wconf 87' lang='lat'>1</span> <span class='ocrx_word' id='word_1_18' title='bbox 422 342 457 380; x_wconf 88' lang='lat' dir='ltr'>p.</span> <span class='ocrx_word' id='word_1_19' title='bbox 477 327 574 379; x_wconf 70' lang='lat'>129)</span> <span class='ocrx_word' id='word_1_20' title='bbox 603 331 830 380; x_wconf 83' lang='lat' dir='ltr'>sententias,</span> <span class='ocrx_word' id='word_1_21' title='bbox 858 331 925 380; x_wconf 88' lang='lat' dir='ltr'>qui</span> <span class='ocrx_word' id='word_1_22' title='bbox 952 342 1022 380; x_wconf 90' lang='lat' dir='ltr'>per</span> <span class='ocrx_word' id='word_1_23' title='bbox 1042 329 1214 368; x_wconf 83' lang='lat' dir='ltr'>Dioclem</span> <span class='ocrx_word' id='word_1_24' title='bbox 1243 344 1297 382; x_wconf 84' lang='lat' dir='ltr'>ea⁷</span> <span class='ocrx_word' id='word_1_25' title='bbox 1326 343 1424 382; x_wconf 88' lang='lat' dir='ltr'>quae</span> <span class='ocrx_word' id='word_1_26' title='bbox 1446 330 1628 370; x_wconf 78' lang='lat' dir='ltr'>Graeculi</span> <span class='ocrx_word' id='word_1_27' title='bbox 1650 332 1695 370; x_wconf 92' lang='lat' dir='ltr'>de</span> <span class='ocrx_word' id='word_1_28' title='bbox 1718 345 1853 372; x_wconf 88' lang='lat' dir='ltr'>rerum</span> 
     </span>
     <span class='ocr_line' id='line_1_4' title="bbox 321 394 1854 445; baseline 0.003 -13"><span class='ocrx_word' id='word_1_29' title='bbox 321 394 583 433; x_wconf 82' lang='lat' dir='ltr'>Romanarum</span> <span class='ocrx_word' id='word_1_30' title='bbox 611 394 839 445; x_wconf 83' lang='lat' dir='ltr'>primordiis</span> <span class='ocrx_word' id='word_1_31' title='bbox 866 396 1151 445; x_wconf 79' lang='lat' dir='ltr'>concoxissent‚</span> <span class='ocrx_word' id='word_1_32' title='bbox 1178 396 1218 433; x_wconf 93' lang='lat' dir='ltr'>in</span> <span class='ocrx_word' id='word_1_33' title='bbox 1245 396 1355 434; x_wconf 85' lang='lat' dir='ltr'>Fabii</span> <span class='ocrx_word' id='word_1_34' title='bbox 1383 401 1421 435; x_wconf 87' lang='lat' dir='ltr'>et</span> <span class='ocrx_word' id='word_1_35' title='bbox 1447 402 1669 435; x_wconf 86' lang='lat' dir='ltr'>ceterorum</span> <span class='ocrx_word' id='word_1_36' title='bbox 1696 397 1854 437; x_wconf 90' lang='lat' dir='ltr'>histori—</span> 
     </span>
     <span class='ocr_line' id='line_1_5' title="bbox 321 459 1853 502; baseline 0.002 -4"><span class='ocrx_word' id='word_1_37' title='bbox 321 472 455 498; x_wconf 86' lang='lat' dir='ltr'>corum</span> <span class='ocrx_word' id='word_1_38' title='bbox 490 459 754 498; x_wconf 88' lang='lat' dir='ltr'>Romanorum</span> <span class='ocrx_word' id='word_1_39' title='bbox 788 459 946 498; x_wconf 91' lang='lat' dir='ltr'>annales</span> <span class='ocrx_word' id='word_1_40' title='bbox 978 460 1140 498; x_wconf 80' lang='lat' dir='ltr'>fluxisse</span> <span class='ocrx_word' id='word_1_41' title='bbox 1174 462 1435 500; x_wconf 87' lang='lat' dir='ltr'>coniecerant.</span> <span class='ocrx_word' id='word_1_42' title='bbox 1475 473 1564 500; x_wconf 90' lang='lat' dir='ltr'>nam</span> <span class='ocrx_word' id='word_1_43' title='bbox 1597 462 1668 500; x_wconf 88' lang='lat' dir='ltr'>hae</span> <span class='ocrx_word' id='word_1_44' title='bbox 1698 462 1853 502; x_wconf 80' lang='lat' dir='ltr'>fabulae</span> 
     </span>
     <span class='ocr_line' id='line_1_6' title="bbox 319 524 1855 577; baseline 0.003 -15"><span class='ocrx_word' id='word_1_45' title='bbox 319 524 464 563; x_wconf 80' lang='lat' dir='ltr'>Romae</span> <span class='ocrx_word' id='word_1_46' title='bbox 501 526 577 562; x_wconf 89' lang='lat' dir='ltr'>iam</span> <span class='ocrx_word' id='word_1_47' title='bbox 616 524 854 576; x_wconf 75' lang='lat' dir='ltr'>ferebantur,</span> <span class='ocrx_word' id='word_1_48' title='bbox 894 530 1101 576; x_wconf 80' lang='lat' dir='ltr'>antequam</span> <span class='ocrx_word' id='word_1_49' title='bbox 1136 527 1348 577; x_wconf 82' lang='lat' dir='ltr'>scriptores</span> <span class='ocrx_word' id='word_1_50' title='bbox 1383 525 1520 565; x_wconf 87' lang='lat' dir='ltr'>Graeci</span> <span class='ocrx_word' id='word_1_51' title='bbox 1557 539 1621 565; x_wconf 89' lang='lat' dir='ltr'>res</span> <span class='ocrx_word' id='word_1_52' title='bbox 1656 527 1855 567; x_wconf 88' lang='lat' dir='ltr'>Romanas</span> 
     </span>
     <span class='ocr_line' id='line_1_7' title="bbox 320 589 1856 644; baseline 0.003 -17"><span class='ocrx_word' id='word_1_53' title='bbox 320 591 402 628; x_wconf 91' lang='lat' dir='ltr'>suis</span> <span class='ocrx_word' id='word_1_54' title='bbox 435 589 546 627; x_wconf 85' lang='lat' dir='ltr'>libris</span> <span class='ocrx_word' id='word_1_55' title='bbox 578 589 789 628; x_wconf 84' lang='lat' dir='ltr'>inlustrare</span> <span class='ocrx_word' id='word_1_56' title='bbox 820 596 1048 641; x_wconf 83' lang='lat' dir='ltr'>coeperunt.</span> <span class='ocrx_word' id='word_1_57' title='bbox 1090 590 1230 629; x_wconf 89' lang='lat' dir='ltr'>deinde</span> <span class='ocrx_word' id='word_1_58' title='bbox 1259 592 1374 629; x_wconf 89' lang='lat' dir='ltr'>etiam</span> <span class='ocrx_word' id='word_1_59' title='bbox 1403 590 1547 629; x_wconf 90' lang='lat' dir='ltr'>Lucius</span> <span class='ocrx_word' id='word_1_60' title='bbox 1575 591 1753 643; x_wconf 78' lang='lat' dir='ltr'>Cincius,</span> <span class='ocrx_word' id='word_1_61' title='bbox 1788 594 1856 644; x_wconf 89' lang='lat' dir='ltr'>qui</span> 
     </span>
     <span class='ocr_line' id='line_1_8' title="bbox 320 654 1855 709; baseline 0.003 -17"><span class='ocrx_word' id='word_1_62' title='bbox 320 655 389 693; x_wconf 78' lang='lat' dir='ltr'>fuit</span> <span class='ocrx_word' id='word_1_63' title='bbox 419 654 528 693; x_wconf 87' lang='lat' dir='ltr'>Fabii</span> <span class='ocrx_word' id='word_1_64' title='bbox 555 654 745 706; x_wconf 79' lang='lat' dir='ltr'>aequalis,</span> <span class='ocrx_word' id='word_1_65' title='bbox 779 654 934 694; x_wconf 86' lang='lat' dir='ltr'>Romuli</span> <span class='ocrx_word' id='word_1_66' title='bbox 962 660 999 693; x_wconf 86' lang='lat' dir='ltr'>et</span> <span class='ocrx_word' id='word_1_67' title='bbox 1025 655 1137 694; x_wconf 83' lang='lat' dir='ltr'>Remi</span> <span class='ocrx_word' id='word_1_68' title='bbox 1166 667 1228 694; x_wconf 90' lang='lat' dir='ltr'>res</span> <span class='ocrx_word' id='word_1_69' title='bbox 1261 657 1314 694; x_wconf 86' lang='lat' dir='ltr'>ita</span> <span class='ocrx_word' id='word_1_70' title='bbox 1347 657 1563 707; x_wconf 76' lang='lat' dir='ltr'>enarrauit‚</span> <span class='ocrx_word' id='word_1_71' title='bbox 1596 662 1639 695; x_wconf 92' lang='lat' dir='ltr'>ut</span> <span class='ocrx_word' id='word_1_72' title='bbox 1668 656 1855 709; x_wconf 79' lang='lat' dir='ltr'>Dionysio</span> 
     </span>
     <span class='ocr_line' id='line_1_9' title="bbox 320 715 1855 774; baseline 0.003 -16"><span class='ocrx_word' id='word_1_73' title='bbox 320 715 378 772; x_wconf 78' lang='grc'>(1,</span> <span class='ocrx_word' id='word_1_74' title='bbox 396 717 461 770; x_wconf 74' lang='lat'>79,</span> <span class='ocrx_word' id='word_1_75' title='bbox 476 716 523 774; x_wconf 84' lang='lat'>4)</span> <span class='ocrx_word' id='word_1_76' title='bbox 552 719 708 771; x_wconf 87' lang='lat' dir='ltr'>quidem</span> <span class='ocrx_word' id='word_1_77' title='bbox 738 720 899 759; x_wconf 86' lang='lat' dir='ltr'>Fabium</span> <span class='ocrx_word' id='word_1_78' title='bbox 927 727 1086 759; x_wconf 82' lang='lat' dir='ltr'>secutus</span> <span class='ocrx_word' id='word_1_79' title='bbox 1114 733 1200 759; x_wconf 87' lang='lat' dir='ltr'>esse</span> <span class='ocrx_word' id='word_1_80' title='bbox 1227 720 1450 759; x_wconf 87' lang='lat' dir='ltr'>uideretur:</span> <span class='ocrx_word' id='word_1_81' title='bbox 1482 718 1580 772; x_wconf 79' lang='grc' dir='ltr'><em>περὶ</em></span> <span class='ocrx_word' id='word_1_82' title='bbox 1615 717 1662 761; x_wconf 77' lang='grc' dir='ltr'>δὲ</span> <span class='ocrx_word' id='word_1_83' title='bbox 1687 727 1776 762; x_wconf 82' lang='grc' dir='ltr'>τῶν</span> <span class='ocrx_word' id='word_1_84' title='bbox 1807 719 1855 762; x_wconf 82' lang='grc' dir='ltr'>ἐκ</span> 
     </span>
     <span class='ocr_line' id='line_1_10' title="bbox 318 781 1854 839; baseline 0.003 -17"><span class='ocrx_word' id='word_1_85' title='bbox 318 789 391 837; x_wconf 76' lang='grc' dir='ltr'>τῆς</span> <span class='ocrx_word' id='word_1_86' title='bbox 414 781 542 832; x_wconf 78' lang='grc' dir='ltr'><em>Ἰλίας</em></span> <span class='ocrx_word' id='word_1_87' title='bbox 564 782 813 836; x_wconf 78' lang='grc' dir='ltr'><em>γενομένων</em></span> <span class='ocrx_word' id='word_1_88' title='bbox 836 785 1024 833; x_wconf 83' lang='grc' dir='ltr'><em>Κόιντος</em></span> <span class='ocrx_word' id='word_1_89' title='bbox 1050 781 1130 836; x_wconf 70' lang='grc' dir='ltr'>μὲν</span> <span class='ocrx_word' id='word_1_90' title='bbox 1164 783 1329 837; x_wconf 75' lang='grc' dir='ltr'><em>Φάβιος</em></span> <span class='ocrx_word' id='word_1_91' title='bbox 1356 783 1378 824; x_wconf 88' lang='grc' dir='ltr'>ὁ</span> <span class='ocrx_word' id='word_1_92' title='bbox 1406 785 1584 838; x_wconf 75' lang='grc' dir='ltr'><em>Πίκτωρ</em></span> <span class='ocrx_word' id='word_1_93' title='bbox 1608 786 1854 839; x_wconf 77' lang='grc' dir='ltr'><em>λεγόμενος,</em></span> 
     </span>
     <span class='ocr_line' id='line_1_11' title="bbox 318 843 1854 905; baseline 0.002 -17"><span class='ocrx_word' id='word_1_94' title='bbox 318 843 350 904; x_wconf 75' lang='grc' dir='ltr'><em>ᾧ</em></span> <span class='ocrx_word' id='word_1_95' title='bbox 374 848 562 897; x_wconf 75' lang='grc' dir='ltr'><em>Λεύκιός</em></span> <span class='ocrx_word' id='word_1_96' title='bbox 582 864 626 889; x_wconf 79' lang='grc' dir='ltr'>τε</span> <span class='ocrx_word' id='word_1_97' title='bbox 642 849 826 901; x_wconf 78' lang='grc' dir='ltr'><em>Κίγκιος</em></span> <span class='ocrx_word' id='word_1_98' title='bbox 845 847 916 889; x_wconf 79' lang='grc' dir='ltr'>καὶ</span> <span class='ocrx_word' id='word_1_99' title='bbox 939 849 1099 890; x_wconf 78' lang='grc' dir='ltr'><em>Κάτων</em></span> <span class='ocrx_word' id='word_1_100' title='bbox 1115 849 1310 902; x_wconf 72' lang='grc' dir='ltr'><em>Πόρκιος</em></span> <span class='ocrx_word' id='word_1_101' title='bbox 1330 849 1401 890; x_wconf 74' lang='grc' dir='ltr'>καὶ</span> <span class='ocrx_word' id='word_1_102' title='bbox 1420 851 1600 890; x_wconf 80' lang='grc' dir='ltr'><em>Πείσων</em></span> <span class='ocrx_word' id='word_1_103' title='bbox 1619 851 1854 905; x_wconf 79' lang='grc' dir='ltr'><em>Καλπούρ-</em></span> 
     </span>
     <span class='ocr_line' id='line_1_12' title="bbox 317 912 1854 969; baseline 0.001 -15"><span class='ocrx_word' id='word_1_104' title='bbox 317 929 411 962; x_wconf 83' lang='grc' dir='ltr'><em>νιος</em></span> <span class='ocrx_word' id='word_1_105' title='bbox 436 912 507 954; x_wconf 84' lang='grc' dir='ltr'>καὶ</span> <span class='ocrx_word' id='word_1_106' title='bbox 535 920 624 954; x_wconf 83' lang='grc' dir='ltr'>τῶν</span> <span class='ocrx_word' id='word_1_107' title='bbox 651 914 797 955; x_wconf 75' lang='grc' dir='ltr'><em>ἄλλων</em></span> <span class='ocrx_word' id='word_1_108' title='bbox 824 912 1120 968; x_wconf 73' lang='grc' dir='ltr'><em>συγγραφέων</em></span> <span class='ocrx_word' id='word_1_109' title='bbox 1148 914 1189 955; x_wconf 79' lang='grc' dir='ltr'>οἱ</span> <span class='ocrx_word' id='word_1_110' title='bbox 1222 915 1401 963; x_wconf 77' lang='grc' dir='ltr'><em>πλείους</em></span> <span class='ocrx_word' id='word_1_111' title='bbox 1427 915 1753 969; x_wconf 79' lang='grc' dir='ltr'><em>ἠκολούθησαν,</em></span> <span class='ocrx_word' id='word_1_112' title='bbox 1787 914 1854 969; x_wconf 82' lang='grc' dir='ltr'>γέ-</span> 
     </span>
     <span class='ocr_line' id='line_1_13' title="bbox 317 980 1853 1033; baseline 0.001 -14"><span class='ocrx_word' id='word_1_113' title='bbox 317 994 472 1032; x_wconf 79' lang='grc' dir='ltr'><em>γραφε.</em></span> <span class='ocrx_word' id='word_1_114' title='bbox 506 980 692 1020; x_wconf 84' lang='lat' dir='ltr'>Catonem</span> <span class='ocrx_word' id='word_1_115' title='bbox 721 986 758 1019; x_wconf 88' lang='lat' dir='ltr'>et</span> <span class='ocrx_word' id='word_1_116' title='bbox 779 981 962 1019; x_wconf 88' lang='lat' dir='ltr'>Pisonem</span> <span class='ocrx_word' id='word_1_117' title='bbox 990 982 1114 1032; x_wconf 76' lang='lat' dir='ltr'>mitto,</span> <span class='ocrx_word' id='word_1_118' title='bbox 1143 981 1211 1020; x_wconf 91' lang='lat' dir='ltr'>sed</span> <span class='ocrx_word' id='word_1_119' title='bbox 1238 988 1282 1020; x_wconf 85' lang='lat' dir='ltr'>ut</span> <span class='ocrx_word' id='word_1_120' title='bbox 1303 981 1462 1020; x_wconf 84' lang='lat' dir='ltr'>Cincius</span> <span class='ocrx_word' id='word_1_121' title='bbox 1483 981 1658 1032; x_wconf 76' lang='lat' dir='ltr'>Fabium,</span> <span class='ocrx_word' id='word_1_122' title='bbox 1686 984 1853 1033; x_wconf 88' lang='lat' dir='ltr'>scripto-</span> 
     </span>
     <span class='ocr_line' id='line_1_14' title="bbox 317 1046 1853 1098; baseline 0.002 -14"><span class='ocrx_word' id='word_1_123' title='bbox 317 1058 400 1084; x_wconf 85' lang='lat' dir='ltr'>rem</span> <span class='ocrx_word' id='word_1_124' title='bbox 435 1046 655 1097; x_wconf 85' lang='lat' dir='ltr'>aequalem⁷</span> <span class='ocrx_word' id='word_1_125' title='bbox 689 1046 1011 1097; x_wconf 83' lang='lat' dir='ltr'>transscriberet⁷</span> <span class='ocrx_word' id='word_1_126' title='bbox 1047 1048 1133 1085; x_wconf 85' lang='lat' dir='ltr'>fieri</span> <span class='ocrx_word' id='word_1_127' title='bbox 1166 1048 1232 1085; x_wconf 83' lang='lat' dir='ltr'>uix</span> <span class='ocrx_word' id='word_1_128' title='bbox 1265 1048 1402 1098; x_wconf 84' lang='lat' dir='ltr'>potuit.</span> <span class='ocrx_word' id='word_1_129' title='bbox 1443 1049 1512 1098; x_wconf 77' lang='lat' dir='ltr'>ita,</span> <span class='ocrx_word' id='word_1_130' title='bbox 1546 1049 1729 1098; x_wconf 88' lang='lat' dir='ltr'>quoniam</span> <span class='ocrx_word' id='word_1_131' title='bbox 1763 1061 1853 1087; x_wconf 85' lang='lat' dir='ltr'>eum</span> 
     </span>
     <span class='ocr_line' id='line_1_15' title="bbox 316 1111 1854 1164; baseline 0.001 -15"><span class='ocrx_word' id='word_1_132' title='bbox 316 1111 434 1150; x_wconf 90' lang='lat' dir='ltr'>Fabio</span> <span class='ocrx_word' id='word_1_133' title='bbox 472 1124 559 1150; x_wconf 94' lang='lat' dir='ltr'>eum</span> <span class='ocrx_word' id='word_1_134' title='bbox 597 1113 846 1150; x_wconf 83' lang='lat' dir='ltr'>consensisse</span> <span class='ocrx_word' id='word_1_135' title='bbox 882 1124 927 1150; x_wconf 85' lang='lat' dir='ltr'>ex</span> <span class='ocrx_word' id='word_1_136' title='bbox 961 1112 1146 1163; x_wconf 85' lang='lat' dir='ltr'>Dionysio</span> <span class='ocrx_word' id='word_1_137' title='bbox 1183 1118 1352 1163; x_wconf 80' lang='lat' dir='ltr'>constat,</span> <span class='ocrx_word' id='word_1_138' title='bbox 1388 1118 1600 1164; x_wconf 89' lang='lat' dir='ltr'>utrumque</span> <span class='ocrx_word' id='word_1_139' title='bbox 1638 1125 1683 1151; x_wconf 88' lang='lat' dir='ltr'>ex</span> <span class='ocrx_word' id='word_1_140' title='bbox 1719 1113 1854 1152; x_wconf 88' lang='lat' dir='ltr'>Diocle</span> 
     </span>
     <span class='ocr_line' id='line_1_16' title="bbox 316 1175 1853 1229; baseline 0.001 -14"><span class='ocrx_word' id='word_1_141' title='bbox 316 1176 494 1215; x_wconf 82' lang='lat' dir='ltr'>hausisse</span> <span class='ocrx_word' id='word_1_142' title='bbox 530 1182 776 1227; x_wconf 81' lang='lat' dir='ltr'>sequeretur.</span> <span class='ocrx_word' id='word_1_143' title='bbox 820 1177 923 1228; x_wconf 89' lang='lat' dir='ltr'>quod</span> <span class='ocrx_word' id='word_1_144' title='bbox 958 1178 1045 1228; x_wconf 90' lang='lat' dir='ltr'>quis</span> <span class='ocrx_word' id='word_1_145' title='bbox 1081 1183 1141 1216; x_wconf 90' lang='lat' dir='ltr'>est</span> <span class='ocrx_word' id='word_1_146' title='bbox 1176 1179 1243 1228; x_wconf 93' lang='lat' dir='ltr'>qui</span> <span class='ocrx_word' id='word_1_147' title='bbox 1277 1175 1449 1229; x_wconf 78' lang='lat' dir='ltr'>probet?</span> <span class='ocrx_word' id='word_1_148' title='bbox 1491 1179 1725 1229; x_wconf 86' lang='lat' dir='ltr'>praesertim</span> <span class='ocrx_word' id='word_1_149' title='bbox 1763 1191 1853 1217; x_wconf 90' lang='lat' dir='ltr'>cum</span> 
     </span>
     <span class='ocr_line' id='line_1_17' title="bbox 315 1241 1853 1293; baseline 0.001 -13"><span class='ocrx_word' id='word_1_150' title='bbox 315 1242 470 1280; x_wconf 87' lang='lat' dir='ltr'>Diocles</span> <span class='ocrx_word' id='word_1_151' title='bbox 503 1243 606 1280; x_wconf 85' lang='lat' dir='ltr'>inter</span> <span class='ocrx_word' id='word_1_152' title='bbox 639 1241 791 1281; x_wconf 87' lang='lat' dir='ltr'>nobiles</span> <span class='ocrx_word' id='word_1_153' title='bbox 826 1244 1041 1293; x_wconf 80' lang='lat' dir='ltr'>scriptores</span> <span class='ocrx_word' id='word_1_154' title='bbox 1076 1241 1263 1293; x_wconf 68' lang='lat' dir='ltr'>Graecos,</span> <span class='ocrx_word' id='word_1_155' title='bbox 1301 1244 1368 1293; x_wconf 90' lang='lat' dir='ltr'>qui</span> <span class='ocrx_word' id='word_1_156' title='bbox 1402 1242 1448 1281; x_wconf 92' lang='lat' dir='ltr'>de</span> <span class='ocrx_word' id='word_1_157' title='bbox 1481 1242 1709 1293; x_wconf 86' lang='lat' dir='ltr'>primordiis</span> <span class='ocrx_word' id='word_1_158' title='bbox 1741 1243 1853 1282; x_wconf 91' lang='lat' dir='ltr'>urbis</span> 
     </span>
     <span class='ocr_line' id='line_1_18' title="bbox 316 1303 1852 1361; baseline 0.001 -16"><span class='ocrx_word' id='word_1_159' title='bbox 316 1313 492 1358; x_wconf 81' lang='lat' dir='ltr'>egerunt,</span> <span class='ocrx_word' id='word_1_160' title='bbox 519 1308 585 1345; x_wconf 86' lang='lat' dir='ltr'>uix</span> <span class='ocrx_word' id='word_1_161' title='bbox 614 1308 744 1357; x_wconf 73' lang='lat' dir='ltr'>suerit,</span> <span class='ocrx_word' id='word_1_162' title='bbox 773 1312 879 1345; x_wconf 84' lang='lat' dir='ltr'>certe</span> <span class='ocrx_word' id='word_1_163' title='bbox 901 1320 978 1346; x_wconf 90' lang='lat' dir='ltr'>non</span> <span class='ocrx_word' id='word_1_164' title='bbox 1001 1308 1197 1346; x_wconf 81' lang='lat' dir='ltr'>referatur</span> <span class='ocrx_word' id='word_1_165' title='bbox 1217 1320 1237 1346; x_wconf 87' lang='lat' dir='ltr'>a</span> <span class='ocrx_word' id='word_1_166' title='bbox 1258 1308 1442 1359; x_wconf 71' lang='lat' dir='ltr'>Dionysio</span> <span class='ocrx_word' id='word_1_167' title='bbox 1465 1303 1523 1361; x_wconf 78' lang='lat'>(1,</span> <span class='ocrx_word' id='word_1_168' title='bbox 1541 1306 1594 1346; x_wconf 75' lang='lat'>72</span> <span class='ocrx_word' id='word_1_169' title='bbox 1611 1306 1713 1361; x_wconf 84' lang='lat' dir='ltr'>sqq.)</span> <span class='ocrx_word' id='word_1_170' title='bbox 1742 1310 1781 1347; x_wconf 94' lang='lat' dir='ltr'>in</span> <span class='ocrx_word' id='word_1_171' title='bbox 1806 1321 1852 1347; x_wconf 89' lang='lat' dir='ltr'>eo</span> 
     </span>
     <span class='ocr_line' id='line_1_19' title="bbox 315 1371 1853 1424; baseline 0.001 -14"><span class='ocrx_word' id='word_1_172' title='bbox 315 1385 480 1411; x_wconf 88' lang='lat' dir='ltr'>numero</span> <span class='ocrx_word' id='word_1_173' title='bbox 502 1373 684 1423; x_wconf 89' lang='lat' dir='ltr'>quamuis</span> <span class='ocrx_word' id='word_1_174' title='bbox 707 1372 846 1423; x_wconf 88' lang='lat' dir='ltr'>amplo.</span> <span class='ocrx_word' id='word_1_175' title='bbox 880 1385 997 1424; x_wconf 88' lang='lat' dir='ltr'>porro</span> <span class='ocrx_word' id='word_1_176' title='bbox 1020 1372 1113 1423; x_wconf 87' lang='lat' dir='ltr'>quid</span> <span class='ocrx_word' id='word_1_177' title='bbox 1134 1371 1314 1411; x_wconf 75' lang='lat' dir='ltr'>Ennius?</span> <span class='ocrx_word' id='word_1_178' title='bbox 1347 1374 1413 1423; x_wconf 91' lang='lat' dir='ltr'>qui</span> <span class='ocrx_word' id='word_1_179' title='bbox 1441 1373 1577 1423; x_wconf 85' lang='lat' dir='ltr'>paucis</span> <span class='ocrx_word' id='word_1_180' title='bbox 1599 1375 1712 1411; x_wconf 88' lang='lat' dir='ltr'>annis</span> <span class='ocrx_word' id='word_1_181' title='bbox 1733 1373 1853 1412; x_wconf 88' lang='lat' dir='ltr'>Fabio</span> 
     </span>
     <span class='ocr_line' id='line_1_20' title="bbox 315 1434 1852 1492; baseline 0.001 -16"><span class='ocrx_word' id='word_1_182' title='bbox 315 1439 444 1477; x_wconf 88' lang='lat' dir='ltr'>minor</span> <span class='ocrx_word' id='word_1_183' title='bbox 471 1435 585 1490; x_wconf 47' lang='lat' dir='ltr'>suitl)</span> <span class='ocrx_word' id='word_1_184' title='bbox 614 1444 653 1477; x_wconf 90' lang='lat' dir='ltr'>et</span> <span class='ocrx_word' id='word_1_185' title='bbox 674 1438 810 1476; x_wconf 89' lang='lat' dir='ltr'>eadem</span> <span class='ocrx_word' id='word_1_186' title='bbox 840 1439 921 1476; x_wconf 86' lang='lat' dir='ltr'>sere</span> <span class='ocrx_word' id='word_1_187' title='bbox 950 1438 1103 1477; x_wconf 87' lang='lat' dir='ltr'>rettulit</span> <span class='ocrx_word' id='word_1_188' title='bbox 1124 1451 1223 1489; x_wconf 90' lang='lat' dir='ltr'>quae</span> <span class='ocrx_word' id='word_1_189' title='bbox 1244 1438 1398 1477; x_wconf 88' lang='lat' dir='ltr'>Fabius.</span> <span class='ocrx_word' id='word_1_190' title='bbox 1410 1434 1442 1492; x_wconf 76' lang='lat'>²)</span> <span class='ocrx_word' id='word_1_191' title='bbox 1481 1450 1573 1477; x_wconf 90' lang='lat' dir='ltr'>num</span> <span class='ocrx_word' id='word_1_192' title='bbox 1602 1439 1719 1477; x_wconf 82' lang='lat' dir='ltr'>etiam</span> <span class='ocrx_word' id='word_1_193' title='bbox 1747 1439 1852 1478; x_wconf 84' lang='lat' dir='ltr'>hunc</span> 
     </span>
     <span class='ocr_line' id='line_1_21' title="bbox 315 1503 1852 1554; baseline 0.001 -12"><span class='ocrx_word' id='word_1_194' title='bbox 315 1510 381 1542; x_wconf 85' lang='lat' dir='ltr'>aut</span> <span class='ocrx_word' id='word_1_195' title='bbox 407 1503 525 1542; x_wconf 92' lang='lat' dir='ltr'>Fabio</span> <span class='ocrx_word' id='word_1_196' title='bbox 553 1509 619 1542; x_wconf 87' lang='lat' dir='ltr'>aut</span> <span class='ocrx_word' id='word_1_197' title='bbox 644 1503 776 1542; x_wconf 87' lang='lat' dir='ltr'>Diocle</span> <span class='ocrx_word' id='word_1_198' title='bbox 810 1516 924 1542; x_wconf 88' lang='lat' dir='ltr'>usum</span> <span class='ocrx_word' id='word_1_199' title='bbox 954 1504 1152 1542; x_wconf 86' lang='lat' dir='ltr'>recoxisse</span> <span class='ocrx_word' id='word_1_200' title='bbox 1180 1516 1278 1554; x_wconf 90' lang='lat' dir='ltr'>quae</span> <span class='ocrx_word' id='word_1_201' title='bbox 1307 1503 1480 1542; x_wconf 89' lang='lat' dir='ltr'>Graecus</span> <span class='ocrx_word' id='word_1_202' title='bbox 1513 1503 1654 1554; x_wconf 86' lang='lat' dir='ltr'>aliquis</span> <span class='ocrx_word' id='word_1_203' title='bbox 1684 1504 1852 1543; x_wconf 86' lang='lat' dir='ltr'>finxerat</span> 
     </span>
     <span class='ocr_line' id='line_1_22' title="bbox 315 1567 1852 1620; baseline 0.001 -13"><span class='ocrx_word' id='word_1_204' title='bbox 315 1567 548 1608; x_wconf 74' lang='lat' dir='ltr'>arbitraris?</span> <span class='ocrx_word' id='word_1_205' title='bbox 587 1581 635 1607; x_wconf 90' lang='lat' dir='ltr'>ne</span> <span class='ocrx_word' id='word_1_206' title='bbox 673 1569 802 1620; x_wconf 75' lang='lat' dir='ltr'>plura,</span> <span class='ocrx_word' id='word_1_207' title='bbox 842 1568 971 1607; x_wconf 88' lang='lat' dir='ltr'>fabula</span> <span class='ocrx_word' id='word_1_208' title='bbox 1008 1569 1187 1620; x_wconf 83' lang='lat' dir='ltr'>famaque</span> <span class='ocrx_word' id='word_1_209' title='bbox 1222 1568 1287 1607; x_wconf 91' lang='lat' dir='ltr'>illa</span> <span class='ocrx_word' id='word_1_210' title='bbox 1323 1569 1496 1607; x_wconf 88' lang='lat' dir='ltr'>Romana</span> <span class='ocrx_word' id='word_1_211' title='bbox 1532 1569 1773 1608; x_wconf 86' lang='lat' dir='ltr'>translaticia</span> <span class='ocrx_word' id='word_1_212' title='bbox 1813 1576 1852 1609; x_wconf 90' lang='lat' dir='ltr'>et</span> 
     </span>
     <span class='ocr_line' id='line_1_23' title="bbox 315 1634 1852 1685; baseline 0 -12"><span class='ocrx_word' id='word_1_213' title='bbox 315 1648 333 1673; x_wconf 88' lang='lat' dir='ltr'>a</span> <span class='ocrx_word' id='word_1_214' title='bbox 361 1634 509 1673; x_wconf 84' lang='lat' dir='ltr'>Naeuio</span> <span class='ocrx_word' id='word_1_215' title='bbox 536 1635 708 1685; x_wconf 90' lang='lat' dir='ltr'>primum</span> <span class='ocrx_word' id='word_1_216' title='bbox 743 1634 886 1672; x_wconf 85' lang='lat' dir='ltr'>litteris</span> <span class='ocrx_word' id='word_1_217' title='bbox 920 1634 1083 1672; x_wconf 83' lang='lat' dir='ltr'>formata</span> <span class='ocrx_word' id='word_1_218' title='bbox 1111 1635 1227 1673; x_wconf 90' lang='lat' dir='ltr'>etiam</span> <span class='ocrx_word' id='word_1_219' title='bbox 1261 1635 1546 1673; x_wconf 87' lang='lat' dir='ltr'>minutissimas</span> <span class='ocrx_word' id='word_1_220' title='bbox 1577 1647 1752 1685; x_wconf 88' lang='lat' dir='ltr'>quasque</span> <span class='ocrx_word' id='word_1_221' title='bbox 1786 1647 1852 1673; x_wconf 90' lang='lat' dir='ltr'>res</span> 
     </span>
     <span class='ocr_line' id='line_1_24' title="bbox 315 1699 1851 1750; baseline 0 -13"><span class='ocrx_word' id='word_1_222' title='bbox 315 1699 491 1750; x_wconf 87' lang='lat' dir='ltr'>amplexa</span> <span class='ocrx_word' id='word_1_223' title='bbox 525 1711 611 1738; x_wconf 89' lang='lat' dir='ltr'>esse</span> <span class='ocrx_word' id='word_1_224' title='bbox 645 1705 684 1738; x_wconf 88' lang='lat' dir='ltr'>et</span> <span class='ocrx_word' id='word_1_225' title='bbox 716 1701 755 1738; x_wconf 92' lang='lat' dir='ltr'>in</span> <span class='ocrx_word' id='word_1_226' title='bbox 789 1701 845 1738; x_wconf 87' lang='lat' dir='ltr'>eis</span> <span class='ocrx_word' id='word_1_227' title='bbox 878 1699 942 1737; x_wconf 90' lang='lat' dir='ltr'>illa</span> <span class='ocrx_word' id='word_1_228' title='bbox 977 1705 1102 1738; x_wconf 83' lang='lat' dir='ltr'>aetate</span> <span class='ocrx_word' id='word_1_229' title='bbox 1136 1701 1212 1737; x_wconf 91' lang='lat' dir='ltr'>iam</span> <span class='ocrx_word' id='word_1_230' title='bbox 1246 1701 1340 1738; x_wconf 83' lang='lat' dir='ltr'>satis</span> <span class='ocrx_word' id='word_1_231' title='bbox 1368 1704 1551 1738; x_wconf 77' lang='lat' dir='ltr'>constans</span> <span class='ocrx_word' id='word_1_232' title='bbox 1585 1700 1707 1738; x_wconf 86' lang='lat' dir='ltr'>fuisse</span> <span class='ocrx_word' id='word_1_233' title='bbox 1740 1699 1851 1738; x_wconf 91' lang='lat' dir='ltr'>uide-</span> 
     </span>
     <span class='ocr_line' id='line_1_25' title="bbox 314 1761 1851 1819; baseline 0 -15"><span class='ocrx_word' id='word_1_234' title='bbox 314 1761 434 1819; x_wconf 68' lang='lat' dir='ltr'>tur-⁹²),</span> <span class='ocrx_word' id='word_1_235' title='bbox 462 1770 578 1815; x_wconf 89' lang='lat' dir='ltr'>atque</span> <span class='ocrx_word' id='word_1_236' title='bbox 605 1777 650 1803; x_wconf 82' lang='lat' dir='ltr'>ex</span> <span class='ocrx_word' id='word_1_237' title='bbox 678 1764 768 1815; x_wconf 73' lang='lat' dir='ltr'>hac,</span> <span class='ocrx_word' id='word_1_238' title='bbox 801 1771 844 1803; x_wconf 89' lang='lat' dir='ltr'>ut</span> <span class='ocrx_word' id='word_1_239' title='bbox 873 1777 919 1803; x_wconf 84' lang='lat' dir='ltr'>ex</span> <span class='ocrx_word' id='word_1_240' title='bbox 946 1766 1111 1816; x_wconf 87' lang='lat' dir='ltr'>perenni</span> <span class='ocrx_word' id='word_1_241' title='bbox 1139 1765 1263 1816; x_wconf 73' lang='lat' dir='ltr'>fonte,</span> <span class='ocrx_word' id='word_1_242' title='bbox 1296 1777 1432 1803; x_wconf 90' lang='lat' dir='ltr'>omnes</span> <span class='ocrx_word' id='word_1_243' title='bbox 1465 1764 1553 1802; x_wconf 91' lang='lat' dir='ltr'>illos</span> <span class='ocrx_word' id='word_1_244' title='bbox 1580 1764 1732 1815; x_wconf 83' lang='lat' dir='ltr'>Fabios,</span> <span class='ocrx_word' id='word_1_245' title='bbox 1760 1764 1851 1804; x_wconf 85' lang='lat' dir='ltr'>Cin-</span> 
     </span>
     <span class='ocr_line' id='line_1_26' title="bbox 314 1829 1849 1881; baseline 0 -12"><span class='ocrx_word' id='word_1_246' title='bbox 314 1832 408 1881; x_wconf 75' lang='lat' dir='ltr'>cios,</span> <span class='ocrx_word' id='word_1_247' title='bbox 429 1830 576 1868; x_wconf 87' lang='lat' dir='ltr'>Ennios</span> <span class='ocrx_word' id='word_1_248' title='bbox 598 1843 696 1881; x_wconf 86' lang='lat' dir='ltr'>quae</span> <span class='ocrx_word' id='word_1_249' title='bbox 720 1830 765 1869; x_wconf 92' lang='lat' dir='ltr'>de</span> <span class='ocrx_word' id='word_1_250' title='bbox 781 1830 902 1868; x_wconf 86' lang='lat' dir='ltr'>Roma</span> <span class='ocrx_word' id='word_1_251' title='bbox 923 1830 1078 1869; x_wconf 88' lang='lat' dir='ltr'>condita</span> <span class='ocrx_word' id='word_1_252' title='bbox 1100 1830 1375 1880; x_wconf 75' lang='lat' dir='ltr'>exhibuerunt⁷</span> <span class='ocrx_word' id='word_1_253' title='bbox 1396 1829 1575 1868; x_wconf 88' lang='lat' dir='ltr'>hausisse</span> <span class='ocrx_word' id='word_1_254' title='bbox 1597 1830 1849 1869; x_wconf 85' lang='lat' dir='ltr'>statuendum</span> 
     </span>
     <span class='ocr_line' id='line_1_27' title="bbox 314 1894 1849 1947; baseline -0.001 -12"><span class='ocrx_word' id='word_1_255' title='bbox 314 1901 383 1935; x_wconf 83' lang='lat' dir='ltr'>est.</span> <span class='ocrx_word' id='word_1_256' title='bbox 431 1908 542 1934; x_wconf 85' lang='lat' dir='ltr'>error</span> <span class='ocrx_word' id='word_1_257' title='bbox 574 1896 696 1946; x_wconf 81' lang='lat' dir='ltr'>igitur</span> <span class='ocrx_word' id='word_1_258' title='bbox 728 1895 880 1947; x_wconf 75' lang='lat' dir='ltr'>subest,</span> <span class='ocrx_word' id='word_1_259' title='bbox 915 1908 1056 1934; x_wconf 91' lang='lat' dir='ltr'>uerum</span> <span class='ocrx_word' id='word_1_260' title='bbox 1089 1901 1220 1934; x_wconf 86' lang='lat' dir='ltr'>tamen</span> <span class='ocrx_word' id='word_1_261' title='bbox 1253 1908 1331 1934; x_wconf 94' lang='lat' dir='ltr'>non</span> <span class='ocrx_word' id='word_1_262' title='bbox 1363 1895 1563 1934; x_wconf 82' lang='lat' dir='ltr'>Plutarchi</span> <span class='ocrx_word' id='word_1_263' title='bbox 1597 1894 1666 1933; x_wconf 93' lang='lat' dir='ltr'>sed</span> <span class='ocrx_word' id='word_1_264' title='bbox 1699 1907 1849 1947; x_wconf 78' lang='lat' dir='ltr'>eorum,</span> 
     </span>
     <span class='ocr_line' id='line_1_28' title="bbox 314 1953 1850 2014; baseline 0 -14"><span class='ocrx_word' id='word_1_265' title='bbox 314 1963 381 2013; x_wconf 87' lang='lat' dir='ltr'>qui</span> <span class='ocrx_word' id='word_1_266' title='bbox 414 1974 502 2000; x_wconf 91' lang='lat' dir='ltr'>eum</span> <span class='ocrx_word' id='word_1_267' title='bbox 536 1962 785 2012; x_wconf 85' lang='lat' dir='ltr'>interpretati</span> <span class='ocrx_word' id='word_1_268' title='bbox 819 1966 920 1999; x_wconf 86' lang='lat' dir='ltr'>sunt.</span> <span class='ocrx_word' id='word_1_269' title='bbox 960 1960 1056 2000; x_wconf 93' lang='lat' dir='ltr'>illud</span> <span class='ocrx_word' id='word_1_270' title='bbox 1090 1962 1195 1999; x_wconf 87' lang='lat' dir='ltr'>enim</span> <span class='ocrx_word' id='word_1_271' title='bbox 1222 1953 1255 2014; x_wconf 66' lang='grc' dir='ltr'>ᾧ</span> <span class='ocrx_word' id='word_1_272' title='bbox 1288 1973 1366 1999; x_wconf 92' lang='lat' dir='ltr'>non</span> <span class='ocrx_word' id='word_1_273' title='bbox 1397 1960 1444 1998; x_wconf 92' lang='lat' dir='ltr'>ad</span> <span class='ocrx_word' id='word_1_274' title='bbox 1470 1959 1644 1999; x_wconf 87' lang='lat' dir='ltr'>Dioclem</span> <span class='ocrx_word' id='word_1_275' title='bbox 1677 1962 1850 2011; x_wconf 82' lang='lat' dir='ltr'>pertinet</span> 
     </span>
     <span class='ocr_line' id='line_1_29' title="bbox 314 2023 1850 2078; baseline -0.001 -13"><span class='ocrx_word' id='word_1_276' title='bbox 314 2026 383 2065; x_wconf 88' lang='lat' dir='ltr'>sed</span> <span class='ocrx_word' id='word_1_277' title='bbox 413 2026 459 2065; x_wconf 92' lang='lat' dir='ltr'>ad</span> <span class='ocrx_word' id='word_1_278' title='bbox 487 2026 632 2077; x_wconf 77' lang='grc' dir='ltr'><em>λόγου,</em></span> <span class='ocrx_word' id='word_1_279' title='bbox 665 2026 704 2065; x_wconf 85' lang='lat' dir='ltr'>id</span> <span class='ocrx_word' id='word_1_280' title='bbox 738 2026 841 2078; x_wconf 89' lang='lat' dir='ltr'>quod</span> <span class='ocrx_word' id='word_1_281' title='bbox 874 2028 1092 2077; x_wconf 86' lang='lat' dir='ltr'>anteposito</span> <span class='ocrx_word' id='word_1_282' title='bbox 1119 2025 1311 2065; x_wconf 90' lang='lat' dir='ltr'>uocabulo</span> <span class='ocrx_word' id='word_1_283' title='bbox 1338 2023 1408 2064; x_wconf 80' lang='grc' dir='ltr'>καὶ</span> <span class='ocrx_word' id='word_1_284' title='bbox 1442 2032 1530 2064; x_wconf 85' lang='lat' dir='ltr'>ante</span> <span class='ocrx_word' id='word_1_285' title='bbox 1568 2023 1734 2076; x_wconf 75' lang='grc' dir='ltr'><em>Φάβιος</em></span> <span class='ocrx_word' id='word_1_286' title='bbox 1766 2026 1850 2064; x_wconf 81' lang='grc' dir='ltr'>Πί-</span> 
     </span>
     <span class='ocr_line' id='line_1_30' title="bbox 313 2087 1846 2145; baseline -0.001 -14"><span class='ocrx_word' id='word_1_287' title='bbox 313 2106 428 2145; x_wconf 75' lang='grc' dir='ltr'><em>κτωρ</em></span> <span class='ocrx_word' id='word_1_288' title='bbox 457 2115 511 2118; x_wconf 82' lang='grc'>-</span> <span class='ocrx_word' id='word_1_289' title='bbox 539 2087 900 2143; x_wconf 78' lang='grc' dir='ltr'><em>ἐπηκολούθηκεν</em></span> <span class='ocrx_word' id='word_1_290' title='bbox 925 2091 990 2130; x_wconf 87' lang='lat' dir='ltr'>ille</span> <span class='ocrx_word' id='word_1_291' title='bbox 1018 2093 1112 2130; x_wconf 86' lang='lat' dir='ltr'>satis</span> <span class='ocrx_word' id='word_1_292' title='bbox 1140 2092 1388 2129; x_wconf 83' lang='lat' dir='ltr'>confirmauit</span> <span class='ocrx_word' id='word_1_293' title='bbox 1415 2088 1477 2143; x_wconf 82' lang='lat' dir='ltr'>(ut</span> <span class='ocrx_word' id='word_1_294' title='bbox 1509 2092 1586 2129; x_wconf 89' lang='lat' dir='ltr'>iam</span> <span class='ocrx_word' id='word_1_295' title='bbox 1619 2092 1725 2130; x_wconf 83' lang='lat' dir='ltr'>Berl.</span> <span class='ocrx_word' id='word_1_296' title='bbox 1743 2093 1846 2141; x_wconf 71' lang='lat' dir='ltr'>phil.</span> 
     </span>
     <span class='ocr_line' id='line_1_31' title="bbox 325 2153 1849 2211; baseline -0.001 -16"><span class='ocrx_word' id='word_1_297' title='bbox 325 2158 606 2197; x_wconf 73' lang='lat' dir='ltr'>Wochenschr.</span> <span class='ocrx_word' id='word_1_298' title='bbox 632 2154 744 2196; x_wconf 79' lang='lat'>1906</span> <span class='ocrx_word' id='word_1_299' title='bbox 766 2170 797 2196; x_wconf 90' lang='lat' dir='ltr'>c.</span> <span class='ocrx_word' id='word_1_300' title='bbox 815 2155 896 2196; x_wconf 79' lang='lat'>241</span> <span class='ocrx_word' id='word_1_301' title='bbox 913 2169 968 2208; x_wconf 91' lang='lat' dir='ltr'>sq.</span> <span class='ocrx_word' id='word_1_302' title='bbox 991 2153 1186 2211; x_wconf 74' lang='lat' dir='ltr'>exposui).</span> <span class='ocrx_word' id='word_1_303' title='bbox 1220 2157 1384 2208; x_wconf 89' lang='lat' dir='ltr'>proinde</span> <span class='ocrx_word' id='word_1_304' title='bbox 1401 2168 1594 2208; x_wconf 87' lang='lat' dir='ltr'>quaerere</span> <span class='ocrx_word' id='word_1_305' title='bbox 1611 2156 1849 2207; x_wconf 74' lang='lat' dir='ltr'>desinamus,</span> 
     </span>
     <span class='ocr_line' id='line_1_32' title="bbox 312 2221 1848 2273; baseline -0.001 -12"><span class='ocrx_word' id='word_1_306' title='bbox 312 2229 402 2262; x_wconf 85' lang='lat' dir='ltr'>uter</span> <span class='ocrx_word' id='word_1_307' title='bbox 433 2228 521 2261; x_wconf 83' lang='lat' dir='ltr'>utro</span> <span class='ocrx_word' id='word_1_308' title='bbox 554 2223 664 2273; x_wconf 90' lang='lat' dir='ltr'>prior</span> <span class='ocrx_word' id='word_1_309' title='bbox 697 2223 831 2273; x_wconf 83' lang='lat' dir='ltr'>suerit,</span> <span class='ocrx_word' id='word_1_310' title='bbox 865 2222 961 2261; x_wconf 91' lang='lat' dir='ltr'>illud</span> <span class='ocrx_word' id='word_1_311' title='bbox 994 2227 1145 2261; x_wconf 89' lang='lat' dir='ltr'>constat</span> <span class='ocrx_word' id='word_1_312' title='bbox 1178 2227 1215 2260; x_wconf 85' lang='lat' dir='ltr'>et</span> <span class='ocrx_word' id='word_1_313' title='bbox 1242 2221 1405 2260; x_wconf 89' lang='lat' dir='ltr'>Fabium</span> <span class='ocrx_word' id='word_1_314' title='bbox 1433 2227 1472 2260; x_wconf 89' lang='lat' dir='ltr'>et</span> <span class='ocrx_word' id='word_1_315' title='bbox 1498 2221 1675 2260; x_wconf 88' lang='lat' dir='ltr'>Cincium</span> <span class='ocrx_word' id='word_1_316' title='bbox 1704 2228 1742 2260; x_wconf 88' lang='lat' dir='ltr'>et</span> <span class='ocrx_word' id='word_1_317' title='bbox 1768 2234 1848 2272; x_wconf 88' lang='lat' dir='ltr'>eos,</span> 
     </span>
    </p>
   </div>
   <div class='ocr_carea' id='block_1_3' title="bbox 311 2335 1847 2862">
    <p class='ocr_par' dir='ltr' id='par_1_3' title="bbox 311 2335 1847 2489">
     <span class='ocr_line' id='line_1_33' title="bbox 409 2335 1847 2382; baseline -0.001 -10"><span class='ocrx_word' id='word_1_318' title='bbox 409 2340 442 2382; x_wconf 91' lang='lat'>1)</span> <span class='ocrx_word' id='word_1_319' title='bbox 471 2336 678 2381; x_wconf 72' lang='lat' dir='ltr'>Septimum</span> <span class='ocrx_word' id='word_1_320' title='bbox 711 2336 809 2370; x_wconf 87' lang='lat' dir='ltr'>enim</span> <span class='ocrx_word' id='word_1_321' title='bbox 842 2338 880 2370; x_wconf 77' lang='lat' dir='ltr'>et</span> <span class='ocrx_word' id='word_1_322' title='bbox 912 2336 1184 2381; x_wconf 82' lang='lat' dir='ltr'>sexagesimum</span> <span class='ocrx_word' id='word_1_323' title='bbox 1217 2347 1355 2370; x_wconf 84' lang='lat' dir='ltr'>annum</span> <span class='ocrx_word' id='word_1_324' title='bbox 1382 2347 1420 2370; x_wconf 87' lang='lat' dir='ltr'>se</span> <span class='ocrx_word' id='word_1_325' title='bbox 1452 2335 1572 2381; x_wconf 85' lang='lat' dir='ltr'>egisse</span> <span class='ocrx_word' id='word_1_326' title='bbox 1597 2335 1738 2369; x_wconf 86' lang='lat' dir='ltr'>Ennius</span> <span class='ocrx_word' id='word_1_327' title='bbox 1764 2335 1847 2380; x_wconf 78' lang='lat' dir='ltr'>ipse</span> 
     </span>
     <span class='ocr_line' id='line_1_34' title="bbox 311 2388 1847 2435; baseline -0.002 -10"><span class='ocrx_word' id='word_1_328' title='bbox 311 2393 472 2425; x_wconf 73' lang='lat' dir='ltr'>testatur</span> <span class='ocrx_word' id='word_1_329' title='bbox 498 2393 567 2435; x_wconf 71' lang='lat' dir='ltr'>(est</span> <span class='ocrx_word' id='word_1_330' title='bbox 594 2391 835 2433; x_wconf 61' lang='lat' dir='ltr'>a.173.581)‚</span> <span class='ocrx_word' id='word_1_331' title='bbox 870 2401 953 2424; x_wconf 85' lang='lat' dir='ltr'>cum</span> <span class='ocrx_word' id='word_1_332' title='bbox 986 2390 1249 2425; x_wconf 81' lang='lat' dir='ltr'>duodecimum</span> <span class='ocrx_word' id='word_1_333' title='bbox 1282 2389 1455 2423; x_wconf 82' lang='lat' dir='ltr'>annalem</span> <span class='ocrx_word' id='word_1_334' title='bbox 1483 2388 1662 2423; x_wconf 75' lang='lat' dir='ltr'>scriberet</span> <span class='ocrx_word' id='word_1_335' title='bbox 1687 2389 1847 2434; x_wconf 85' lang='lat' dir='ltr'>(Vahlen</span> 
     </span>
     <span class='ocr_line' id='line_1_35' title="bbox 312 2445 782 2489; baseline -0.004 -10"><span class='ocrx_word' id='word_1_336' title='bbox 312 2445 424 2479; x_wconf 78' lang='lat' dir='ltr'>Enn.‘·³</span> <span class='ocrx_word' id='word_1_337' title='bbox 449 2456 484 2489; x_wconf 90' lang='lat' dir='ltr'>p.</span> <span class='ocrx_word' id='word_1_338' title='bbox 501 2448 554 2479; x_wconf 77' lang='lat'>67.</span> <span class='ocrx_word' id='word_1_339' title='bbox 584 2456 688 2478; x_wconf 79' lang='lat' dir='ltr'>cxcv1</span> <span class='ocrx_word' id='word_1_340' title='bbox 703 2446 782 2488; x_wconf 70' lang='lat' dir='ltr'>sq).</span> 
     </span>
    </p>

    <p class='ocr_par' dir='ltr' id='par_1_4' title="bbox 312 2496 1846 2595">
     <span class='ocr_line' id='line_1_36' title="bbox 407 2496 1846 2542; baseline -0.001 -11"><span class='ocrx_word' id='word_1_341' title='bbox 407 2500 440 2541; x_wconf 66' lang='lat'>⁶2)</span> <span class='ocrx_word' id='word_1_342' title='bbox 469 2498 520 2531; x_wconf 90' lang='lat' dir='ltr'>De</span> <span class='ocrx_word' id='word_1_343' title='bbox 553 2496 697 2531; x_wconf 86' lang='lat' dir='ltr'>duobus</span> <span class='ocrx_word' id='word_1_344' title='bbox 731 2497 850 2531; x_wconf 86' lang='lat' dir='ltr'>Seruii</span> <span class='ocrx_word' id='word_1_345' title='bbox 882 2497 973 2532; x_wconf 84' lang='lat' dir='ltr'>locis</span> <span class='ocrx_word' id='word_1_346' title='bbox 1006 2496 1067 2542; x_wconf 79' lang='lat' dir='ltr'>(ad</span> <span class='ocrx_word' id='word_1_347' title='bbox 1094 2497 1183 2530; x_wconf 89' lang='lat' dir='ltr'>Aen.</span> <span class='ocrx_word' id='word_1_348' title='bbox 1207 2500 1236 2538; x_wconf 88' lang='lat' dir='ltr'>l,</span> <span class='ocrx_word' id='word_1_349' title='bbox 1254 2500 1332 2531; x_wconf 84' lang='lat'>273.</span> <span class='ocrx_word' id='word_1_350' title='bbox 1361 2497 1507 2540; x_wconf 81' lang='lat'><strong>6,777),</strong></span> <span class='ocrx_word' id='word_1_351' title='bbox 1541 2496 1605 2540; x_wconf 89' lang='lat' dir='ltr'>qui</span> <span class='ocrx_word' id='word_1_352' title='bbox 1637 2508 1846 2541; x_wconf 80' lang='lat' dir='ltr'>repugnare</span> 
     </span>
     <span class='ocr_line' id='line_1_37' title="bbox 312 2549 1070 2595; baseline 0 -10"><span class='ocrx_word' id='word_1_353' title='bbox 312 2551 522 2592; x_wconf 74' lang='lat' dir='ltr'>uideantur,</span> <span class='ocrx_word' id='word_1_354' title='bbox 549 2550 637 2584; x_wconf 89' lang='lat' dir='ltr'>uide</span> <span class='ocrx_word' id='word_1_355' title='bbox 664 2549 874 2594; x_wconf 83' lang='lat' dir='ltr'>Schwegler</span> <span class='ocrx_word' id='word_1_356' title='bbox 899 2550 914 2583; x_wconf 94' lang='lat' dir='ltr'>I</span> <span class='ocrx_word' id='word_1_357' title='bbox 940 2563 975 2595; x_wconf 90' lang='lat' dir='ltr'>p.</span> <span class='ocrx_word' id='word_1_358' title='bbox 992 2554 1070 2585; x_wconf 82' lang='lat'>407.</span> 
     </span>
    </p>

    <p class='ocr_par' dir='ltr' id='par_1_5' title="bbox 311 2602 1847 2862">
     <span class='ocr_line' id='line_1_38' title="bbox 408 2602 1847 2649; baseline 0 -12"><span class='ocrx_word' id='word_1_359' title='bbox 408 2606 441 2648; x_wconf 85' lang='lat'>3)</span> <span class='ocrx_word' id='word_1_360' title='bbox 468 2603 547 2637; x_wconf 79' lang='lat' dir='ltr'>Iam</span> <span class='ocrx_word' id='word_1_361' title='bbox 568 2614 663 2638; x_wconf 83' lang='lat' dir='ltr'>anno</span> <span class='ocrx_word' id='word_1_362' title='bbox 679 2606 757 2637; x_wconf 80' lang='lat'>298.</span> <span class='ocrx_word' id='word_1_363' title='bbox 773 2608 841 2637; x_wconf 79' lang='lat'>456</span> <span class='ocrx_word' id='word_1_364' title='bbox 863 2603 910 2637; x_wconf 82' lang='lat' dir='ltr'>ab</span> <span class='ocrx_word' id='word_1_365' title='bbox 927 2603 1097 2649; x_wconf 86' lang='lat' dir='ltr'>Ogulniis</span> <span class='ocrx_word' id='word_1_366' title='bbox 1119 2602 1304 2637; x_wconf 84' lang='lat' dir='ltr'>aedilibus</span> <span class='ocrx_word' id='word_1_367' title='bbox 1325 2602 1515 2637; x_wconf 81' lang='lat' dir='ltr'>curulibus</span> <span class='ocrx_word' id='word_1_368' title='bbox 1535 2602 1624 2647; x_wconf 86' lang='lat' dir='ltr'>lupa</span> <span class='ocrx_word' id='word_1_369' title='bbox 1644 2602 1710 2636; x_wconf 78' lang='lat' dir='ltr'>illa</span> <span class='ocrx_word' id='word_1_370' title='bbox 1730 2614 1847 2637; x_wconf 77' lang='lat' dir='ltr'>aenea,</span> 
     </span>
     <span class='ocr_line' id='line_1_39' title="bbox 311 2655 1845 2703; baseline -0.002 -11"><span class='ocrx_word' id='word_1_371' title='bbox 311 2669 446 2703; x_wconf 89' lang='lat' dir='ltr'>pueros</span> <span class='ocrx_word' id='word_1_372' title='bbox 473 2657 640 2702; x_wconf 82' lang='lat' dir='ltr'>geminos</span> <span class='ocrx_word' id='word_1_373' title='bbox 667 2657 834 2691; x_wconf 75' lang='lat' dir='ltr'>nutriens</span> <span class='ocrx_word' id='word_1_374' title='bbox 860 2657 984 2701; x_wconf 80' lang='lat' dir='ltr'>posita</span> <span class='ocrx_word' id='word_1_375' title='bbox 1010 2659 1106 2699; x_wconf 77' lang='lat' dir='ltr'>erat,</span> <span class='ocrx_word' id='word_1_376' title='bbox 1139 2655 1349 2701; x_wconf 83' lang='lat' dir='ltr'>Schwegler</span> <span class='ocrx_word' id='word_1_377' title='bbox 1375 2656 1389 2690; x_wconf 91' lang='lat'>1</span> <span class='ocrx_word' id='word_1_378' title='bbox 1414 2668 1449 2700; x_wconf 89' lang='lat' dir='ltr'>p.</span> <span class='ocrx_word' id='word_1_379' title='bbox 1465 2659 1532 2690; x_wconf 80' lang='lat'>413</span> <span class='ocrx_word' id='word_1_380' title='bbox 1549 2667 1601 2699; x_wconf 79' lang='lat' dir='ltr'>sq.</span> <span class='ocrx_word' id='word_1_381' title='bbox 1640 2655 1845 2690; x_wconf 80' lang='lat' dir='ltr'>Mommsen</span> 
     </span>
     <span class='ocr_line' id='line_1_40' title="bbox 313 2709 1843 2756; baseline -0.003 -10"><span class='ocrx_word' id='word_1_382' title='bbox 313 2712 379 2756; x_wconf 93' lang='lat' dir='ltr'>Op.</span> <span class='ocrx_word' id='word_1_383' title='bbox 400 2711 487 2745; x_wconf 76' lang='lat' dir='ltr'>hist.</span> <span class='ocrx_word' id='word_1_384' title='bbox 515 2711 529 2744; x_wconf 87' lang='grc' dir='ltr'><strong>Ι</strong></span> <span class='ocrx_word' id='word_1_385' title='bbox 555 2722 589 2754; x_wconf 88' lang='lat' dir='ltr'>p.</span> <span class='ocrx_word' id='word_1_386' title='bbox 613 2714 631 2744; x_wconf 74' lang='lat'>2</span> <span class='ocrx_word' id='word_1_387' title='bbox 649 2722 745 2754; x_wconf 54' lang='lat' dir='ltr'>sqq„</span> <span class='ocrx_word' id='word_1_388' title='bbox 778 2710 842 2753; x_wconf 85' lang='lat' dir='ltr'>qui</span> <span class='ocrx_word' id='word_1_389' title='bbox 869 2710 1013 2744; x_wconf 77' lang='lat' dir='ltr'>duobus</span> <span class='ocrx_word' id='word_1_390' title='bbox 1046 2709 1222 2753; x_wconf 81' lang='lat' dir='ltr'>exemplis</span> <span class='ocrx_word' id='word_1_391' title='bbox 1255 2710 1341 2754; x_wconf 64' lang='lat' dir='ltr'>&lt;Dte</span> <span class='ocrx_word' id='word_1_392' title='bbox 1368 2709 1647 2752; x_wconf 70' lang='lat' dir='ltr'>Remusleyende</span> <span class='ocrx_word' id='word_1_393' title='bbox 1672 2720 1706 2752; x_wconf 92' lang='lat' dir='ltr'>p.</span> <span class='ocrx_word' id='word_1_394' title='bbox 1730 2712 1843 2742; x_wconf 86' lang='grc'>1-21</span> 
     </span>
     <span class='ocr_line' id='line_1_41' title="bbox 312 2760 1847 2808; baseline -0.003 -9"><span class='ocrx_word' id='word_1_395' title='bbox 312 2767 349 2800; x_wconf 76' lang='lat' dir='ltr'>et</span> <span class='ocrx_word' id='word_1_396' title='bbox 375 2765 448 2799; x_wconf 80' lang='lat' dir='ltr'>Die</span> <span class='ocrx_word' id='word_1_397' title='bbox 473 2764 505 2797; x_wconf 87' lang='lat' dir='ltr'><em>T</em></span> <span class='ocrx_word' id='word_1_398' title='bbox 503 2764 747 2808; x_wconf 71' lang='lat' dir='ltr'>atiusleyende</span> <span class='ocrx_word' id='word_1_399' title='bbox 772 2776 806 2808; x_wconf 90' lang='lat' dir='ltr'>p.</span> <span class='ocrx_word' id='word_1_400' title='bbox 824 2765 975 2808; x_wconf 69' lang='lat'>22—35&gt;</span> <span class='ocrx_word' id='word_1_401' title='bbox 997 2763 1106 2797; x_wconf 83' lang='lat' dir='ltr'>huius</span> <span class='ocrx_word' id='word_1_402' title='bbox 1127 2763 1248 2797; x_wconf 80' lang='lat' dir='ltr'>famae</span> <span class='ocrx_word' id='word_1_403' title='bbox 1270 2761 1396 2806; x_wconf 76' lang='lat' dir='ltr'>capita.</span> <span class='ocrx_word' id='word_1_404' title='bbox 1415 2761 1553 2806; x_wconf 81' lang='lat' dir='ltr'>partim</span> <span class='ocrx_word' id='word_1_405' title='bbox 1573 2761 1680 2795; x_wconf 79' lang='lat' dir='ltr'>bellis</span> <span class='ocrx_word' id='word_1_406' title='bbox 1701 2760 1847 2796; x_wconf 82' lang='lat' dir='ltr'>Samni-</span> 
     </span>
     <span class='ocr_line' id='line_1_42' title="bbox 311 2813 1846 2862; baseline -0.001 -10"><span class='ocrx_word' id='word_1_407' title='bbox 311 2818 396 2853; x_wconf 78' lang='lat' dir='ltr'>ticis</span> <span class='ocrx_word' id='word_1_408' title='bbox 429 2817 566 2862; x_wconf 74' lang='lat' dir='ltr'>partim</span> <span class='ocrx_word' id='word_1_409' title='bbox 593 2819 679 2851; x_wconf 80' lang='lat' dir='ltr'>ante</span> <span class='ocrx_word' id='word_1_410' title='bbox 706 2816 997 2851; x_wconf 85' lang='lat' dir='ltr'>Hannibalicum</span> <span class='ocrx_word' id='word_1_411' title='bbox 1023 2816 1164 2850; x_wconf 82' lang='lat' dir='ltr'>Romae</span> <span class='ocrx_word' id='word_1_412' title='bbox 1190 2815 1348 2861; x_wconf 81' lang='lat' dir='ltr'>uulgata</span> <span class='ocrx_word' id='word_1_413' title='bbox 1374 2814 1487 2849; x_wconf 84' lang='lat' dir='ltr'>fuisse</span> <span class='ocrx_word' id='word_1_414' title='bbox 1515 2813 1681 2859; x_wconf 82' lang='lat' dir='ltr'>pluribus</span> <span class='ocrx_word' id='word_1_415' title='bbox 1708 2814 1846 2850; x_wconf 77' lang='lat' dir='ltr'>docuit.</span> 
     </span>
    </p>
   </div>
  </div>
 </body>
</html>
