2002 3342
437 636 487 690 Q.
525 634 835 682 OLAVDIVS
870 632 1387 698 QVADRIGARIV81)

229 742 283 781 De
305 742 347 788 Q.
369 741 504 781 Claudi
525 737 817 796 Quadrigarii2)
844 743 943 781 uita
963 754 1086 780 unum
1109 741 1298 780 disertum
1326 746 1468 780 testem
1495 742 1672 793 proferre

139 820 350 859 possumus
371 807 576 858 Velleium,
610 809 722 846 cuius
754 808 851 846 haec
884 812 975 846 sunt
1006 806 1129 846 uerba
1159 802 1352 860 (2,9,6);
1383 807 1584 846 Vetuslz'or
1611 810 1672 847 Se·-

138 886 265 912 senna
292 874 374 924 fuit
405 874 581 922 Caelius,
615 876 799 922 aequalis
830 874 1025 912 Sisennae
1052 873 1234 911 Rutilius
1264 872 1536 921 Claudiusque
1568 874 1673 919 Qua-

140 940 353 987 driyare'us
373 945 411 978 et
431 939 614 978 Valerius
636 940 791 978 Antias.
831 951 907 989 quo
931 938 1015 976 loco
1037 949 1273 988 quamquam
1294 942 1336 975 ut
1356 937 1444 975 illos
1466 937 1675 977 historicos

140 1005 241 1042 intra
268 1003 390 1042 breue
417 1005 606 1054 temporis
633 1005 804 1054 spatium
832 1008 1037 1054 coartaret,
1065 1002 1238 1054 aequalis
1264 1004 1465 1041 notionem
1491 1002 1595 1041 haud
1621 1004 1674 1042 ita

140 1070 234 1107 artis
266 1069 410 1108 finibus
444 1070 638 1107 continuit
665 1063 754 1122 (qui
780 1070 885 1107 enim
912 1068 1086 1119 aequalis
1114 1067 1304 1106 Sisennae
1333 1067 1478 1106 dicitur
1503 1067 1674 1106 Rutilius

138 1139 296 1185 praetor
322 1134 396 1173 fuit
422 1147 453 1173 a.
472 1132 566 1173 111.
590 1132 688 1185 643,
714 1133 754 1172 id
779 1140 839 1173 est
858 1134 1020 1184 triginta
1040 1133 1167 1172 tribus
1189 1133 1302 1171 annis
1324 1138 1412 1171 ante
1434 1129 1675 1187 Sisennam),

138 1205 268 1238 tamen
296 1212 395 1251 quae
424 1199 470 1238 de
498 1199 658 1238 Claudio
687 1205 725 1238 et
751 1200 904 1238 Antiate
932 1198 979 1238 ab
1009 1211 1054 1237 eo
1082 1198 1203 1237 relata
1231 1204 1340 1249 sunt,
1373 1199 1490 1237 etiam
1519 1198 1674 1237 aliunde

139 1265 439 1315 confirmantur,
472 1266 640 1303 maxime
675 1266 800 1316 ipsius
827 1265 1016 1316 reliquiis,
1057 1277 1147 1302 nam
1174 1276 1264 1302 cum
1292 1276 1337 1302 ex
1366 1263 1489 1302 Gellio
1517 1259 1583 1317 (fr.
1606 1261 1674 1302 81.

139 1325 215 1384 82)
245 1342 334 1368 eum
360 1329 460 1368 libro
481 1329 779 1368 undeuicesimo
803 1342 866 1368 res
888 1342 919 1368 a.
937 1327 1004 1368 87.
1027 1326 1110 1368 667
1133 1328 1198 1368 uel
1220 1326 1287 1368 86.
1310 1325 1394 1367 668
1420 1335 1549 1379 gestas
1570 1341 1674 1367 com-

138 1394 296 1446 plexum
324 1407 409 1434 esse
437 1401 633 1446 appareat,
660 1396 877 1434 uicesimus
904 1401 1035 1434 autem
1062 1396 1204 1433 tertius
1232 1394 1333 1433 liber
1353 1393 1399 1432 ab
1421 1393 1559 1433 eodem
1581 1395 1674 1432 cite·

138 1466 203 1498 tur
224 1455 290 1513 (fr.
313 1457 400 1513 89),
426 1462 635 1499 minimum
663 1460 792 1499 Sullae
821 1460 1054 1499 dictaturam
1076 1459 1281 1498 Claudium
1306 1459 1456 1498 uidisse
1477 1461 1675 1511 sequitur3

139 1531 246 1564 certe
270 1538 479 1564 numerum
501 1538 649 1576 eorum,
677 1527 745 1576 qui
765 1539 796 1564 a.
819 1523 885 1565 82.
908 1523 994 1564 672
1017 1525 1062 1564 (16
1085 1527 1262 1564 exercitu
1282 1524 1455 1563 Mariano
1477 1524 1525 1563 ad
1546 1524 1673 1563 Sacri-

138 1596 293 1641 portum
317 1592 421 1629 caesi
442 1597 563 1641 erant,
585 1592 669 1642 ipse
690 1592 904 1629 memoriae
925 1590 1153 1642 prodiderat
1175 1585 1240 1644 (fr.
1263 1586 1351 1644 84).
1393 1589 1533 1628 deinde
1556 1591 1673 1628 etiam

137 1655 282 1694 Fronto
316 1651 376 1709 (in
398 1668 456 1707 ep.
478 1656 525 1695 ad
540 1656 626 1695 Ver.
651 1655 687 1706 1,
706 1655 726 1694 1
750 1669 785 1707 p.
804 1654 888 1694 114
902 1652 966 1708 N.)
1001 1655 1139 1694 eodem
1174 1656 1254 1694 sere
1287 1654 1426 1694 ordine
1460 1656 1674 1706 scriptores

137 1721 242 1759 inter
268 1734 309 1760 se
334 1722 576 1772 excipientes
603 1722 697 1760 facit
723 1734 799 1772 quo
821 1721 1009 1760 Velleius:
1037 1722 1260 1760 Historiam
1287 1732 1444 1769 quoque
1470 1723 1674 1770 scripsere

138 1808 192 1812 —
220 1787 362 1826 Pictor
387 1789 610 1836 incondite,
650 1787 844 1826 Claudius
869 1788 1018 1836 lepide,
1046 1789 1193 1825 Antias
1219 1789 1449 1834 muemtste,
1479 1786 1675 1824 See'senna

135 1853 365 1900 lonqinque.
398 1851 502 1890 unde
523 1854 709 1903 quoniam
725 1852 890 1891 Sisenna
912 1865 1011 1891 anno
1029 1849 1097 1890 67.
1117 1849 1200 1891 687
1223 1857 1403 1889 mortuus
1425 1856 1484 1890 est
1494 1846 1540 1905 3),
1563 1850 1674 1889 Clau-

137 1915 191 1954 dii
224 1922 352 1955 autem
387 1917 566 1968 reliquiis
605 1917 708 1956 ultra
741 1930 772 1956 a.
795 1915 862 1957 82.
884 1915 970 1956 672
1004 1917 1218 1956 ascendere
1254 1916 1528 1967 prohibemur,
1562 1917 1674 1955 annis

138 1981 219 2020 fere
247 1979 313 2020 80.
336 1979 552 2021 674-70,
575 1980 662 2021 684
690 1995 779 2022 611111
807 1984 1015 2034 scripsisse
1048 1984 1134 2021 ueri
1160 1982 1288 2021 simile
1316 1987 1387 2020 est.

226 2046 307 2085 Nec
339 2047 451 2098 plura
486 2047 532 2086 de
565 2049 650 2086 eius
684 2060 829 2098 genere
863 2048 1052 2086 affirmari
1090 2053 1273 2098 possunt,
1312 2059 1403 2085 nam
1435 2058 1582 2085 uanum
1616 2051 1675 2084 est

137 2113 330 2162 suspicari
362 2112 551 2158 Quintum
584 2112 790 2152 Claudium
823 2113 1058 2163 Flaminem‚
1092 2114 1160 2164 qui
1193 2125 1224 2151 a.
1247 2109 1345 2151 218.
1373 2109 1459 2151 536
1490 2111 1673 2149 tribunus

136 2175 262 2228 plebis
289 2177 373 2228 fuit,
402 2177 538 2216 decem
566 2180 679 2217 annis
707 2184 795 2230 post
820 2174 1040 2230 praetor4)‚
1071 2178 1252 2216 historici
1278 2183 1437 2216 atauum
1464 2176 1604 2226 fuisse,
1631 2180 1675 2214 ut

233 2281 264 2323 1)
292 2279 532 2314 Giesebrecht
550 2280 589 2326 Q.
606 2281 788 2316 Claudius
809 2281 1090 2326 Quadrigyarz'us.
1131 2279 1312 2314 Prenzlau
1334 2282 1435 2313 1831.
1476 2278 1516 2312 G.
1533 2277 1673 2321 Soltau,

137 2332 268 2367 Philol.
290 2337 347 2375 56,
361 2336 560 2367 418—425.
601 2333 642 2368 G.
659 2333 824 2368 Thouret
843 2334 881 2368 in
902 2333 1135 2368 Fleckeiseni
1156 2333 1276 2377 suppl.
1298 2333 1348 2367 XI
1368 2344 1403 2376 p.
1420 2334 1618 2366 148—164.

232 2389 266 2429 2)
294 2386 346 2420 De
367 2387 578 2421 nominibus
600 2387 691 2422 satis
713 2389 870 2429 constat,
899 2398 981 2421 cum
1002 2387 1126 2421 omnia
1147 2386 1400 2430 compluribus
1421 2385 1511 2419 10615
1534 2384 1673 2418 tradita

137 2439 219 2482 sint,
239 2451 359 2484 neque
380 2442 504 2475 tamen
526 2452 617 2475 una:
638 2441 749 2475 modo
771 2440 869 2474 enim
891 2440 1049 2482 Quintus
1071 2440 1247 2474 Claudius
1269 2439 1481 2484 appellatur
1497 2437 1672 2482 (plerum-

137 2503 207 2536 que
234 2504 255 2527 a
282 2493 412 2536 Gellio,
439 2494 551 2537 idque
578 2493 664 2528 libri
690 2505 841 2528 numero
869 2494 1030 2537 addito),
1064 2493 1173 2528 modo
1201 2493 1377 2528 Claudius
1405 2490 1672 2535 Quadrigarius

137 2547 173 2589 (a
199 2545 317 2581 Genio
345 2547 426 2581 aliis
457 2547 546 2581 locis
573 2547 778 2592 plerisque,
812 2547 924 2581 semel
958 2559 979 2581 a
1006 2546 1146 2581 Seneca
1172 2549 1208 2581 et
1232 2546 1437 2589 Macrobio‚
1471 2546 1561 2579 item
1589 2556 1671 2578 cum

136 2610 287 2634 numero
314 2600 430 2644 libri),
463 2601 574 2635 modo
607 2600 784 2635 Claudius
818 2604 978 2645 (semper
1011 2611 1032 2633 a
1059 2600 1163 2634 Liuio
1190 2601 1244 2645 [et
1271 2599 1429 2645 Orosi0],
1461 2609 1544 2632 raro
1572 2598 1672 2643 [cum

136 2663 286 2687 numero
320 2653 420 2700 libri]
448 2665 469 2687 a
496 2653 615 2688 Gellio
644 2655 680 2688 eb
709 2655 979 2699 grammaticis)
1019 2655 1084 2687 aut
1112 2652 1379 2697 Quadrigarius
1412 2651 1623 2697 (aliquoties
1651 2660 1671 2683 a

138 2705 268 2748 Gellio,
294 2707 510 2751 plerumque
538 2719 559 2742 a
586 2707 719 2751 Nonio,
747 2707 860 2743 semel
888 2718 908 2741 a
935 2707 1150 2750 Prisciano).

233 2763 266 2803 3)
293 2760 386 2794 Vide
406 2761 514 2795 infra.

231 2814 265 2855 4)
291 2813 463 2848 Muenzer
476 2814 662 2848 ‘fortasse’
680 2814 778 2848 huuc
798 2814 956 2849 eundem
978 2824 1061 2848 cum
1082 2813 1230 2847 tribuno
1251 2812 1363 2846 fuisse
1384 2811 1540 2854 censuit,
1561 2811 1606 2845 R.
1623 2810 1670 2843 E.

135 2863 186 2898 III
207 2876 234 2899 e.
253 2869 354 2900 2670.
376 2870 479 2902 2720.
