2002 3342
277 212 367 242 CXL
610 196 672 229 DE
702 193 1009 230 SCRIPTORVM
1035 193 1158 228 VITIS
1184 193 1245 227 ET
1273 192 1479 228 SCRIPTIS

278 309 410 359 disset,
438 308 542 357 larga
571 308 681 357 copia
709 305 940 344 abundabat..
981 317 1055 355 qua
1082 304 1203 342 libere
1230 316 1325 342 usus
1353 305 1532 355 quamuis
1560 306 1809 343 occasionem

277 375 443 424 arripuit,
477 385 545 410 sna
581 371 626 409 de
661 383 701 409 re
735 383 770 421 p.
805 371 944 408 merita
971 368 1241 420 praedit-andi,
1271 382 1343 407 nec
1370 369 1409 407 id
1435 374 1597 419 propter
1623 368 1808 407 aduersa-

278 441 368 489 rios,
396 451 493 489 quos
521 437 662 475 multos
689 437 730 473 in
751 437 832 473 nita
852 434 1007 486 publica
1031 439 1256 472 constanter
1277 435 1474 483 castigatis
1496 433 1678 472 omnibus
1698 435 1810 472 uitiis

277 506 393 542 etiam
417 502 751 541 n‹‘›bilissimorum
770 500 835 539 uel
856 501 1032 538 uirorum
1054 499 1115 537 uel
1139 499 1348 537 mulierum
1370 495 1616 551 l1al›uit(uid.
1632 498 1806 537 Ribbeck

277 583 312 620 p.
341 566 425 607 238
443 564 537 619 sq.)⁷
575 567 716 604 mirum
751 571 820 604 est.
865 567 995 616 itaque
1028 566 1103 602 iam
1138 563 1381 602 orationibus
1414 563 1568 614 publice
1602 569 1640 602 et
1664 563 1812 602 habitis

277 640 316 672 et
343 633 553 683 separatim
581 631 697 669 editis
720 643 782 669 res
804 643 823 669 a
845 643 886 668 se
908 635 1037 681 gestas
1059 629 1104 667 ab
1133 641 1267 667 eorum
1296 628 1445 666 inuidia
1472 634 1510 667 et
1536 629 1813 667 criminatione

277 694 562 751 defenderatl),
589 696 693 735 idem
720 709 816 734 uero
844 697 961 733 etiam
988 696 1027 733 in
1058 693 1276 743 originibus
1302 695 1472 732 uirtutes
1498 706 1588 732 suas
1616 695 1697 732 suis
1724 706 1811 732 ora-

278 763 453 803 tionihus
481 762 527 801 ad
554 761 721 800 uerbum
750 762 910 799 insertis
937 765 1102 798 testatus
1130 764 1205 809 est,
1238 771 1310 797 nec
1337 760 1421 797 eius
1447 760 1638 797 intererat
1663 759 1814 797 alienas

276 829 411 868 laudes
438 828 509 866 hac
535 827 714 866 ubertate
742 826 954 864 obscurare
983 831 1098 875 atque
1126 826 1243 863 etiam
1270 825 1510 875 opprimere,
1541 823 1579 862 id
1606 823 1709 874 quod
1736 825 1813 862 etsi

277 907 393 945 saepe
428 895 465 932 ei
497 892 707 944 opprobrio
744 892 875 930 datum
909 886 1030 943 est2),
1069 889 1246 940 plerique
1282 895 1412 927 tamen
1452 894 1534 927 tum
1568 886 1693 927 ‘suam
1733 889 1813 939 ipsi

275 962 398 998 uitam
426 971 586 997 narrare
621 957 804 996 fiduciam
838 957 968 1007 potius
1000 967 1153 993 morum
1186 967 1303 1005 quam
1336 953 1601 1004 adrogantiam
1632 952 1814 992 arbitrati

277 1020 444 1077 sunt’3),
470 1025 718 1073 uirtutesqne
746 1021 910 1060 aliorum
938 1033 1093 1071 quoque
1121 1021 1280 1070 ciuium,
1308 1020 1341 1058 si
1369 1019 1507 1069 dignae
1534 1024 1679 1069 essent,
1705 1017 1812 1056 idem

277 1094 505 1128 constanter
537 1089 659 1126 tuitus
693 1092 751 1125 est
785 1082 948 1140 (t·1·.83)
983 1091 1099 1136 atque
1132 1097 1180 1124 ne
1210 1085 1381 1122 hostium
1409 1083 1567 1135 quidem
1595 1083 1709 1122 solito
1735 1083 1815 1121 Ro·

276 1166 481 1192 manorum
508 1165 617 1191 more
649 1152 810 1190 uidetur
835 1152 1101 1202 imminuisse3
1135 1155 1240 1188 certe
1268 1149 1500 1188 Plutarchus
1526 1145 1626 1202 (Cat.
1649 1145 1692 1201 8)
1722 1160 1813 1187 eum

278 1219 473 1258 dicentem
496 1219 605 1256 fecit:
638 1214 801 1256 οὐδένα
822 1214 871 1255 δὲ
893 1221 982 1255 τῶν
1002 1211 1425 1267 εὐδαιμονιζομένων
1444 1210 1661 1265 βασιλέων
1688 1210 1817 1260 ἄξιον

276 1279 390 1323 εἶναι
415 1281 716 1335 παραβάλλειν
742 1281 852 1333 πρὸς
872 1277 1231 1332 Ἐπαμεινώνδαν
1257 1277 1282 1331 ἢ
1308 1276 1526 1330 Περικλέα
1552 1275 1577 1329 ἡ
1602 1279 1812 1328 Θεμιστο-

276 1347 379 1389 κλέα
416 1346 437 1400 ἡ
466 1346 647 1387 Δίάνιον
673 1346 873 1397 Κούριον
904 1343 929 1397 ἢ
956 1342 1158 1397 Ἀμίλκαν
1189 1343 1269 1384 τὸν
1301 1340 1592 1396 ἐπικληθέντα
1621 1341 1812 1394 Βάρκαν.

368 1415 432 1453 Sic
458 1415 580 1465 igitur
606 1415 647 1451 in
675 1425 826 1451 summa
854 1416 1056 1450 senectute
1090 1411 1273 1462 peruenit
1304 1411 1344 1448 in
1378 1408 1586 1448 scribendo
1612 1420 1736 1459 usque
1765 1407 1816 1446 ad

278 1492 434 1519 causam
463 1480 593 1518 Seruii
621 1478 763 1517 Galbae
798 1490 830 1516 a.
854 1474 949 1516 150.
972 1473 1059 1514 604
1087 1475 1242 1526 dictam,
1269 1475 1316 1514 ad
1337 1487 1453 1526 quam
1482 1475 1697 1524 fragmenta
1721 1472 1816 1511 libri

277 1546 447 1596 septimi,
478 1557 576 1595 quae
610 1543 690 1582 sola
724 1555 768 1581 ex
803 1554 848 1580 eo
882 1555 970 1581 eum
1004 1554 1137 1580 rerum
1170 1548 1369 1592 gestarum
1402 1541 1591 1579 memoria
1626 1540 1813 1589 coniungi

277 1615 454 1662 possunt,
481 1611 681 1661 pertinent
708 1604 828 1661 (108.
847 1605 941 1646 106.
961 1604 1055 1646 107.
1073 1603 1190 1659 109),
1216 1608 1418 1657 ipsamque
1439 1607 1656 1643 orationem
1678 1609 1815 1642 contra

278 1689 385 1726 eum,
419 1674 522 1726 quod
550 1687 639 1712 cum
666 1686 767 1712 anno
802 1673 1006 1723 superiore
1042 1678 1199 1723 praetor
1232 1673 1271 1709 in
1304 1671 1490 1722 Hispania
1524 1675 1644 1720 esset,
1678 1675 1814 1707 contra

374 1792 406 1834 1)
434 1789 518 1823 Vid.
540 1789 579 1822 in
604 1787 736 1831 primis
763 1799 876 1831 quam
903 1788 1031 1820 contra
1051 1785 1250 1820 Thermum
1276 1785 1409 1819 habuit
1435 1781 1642 1818 orationem
1667 1783 1713 1818 de
1738 1783 1814 1817 uir-

277 1843 419 1877 tutibus
452 1842 528 1877 suis
561 1846 610 1886 (p.
633 1845 677 1874 43
706 1841 816 1883 Iord.)
849 1842 886 1874 et
912 1839 1069 1874 inlustre
1095 1839 1137 1873 fr.
1166 1838 1362 1881 orationis,
1396 1849 1469 1881 qua
1497 1838 1542 1871 de
1570 1838 1720 1881 sumptu
1747 1847 1818 1870 suo

278 1897 358 1941 egit
384 1898 431 1940 (p.
455 1899 496 1930 37
519 1895 640 1939 Iord).
680 1894 748 1928 has
768 1894 894 1938 Nepos
922 1893 1026 1935 dixit,
1053 1892 1151 1937 quod
1179 1892 1217 1926 in
1245 1891 1394 1926 Catonis
1420 1891 1499 1925 uita
1519 1890 1679 1925 tradidit
1699 1892 1745 1934 (3,
1761 1892 1813 1933 2):

278 1951 336 1985 Ab
364 1950 609 1984 adulescentia
636 1948 789 1990 confecit
815 1948 1008 1989 orationes,
1034 1946 1056 1980 i.
1079 1958 1109 1981 e.
1131 1945 1282 1989 scripsit
1308 1945 1397 1989 (uid.
1418 1944 1649 1978 Thesaurum
1675 1942 1698 1977 l.
1720 1942 1742 1979 1,
1763 1942 1816 1977 IV

278 2015 307 2037 c.
332 2007 410 2045 197,
426 2004 495 2046 81),
522 2002 664 2045 hasque
693 2001 829 2041 Cicero,
859 1999 959 2043 quod
986 1999 1145 2044 amplius
1173 2000 1321 2033 centum
1348 1999 1385 2032 et
1411 1996 1685 2042 quinquaginta
1709 1996 1818 2029 inue-

278 2057 377 2091 nisse
403 2057 440 2091 et
466 2055 600 2100 legisse
626 2054 710 2088 uult
736 2054 851 2098 (Brut.
877 2057 930 2096 17,
951 2056 1020 2097 65).
1067 2052 1189 2087 Etiam
1223 2052 1404 2096 epistulae
1438 2051 1515 2085 eins
1542 2049 1739 2085 exstabant
1766 2049 1817 2083 ad

280 2110 397 2144 filium
424 2109 534 2143 datae
560 2109 653 2152 (Der
673 2119 778 2143 roem.
801 2108 916 2150 Brief
934 2119 969 2151 p.
991 2109 1025 2148 S)
1053 2107 1090 2140 et
1115 2106 1274 2140 fortasse
1300 2105 1423 2139 laudis
1451 2103 1675 2139 domesticae
1702 2112 1820 2137 eausa

278 2163 503 2208 publicatae.
550 2162 649 2205 quod
686 2161 802 2206 igitur
837 2160 964 2195 Cicero
1000 2170 1097 2194 anno
1126 2163 1203 2193 150.
1227 2162 1294 2193 604
1328 2170 1412 2193 eum
1447 2158 1633 2192 dicentem
1664 2155 1820 2190 induxit

281 2218 492 2252 ‘causarum
513 2216 726 2250 inlustrium
740 2225 983 2259 quascumque
998 2213 1156 2257 defendi,
1176 2223 1274 2247 uum·
1287 2223 1368 2246 cum
1388 2212 1544 2246 mansione
1563 2211 1712 2253 conficio
1732 2220 1816 2244 ora-

279 2270 422 2313 tiones’,
448 2270 518 2303 hoc
545 2269 591 2303 ad
619 2279 681 2303 eas
707 2268 883 2312 pertinet,
911 2278 1002 2311 quas
1029 2266 1089 2301 uel
1116 2267 1281 2300 nondum
1308 2265 1427 2300 editas
1448 2267 1528 2299 tum
1549 2263 1684 2298 litteris
1709 2273 1819 2296 man-

280 2323 396 2358 dabat
421 2322 481 2357 uel
509 2323 730 2356 retractatas
757 2320 964 2365 originibus
990 2320 1189 2355 inserebat.

375 2380 409 2421 2)
437 2376 515 2411 Liu.
537 2380 594 2419 34,
623 2379 678 2418 15,
700 2379 718 2408 9
747 2375 804 2418 (fr.
827 2376 900 2417 9⁵2):
936 2375 1023 2410 Cato
1050 2375 1141 2418 ipse,
1170 2373 1270 2407 haud
1301 2383 1389 2406 saue
1421 2371 1633 2406 detrectator
1662 2371 1815 2406 laudum

279 2442 441 2466 suarum.
482 2429 592 2473 Apul.
614 2429 659 2462 de
679 2439 777 2473 mag.
800 2439 829 2462 c.
847 2431 888 2462 17
912 2430 960 2472 (p.
976 2427 1162 2471 38101d.):
1191 2427 1247 2461 M.
1268 2429 1388 2460 autem
1416 2425 1504 2460 Cato
1529 2425 1624 2459 nihil
1646 2428 1821 2468 oppertus

279 2489 320 2518 ut
352 2484 421 2518 alii
453 2484 495 2518 (Ie
526 2494 561 2517 se
588 2482 864 2527 praedicarent,
900 2483 941 2515 in
973 2482 1135 2516 oratioue
1166 2491 1235 2515 sua
1266 2480 1442 2522 seriptum
1467 2478 1630 2521 reliquit,
1667 2489 1748 2512 cum
1773 2478 1816 2511 in

281 2537 510 2581 Hispaniam
541 2536 667 2571 consul
696 2536 998 2579 proficzsceretur,
1038 2535 1104 2569 tres
1135 2544 1258 2568 seruos
1289 2532 1381 2567 solos
1412 2543 1456 2566 ex
1486 2532 1572 2566 urbe
1598 2531 1745 2565 duoezsse
1777 2531 1816 2564 et

281 2603 315 2634 q
338 2602 364 2625 s
392 2589 476 2624 Vid.
499 2589 544 2623 de
570 2589 604 2623 h
627 2588 651 2623 1.
673 2589 848 2623 Muenzer
877 2588 1106 2633 Quellenkrit
1128 2587 1164 2621 d.
1183 2586 1335 2621 Plinius
1359 2597 1394 2630 p.
1419 2587 1495 2619 193.
1532 2584 1630 2618 Plut.
1651 2583 1728 2617 Cat.
1752 2587 1814 2618 14:

276 2642 317 2679 O
344 2642 383 2679 δὲ
404 2642 540 2678 Κάτων
567 2643 625 2677 ἀεὶ
652 2642 717 2686 μέν
743 2655 799 2682 τις
824 2638 882 2685 ἦν,
909 2641 958 2681 ὡς
984 2641 1091 2684 ἔοικε,
1118 2646 1190 2674 τῶν
1217 2637 1324 2674 ἰδίων
1351 2636 1540 2683 ἐγκωμίων
1567 2636 1725 2681 ἀφειδὴς
1750 2637 1816 2670 καὶ

282 2697 349 2742 τὴν
363 2696 539 2739 ἄντικρυς
559 2694 810 2740 μεγαλαυχίαν
831 2695 880 2734 ὡς
899 2694 1083 2730 ἐπακολω
1078 2697 1192 2737 θημα
1212 2698 1276 2738 τῆς
1296 2689 1563 2737 μεγαλουργίας
1583 2691 1649 2725 οὐκ
1671 2690 1820 2734 ἔφευγε,

281 2753 450 2785 πλεῖστον
483 2749 523 2784 δὲ
555 2755 637 2788 ταῖς
666 2748 822 2792 πράξεσι
852 2748 1005 2788 ταύταις
1031 2747 1095 2793 [ad
1121 2744 1404 2790 Thermopylas]
1437 2743 1549 2789 ὄγκον
1583 2742 1815 2787 περιτέθεικε

281 2801 346 2837 καί
372 2814 461 2847 φησι
488 2804 560 2836 κτλ.
588 2801 644 2846 (fr.
669 2803 761 2845 130.)

379 2858 412 2900 3)
440 2855 524 2890 Tac.
546 2856 632 2900 Agr.
658 2858 687 2890 1.
726 2854 800 2888 uid.
831 2865 926 2898 quae
952 2854 1049 2888 infra
1076 2854 1121 2887 de
1147 2851 1453 2896 autobiographis
1479 2849 1766 2895 disputabimus.

1988 1408 1999 1480 51

1988 1481 1999 1550 ἑ

1990 1557 2000 1604 t
