2002 3342
249 821 598 869 SEMPRONII
636 821 1007 868 ASELLIONIS
1048 821 1275 867 RERVM
1315 821 1660 868 GESTARVM

865 898 1039 945 LIBRI

800 1007 870 1044 EX
897 1005 1055 1044 LIBRO
1083 1006 1102 1044 Ι

276 1086 318 1129 l.
356 1089 594 1138 Gell.5,18,
614 1091 648 1129 7.
700 1089 797 1128 Cum
829 1101 926 1128 uero
958 1101 1036 1127 non
1070 1101 1141 1139 per
1173 1102 1295 1128 annos
1329 1089 1396 1128 sed
1428 1101 1500 1140 per
1526 1089 1610 1128 dies
1637 1091 1716 1128 sin-

183 1155 295 1206 gulos
323 1167 386 1193 res
414 1161 546 1205 gestae
574 1155 819 1205 scribuntur,
853 1167 895 1193 ea
923 1154 1086 1193 historia
1114 1154 1262 1193 Graeco
1288 1154 1480 1193 uocabulo
1509 1152 1715 1206 ἐφημερὶς

180 1219 336 1270 dicitur,
364 1221 477 1258 euius
504 1220 686 1258 Latinum
714 1221 1112 1271 interpretamentum
1133 1221 1323 1271 scriptum
1346 1226 1403 1258 est
1424 1221 1464 1257 in
1485 1219 1585 1257 libro
1607 1219 1715 1258 Sem-

178 1287 293 1336 proni
319 1284 529 1323 Asellionis
562 1287 707 1336 primo,
741 1298 785 1323 ex
820 1298 896 1336 quo
930 1284 1029 1323 libro
1062 1285 1174 1336 plura
1206 1285 1328 1323 uerba
1361 1286 1638 1336 ascripsimus,
1670 1291 1712 1324 ut

143 1368 159 1392 5
181 1350 315 1400 simul,
349 1350 496 1389 ibidem
533 1350 627 1401 quid
660 1352 744 1401 ipse
778 1352 882 1388 inter
914 1363 977 1388 res
1011 1356 1142 1400 gestas
1176 1356 1214 1389 et
1246 1350 1406 1389 annales
1440 1362 1526 1389 esse
1560 1349 1714 1400 dixerit,

182 1415 501 1454 ostenderemus:
530 1416 671 1454 Verum
706 1417 810 1454 inter
836 1428 920 1465 eOS,
947 1417 1086 1466 inquit,
1114 1417 1181 1466 qui
1207 1415 1367 1454 annales
1393 1415 1619 1466 relinquere
1646 1428 1713 1453 uo-

179 1481 357 1532 luissent,
385 1486 423 1519 et
451 1493 529 1530 eos,
557 1482 624 1531 qui
652 1493 716 1519 res
743 1487 872 1531 gestas
900 1493 918 1518 a
940 1480 1126 1519 Romanis
1150 1481 1400 1532 perscribere
1421 1481 1549 1519 conati
1570 1486 1714 1529 essent,

179 1547 356 1585 omnium
378 1558 511 1585 rerum
533 1546 606 1584 hoc
627 1547 824 1585 interfuit:
846 1546 1004 1584 annales
1025 1546 1115 1584 libri
1137 1552 1287 1585 tantum
1308 1546 1423 1585 modo
1444 1545 1548 1596 quod
1568 1546 1713 1584 sactum

178 1624 334 1662 quoque
361 1623 462 1650 anno
490 1617 642 1661 gestum
666 1613 727 1661 sit,
756 1624 799 1650 ea
828 1611 1158 1662 demonstrabant,
1186 1611 1225 1650 id
1246 1616 1305 1650 est
1325 1612 1437 1662 quasi
1458 1612 1525 1662 qui
1546 1610 1713 1650 diarium

125 1695 157 1718 10
177 1676 369 1727 scribunt,
390 1689 506 1727 quam
529 1676 667 1715 Graeci
689 1673 933 1729 ἐφημερίόα
953 1682 1106 1715 uocant.
1143 1676 1256 1715 nobis
1277 1689 1354 1715 non
1374 1675 1489 1715 modo
1510 1677 1606 1714 satis
1626 1689 1713 1715 esse

177 1741 311 1792 uideo,
345 1741 450 1792 quod
484 1742 628 1780 sactum
657 1748 777 1792 esset,
811 1741 850 1779 id
879 1743 1151 1793 pronuntiare,
1186 1741 1255 1780 sed
1283 1743 1417 1793 etiam,
1446 1753 1522 1793 quo
1550 1742 1713 1780 consilio

176 1819 333 1857 quaque
367 1808 518 1845 ratIone
552 1812 659 1857 gesta
695 1812 844 1857 essent,
879 1806 1160 1846 demonstrare.
1261 1804 1304 1847 2.
1337 1807 1455 1846 Paulo
1488 1813 1576 1859 post
1607 1807 1712 1846 idem

175 1871 319 1910 Asellio
354 1873 394 1910 in
429 1871 567 1910 eodem
600 1871 718 1911 libro:
753 1871 850 1910 Nam
883 1885 1012 1923 neque
1046 1872 1276 1924 alacriores,
1308 1874 1454 1925 inquit,
1486 1873 1533 1912 ad
1566 1886 1649 1912 rem
1675 1886 1712 1924 p.

270 2009 309 2044 2.
345 2011 425 2045 Via.
452 2022 567 2054 supra
589 2022 626 2055 p.
650 2020 800 2045 canus.
843 2010 983 2045 Graeca.
1010 2010 1158 2055 Polybit
1187 2012 1367 2046 sententia
1399 2012 1458 2053 (de
1492 2013 1650 2048 Chaerea
1681 2017 1713 2048 et

174 2058 303 2103 Sosylo
330 2060 363 2100 3,
383 2061 444 2100 20,
466 2062 505 2092 5:
539 2059 581 2092 οὐ
614 2058 683 2102 γὰρ
717 2057 879 2100 ἱστορίας
910 2058 1001 2092 ἀλλὰ
1034 2064 1241 2103 κουρεακῆς
1266 2059 1328 2092 καὶ
1361 2059 1560 2103 πανδήμου
1586 2062 1714 2098 λαλιᾶς

176 2105 297 2149 ἔμοιγε
332 2107 484 2140 δοκοῦσι
516 2106 621 2147 τάξιν
648 2106 744 2150 ἔχειν
770 2106 833 2139 καὶ
866 2106 1043 2149 δύναμιν)
1072 2106 1116 2139 ab
1143 2107 1325 2140 Asellione
1352 2107 1486 2141 Latine
1518 2118 1625 2142 uersa
1652 2114 1711 2142 est.

175 2153 242 2187 Ἐν,
264 2153 339 2187 Leo
366 2153 490 2187 Roem.
512 2153 621 2187 Liter.
644 2154 666 2186 Ι
684 2165 722 2197 p.
746 2156 826 2188 335.

270 2284 313 2338 1,
343 2289 366 2326 5
395 2290 526 2338 gestat
550 2289 588 2326 R
616 2300 650 2325 α.
673 2300 768 2326 corr.
867 2289 889 2325 6
918 2288 1093 2339 Verbum
1118 2290 1157 2327 R
1220 2289 1380 2327 annales
1409 2290 1530 2328 VRP
1557 2290 1712 2329 annalis

172 2347 291 2395 uulqo
415 2349 436 2385 7
473 2360 495 2384 a
522 2348 565 2384 R.
596 2348 764 2385 seribere
795 2349 833 2385 R
956 2350 979 2386 8
1014 2349 1191 2386 omnium
1222 2345 1372 2399 rerum]
1406 2350 1564 2388 omnino
1597 2350 1710 2387 nimi-

174 2420 259 2444 rum
286 2408 506 2455 Stephanus
533 2407 707 2444 omnium
735 2408 906 2455 primum
932 2409 1072 2445 conieci
1133 2407 1248 2446 modo
1276 2419 1346 2445 om.
1366 2409 1404 2445 P
1461 2405 1585 2460 quod]
1614 2410 1711 2458 quid

176 2466 398 2514 szperdey
436 2462 573 2514 Opuse.
593 2468 835 2514 124O3sqq.
960 2470 981 2504 Ξ)
1017 2466 1085 2516 sit]
1122 2469 1248 2504 esset
1278 2467 1501 2516 Nipperdey
1532 2469 1554 2507 Z.
1577 2480 1608 2506 s.
1669 2469 1711 2506 id

175 2523 251 2574 est]
285 2525 343 2563 ita
380 2525 421 2563 Ο.
436 2526 540 2563 Ialm
565 2526 702 2563 Pleilol.
725 2526 808 2563 XX
819 2525 880 2563 VI
894 2539 935 2573 p.
958 2528 984 2563 8
1056 2539 1192 2564 eorum
1224 2530 1312 2564 ante
1345 2527 1458 2575 quasi
1488 2528 1593 2575 uuly.
1619 2529 1709 2566 add.

173 2608 246 2635 om.
268 2596 390 2634 VRP
511 2598 563 2635 10
594 2585 762 2645 eperhila
787 2598 825 2634 R
888 2597 970 2635 obis
1004 2596 1147 2644 (spatio
1173 2597 1241 2636 litt.
1268 2611 1294 2635 n
1325 2610 1450 2636 uacuo
1475 2598 1561 2645 rel.)
1587 2599 1625 2636 P

178 2658 228 2693 11
269 2652 392 2706 quod]
431 2656 527 2705 quid
561 2656 782 2703 Nipperdey
822 2658 843 2694 l.
876 2669 905 2694 s.
985 2657 1248 2705 pronunciare
1283 2657 1321 2694 P
1439 2653 1482 2708 ⁸2,
1513 2660 1564 2696 12
1599 2655 1708 2709 post]

175 2715 302 2763 possit
327 2714 366 2752 R
475 2717 526 2753 13
555 2716 758 2753 alacrioris
784 2717 900 2762 παῖ-(χο
927 2716 1137 2754 alacriores
1166 2715 1288 2754 VRP
1315 2716 1524 2755 alacriores
1551 2717 1600 2754 ad
1626 2731 1709 2755 rem

175 2786 380 2823 perperam
401 2774 627 2812 faciundam
649 2787 774 2823 neque
799 2776 998 2824 segniores
1023 2775 1073 2812 ad
1092 2788 1175 2812 rem
1194 2771 1398 2824 publicam
1419 2776 1707 2814 defendundam

175 2833 336 2871 annales
361 2833 584 2882 Nipperdey
610 2834 632 2872 l,
653 2846 681 2872 s.

1354 2901 1420 2936 12²³
