2002 3342
262 211 463 241 vccxvm
594 197 656 231 DE
685 196 993 232 scfflr'roftvM
1020 198 1141 233 Vms
1168 198 1229 232 ET
1257 198 1463 233 SCRIPTIS

259 315 293 347 at
316 321 411 346 uero
434 308 472 346 (ἶ.
495 308 709 347 Minucium
731 309 975 358 Augurinum
1003 309 1206 347 tribunum
1234 309 1360 360 plebis
1381 311 1420 348 in
1442 323 1558 349 causa
1579 310 1689 349 Lucii
1710 313 1789 362 pri-

258 387 341 412 mas
375 379 571 423 agentem,
605 373 708 424 quod
736 386 766 411 a.
787 371 880 412 184.
903 371 989 412 570
1022 373 1060 411 id
1092 386 1237 412 munus
1267 374 1452 425 obtinuit,
1486 377 1643 414 omnino
1672 389 1716 414 ex
1745 389 1789 414 ea

259 438 418 489 expulit,
444 444 488 476 nt
514 440 632 476 etiam
659 438 754 476 alias
782 451 857 489 res,
885 452 980 489 quas
1008 439 1171 477 consilio
1200 452 1270 477 suo
1298 439 1500 478 aduersari
1522 441 1788 481 existumaret.

258 503 576 542 molestissimam
598 508 727 541 autem
750 505 1026 542 necessitatem
1048 510 1197 542 remoto
1225 510 1313 554 post,
1339 506 1504 555 primam
1527 507 1719 544 actionem
1743 506 1788 545 de

258 581 397 606 scaena
420 568 591 606 Romana
612 568 651 606 P.
673 569 857 607 Africano
886 568 960 607 sibi
988 570 1185 619 imposuit,
1213 582 1291 607 non
1313 569 1438 608 solum
1460 576 1622 621 propter
1643 583 1705 609 res
1727 571 1790 610 uel

259 634 344 672 aliis
378 633 474 671 locis
508 633 769 684 disponendas
796 634 858 673 uel
892 635 997 685 ipsas
1025 633 1244 685 mutandas,
1273 634 1319 672 de
1346 635 1490 685 quihus
1517 637 1593 674 iam
1620 637 1789 687 egimus:

258 699 462 737 abicienda
490 701 525 736 ei
553 705 636 737 erat
663 701 778 738 etiam
807 699 1003 750 superbia,
1031 712 1123 750 qua,
1151 712 1240 737 cum
1267 700 1457 749 pecuniae
1484 700 1589 738 illius
1616 701 1790 740 nondum

258 765 498 803 mentionem
526 764 696 814 fecisset,
724 766 764 802 in
792 764 912 802 altera
939 765 1092 802 actione
1119 763 1184 802 ille
1211 763 1386 803 libellum
1408 766 1571 804 rationis
1599 765 1645 804 de
1671 779 1790 816 pecu-

257 831 319 867 nia
354 829 417 868 illa
449 830 650 880 Antiochi,
685 831 751 880 qui
786 836 829 868 ut
859 831 1094 868 recitaretur
1128 829 1278 868 tribuni
1310 829 1621 881 postulauerant,
1658 837 1790 882 aperte

259 894 432 944 discidit,
465 901 621 933 narrata
655 908 673 933 a
714 894 871 945 Polybio
906 894 1184 946 Cornelioque,
1220 896 1552 945 impotentiaque,
1590 908 1665 946 qua
1702 909 1790 935 cum

257 961 378 998 frater
404 960 549 998 Lucius
577 961 766 1010 pecuniae
794 960 898 998 illius
927 959 1130 997 damnatus
1158 960 1198 997 in
1224 959 1381 998 uincula
1411 959 1635 1011 duceretur,
1662 960 1791 999 subito

258 1038 304 1064 ex
341 1025 496 1063 Etruria
535 1038 721 1063 reuersus
760 1025 931 1063 tribunis
967 1024 1094 1075 plebis
1129 1026 1210 1063 uim
1248 1025 1341 1063 fecit
1377 1022 1480 1078 (Liu.
1503 1037 1533 1063 c.
1555 1022 1790 1079 56,8sqq.).

257 1091 375 1129 Multa
403 1092 523 1141 igitur
547 1090 668 1129 uerba
698 1090 743 1128 de
772 1089 890 1128 rebus
917 1089 962 1128 ah
985 1090 1165 1128 Africano
1194 1089 1362 1128 feliciter
1388 1091 1508 1141 gestis
1530 1090 1625 1129 alios
1648 1091 1791 1129 sacien-

258 1162 318 1194 tes
341 1156 568 1206 introduxit,
590 1156 733 1206 quibus
755 1157 839 1194 eius
861 1155 1159 1193 admirationem
1182 1161 1372 1205 moueret,
1394 1157 1478 1206 ipse
1499 1168 1633 1194 rerum
1654 1156 1791 1195 ordine

257 1226 404 1259 mutato
431 1222 516 1259 eius
545 1222 836 1259 miserationem
874 1221 998 1270 auxit,
1030 1220 1175 1258 minuit
1205 1221 1379 1270 speciem
1405 1221 1483 1258 uiri
1510 1220 1626 1270 illius,
1653 1223 1792 1272 capitis

258 1285 544 1336 columinisque
578 1287 735 1336 imperii
760 1285 926 1324 Romani
952 1297 1183 1335 summaque
1210 1286 1331 1323 animi
1358 1284 1499 1324 fiducia
1529 1285 1698 1336 impleti,
1725 1286 1791 1324 ob-

257 1353 510 1402 scurauitque
538 1351 648 1389 Lucii
678 1351 809 1389 fratris
836 1363 1002 1401 persona
1030 1362 1120 1388 cum
1146 1349 1211 1388 illa
1239 1351 1370 1400 mixta,
1398 1351 1509 1389 cuius
1536 1356 1580 1389 ut
1606 1352 1791 1390 innocen-

257 1418 349 1455 tiam
377 1422 725 1467 paupertatemque
748 1416 989 1465 inlustraret,
1016 1414 1227 1466 praedibus
1248 1416 1407 1453 omissis
1434 1415 1694 1467 peculatuque
1721 1429 1792 1467 pro

256 1482 376 1520 multa
402 1483 636 1532 interposito
658 1479 893 1534 (Mommsen
914 1494 950 1531 p.
965 1478 1213 1519 422—455.
1234 1477 1341 1534 471)
1368 1486 1406 1519 et
1425 1492 1561 1531 parum
1585 1480 1794 1532 diligenter

259 1546 454 1585 distinctis
480 1548 585 1586 inter
612 1547 834 1585 contionem
855 1546 919 1584 uel
943 1545 1152 1584 concilium
1176 1552 1433 1596 senatumque
1455 1545 1674 1584 actionibus
1698 1546 1793 1585 alte-

258 1624 340 1650 ram
368 1624 525 1650 causam
553 1613 669 1650 etiam
697 1612 820 1662 magis
849 1611 1032 1650 turbauit.

346 1676 459 1715 Nunc
485 1688 580 1715 uero
609 1676 721 1715 facile
749 1678 838 1727 quis
867 1676 969 1714 dicat
1001 1676 1097 1714 haec
1124 1675 1327 1714 mendacia
1354 1677 1430 1714 iam
1458 1676 1504 1714 ab
1532 1682 1689 1716 auctore
1716 1678 1792 1715 An-

256 1742 362 1780 tiatis
388 1743 549 1780 inuenta
577 1753 675 1780 esse.
712 1747 749 1779 at
770 1743 847 1779 iam
870 1753 987 1792 supra
1009 1742 1063 1792 (p.
1081 1750 1283 1780 CCXCVIII
1299 1737 1376 1795 sq.)
1398 1740 1609 1779 Nissenum
1632 1748 1794 1780 secutus

258 1806 361 1845 Liuii
383 1806 593 1845 lectionem
620 1808 659 1844 in
686 1806 748 1844 his
776 1806 888 1844 libris
910 1805 1192 1857 componendis
1212 1807 1315 1844 intra
1336 1806 1552 1857 Polybium,
1574 1806 1793 1858 Claudium,

257 1871 453 1910 Valerium
483 1884 523 1910 se
552 1873 795 1910 continuisse
825 1871 1033 1922 disputaui,
1061 1873 1112 1909 ita
1135 1878 1175 1910 ut
1197 1883 1269 1922 per
1290 1884 1331 1910 se
1353 1872 1392 1909 in
1414 1871 1629 1922 appendice
1651 1874 1795 1924 omnia,

257 1949 355 1987 quae
390 1949 465 1975 non
501 1949 546 1975 ex
574 1937 733 1988 Polybio
761 1942 915 1987 sumpta
949 1938 1044 1987 sint,
1078 1936 1123 1975 ad
1151 1936 1356 1975 Claudium
1390 1936 1519 1975 redire
1550 1938 1637 1975 ueri
1663 1937 1792 1976 simile

258 2003 319 2040 sit.
360 2001 429 2040 sed
455 2007 499 2040 ut
524 2004 749 2041 omittamus
778 2001 1061 2040 dubitationem
1083 2001 1185 2040 Liuii
1213 2007 1355 2040 motam
1378 2000 1424 2039 ab
1445 2002 1598 2040 Antiate
1620 2001 1666 2040 de
1688 2014 1792 2040 sum-

256 2069 332 2106 mis
358 2068 443 2106 auri
466 2073 505 2106 et.
525 2069 678 2118 argenti
704 2073 789 2118 post
812 2066 957 2105 bellum
979 2067 1159 2105 Antiochi
1182 2068 1220 2105 in
1243 2068 1438 2105 aerarium
1463 2066 1596 2105 relatis
1618 2063 1725 2119 (nam
1748 2079 1791 2106 ea

257 2134 401 2183 opinio,
430 2145 545 2183 quam
567 2132 614 2171 ad
635 2134 844 2171 ueritatem
872 2134 1036 2183 propius
1056 2131 1244 2170 accedere
1270 2138 1392 2183 putat,
1414 2144 1548 2170 errore
1569 2144 1647 2171 non
1668 2139 1793 2183 uacat,

257 2197 473 2236 Mommsen
500 2196 637 2248 [1422
651 2194 773 2251 sqq),
802 2197 971 2248 fabulae,
1004 2210 1119 2248 quam
1146 2198 1292 2236 Antiati
1319 2198 1518 2248 opposuit,
1550 2197 1646 2236 haec
1673 2197 1793 2236 linea-

257 2268 387 2301 menta
416 2263 592 2301 fuerunt:
619 2268 825 2314 postquam
848 2262 895 2301 M.
917 2262 1090 2301 Naeuius
1116 2262 1206 2302 trib.
1228 2262 1278 2313 pl.
1300 2262 1339 2301 P.
1363 2262 1538 2313 Scipioni
1561 2262 1662 2301 diem
1685 2262 1794 2313 dixit,

257 2328 321 2365 hic
354 2327 499 2366 librum
532 2329 696 2367 rationis
730 2340 750 2366 a
781 2328 900 2367 Lucio
935 2327 1092 2366 allatum
1126 2328 1165 2365 in
1199 2334 1338 2366 senatu
1371 2329 1453 2366 suis
1486 2327 1668 2366 manibus
1701 2339 1792 2366 con-

260 2394 408 2443 cerpsit
434 2399 472 2431 et
499 2395 707 2444 aerarium,
735 2395 768 2431 si
794 2398 1024 2444 quaestores
1051 2404 1129 2430 non
1157 2392 1358 2443 auderent,
1386 2404 1426 2430 se
1455 2397 1682 2443 aperturum
1705 2404 1793 2430 esse

260 2459 430 2496 minatus
456 2464 526 2508 est,
554 2464 637 2497 tum
659 2471 746 2497 cum
769 2458 914 2496 Lucius
940 2459 1131 2509 pecuniae
1154 2463 1287 2508 captae
1309 2457 1355 2495 al)
1376 2457 1565 2495 Antiocho
1587 2462 1791 2496 accusatus

260 2528 299 2561 et
333 2522 538 2562 damnatus
565 2529 686 2574 esset,
721 2536 766 2562 ex
794 2523 968 2573 Etruria,
1005 2535 1080 2573 quo
1110 2522 1261 2572 legatus
1288 2527 1372 2560 erat
1398 2519 1534 2574 (quam
1560 2521 1608 2560 ob
1636 2534 1791 2560 causam

258 2584 499 2640 nescimus),
531 2587 693 2626 Romam
726 2589 952 2639 properauit
987 2593 1023 2625 et
1056 2586 1236 2626 tribunos
1269 2587 1319 2638 pl.
1354 2600 1374 2625 a
1401 2587 1533 2625 fratris
1562 2598 1725 2638 corpore
1751 2588 1793 2625 ui

258 2652 446 2704 reppulit3
480 2665 551 2703 pro
579 2653 699 2692 Lucio
727 2658 856 2692 autem
883 2652 939 2691 Ti.
967 2652 1168 2691 Gracchus
1201 2653 1375 2690 oratione
1406 2664 1474 2690 sua
1501 2653 1727 2690 intercessit
1754 2658 1792 2690 et

258 2717 297 2756 id
331 2719 549 2768 praemium
582 2720 915 2769 magnanimitatis
949 2724 1087 2756 senatu
1119 2723 1276 2768 petente
1310 2718 1478 2768 accepit,
1510 2723 1555 2755 ut
1585 2717 1792 2755 Africanus

259 2782 377 2821 filiam
412 2795 521 2821 suam
556 2784 590 2821 ei
626 2783 898 2834 desponderet.
937 2782 1039 2821 uidit
1065 2795 1156 2833 ergo
1187 2783 1250 2821 hic
1279 2781 1566 2820 damnationem
1594 2782 1727 2820 fratris
1754 2787 1792 2820 et

257 2847 402 2886 Romae
440 2854 619 2886 mortuus
657 2854 717 2886 est
751 2847 884 2899 ibique
923 2847 1099 2898 sepultus
1138 2843 1204 2900 (cf.
1227 2861 1258 2885 c.
1280 2843 1517 2900 55‚1sqq.‘).
1568 2846 1663 2884 haec
1698 2858 1794 2884 uero
