2002 3342
551 215 590 256 Q.
613 214 850 249 CLAVDIVS
879 214 1240 256 QVADRIGARIVS
1524 228 1656 257 (rcxcl

128 340 213 366 esse
237 329 444 365 existimat.
487 325 554 363 sed
576 337 809 377 perparuam
832 337 919 363 esse
941 325 1057 363 fidem
1080 324 1296 363 habendam
1319 338 1432 364 nemo
1454 327 1576 364 nescit
1601 327 1658 363 eis

126 392 301 442 iudiciis,
330 404 427 443 quae
455 390 501 429 ab
529 390 633 428 illius
663 391 799 429 aetatis
830 389 1092 441 scriptoribus
1118 389 1163 428 de
1191 392 1333 440 priscis
1361 391 1476 442 liunt3
1496 392 1535 429 in
1562 392 1658 441 ipsis

129 457 325 508 reliquiis,
357 468 455 507 quae
483 455 529 494 ad
556 455 676 494 uerba
703 454 869 494 traditae
897 461 999 505 sunt,
1032 457 1206 493 omnium
1235 457 1405 506 primum
1433 457 1658 494 inuenimus

127 524 328 561 concisum
363 520 556 573 quoddam
591 526 706 572 atque
740 527 857 559 tenue
893 519 1049 558 dicendi
1076 532 1218 570 genus‘,
1252 520 1441 559 membris
1468 521 1658 559 breuibus

126 594 240 638 atque
261 588 421 638 pressis.
461 588 507 624 cf.
530 584 661 624 1“ι·.7();
689 586 858 625 Romam
878 589 999 633 uenit,
1023 589 1095 624 nix
1115 593 1294 634 superat,
1316 589 1410 634 quin
1434 589 1659 636 triumphus

126 655 382 691 decernatur.
424 652 468 690 sr.
492 649 563 690 ’ἴδε
597 652 789 690 Contione
815 653 980 689 dimissa
1002 651 1186 689 Metellus
1212 654 1253 689 in
1281 651 1520 699 Capitolium
1549 655 1658 691 uenit

125 730 213 756 cum
234 719 472 756 mortalibus
491 719 635 755 maltis.
675 718 769 755 inde
790 717 947 755 domum
959 718 1255 765 proficiscitur.
1296 723 1378 755 lota
1400 720 1548 755 elicitas
1569 729 1657 756 eum

123 784 300 821 redusit.
341 782 384 820 fr.
407 779 480 821 81:
510 785 630 828 uenit,
658 785 847 829 accessit,
874 783 987 829 liqna
1013 782 1209 829 sztbdz‘de'l,
1236 783 1435 820 submouit
1468 784 1656 830 Graecos,

123 851 254 896 {onem
283 849 472 886 admouit.
511 850 611 885 salis
636 853 728 885 sune
757 849 825 885 diu
854 849 1001 894 conati,
1028 858 1246 894 numquam
1273 850 1492 895 quiuerunt
1520 850 1656 885 incen-

123 914 238 951 dere:
276 916 334 951 ita
372 914 599 951 Archelaus
633 924 786 951 omnem
823 915 1036 950 materiam
1072 914 1281 950 obleuerat
1319 914 1504 950 alumine.
1551 914 1659 960 quod

125 978 236 1016 Sulla
258 983 378 1026 atque
397 980 540 1016 milites
560 979 831 1025 mirabamur,
855 984 891 1016 et
902 982 1120 1026 postquam
1140 988 1220 1015 non
1241 978 1462 1025 succendit,
1489 979 1656 1016 redwit

122 1046 270 1092 copias.
312 1055 409 1093 quae
437 1042 611 1081 breuitas
637 1041 905 1081 membrorum
934 1054 1170 1093 quamquam
1198 1043 1330 1080 minus
1350 1042 1514 1080 molesta
1536 1043 1655 1080 estin

122 1107 378 1159 amplioribus
405 1110 666 1146 certaminum
694 1107 892 1146 Gallorum
923 1107 1215 1146 narrationibus
1244 1104 1309 1160 (fr.
1336 1103 1410 1145 10¹²
1431 1114 1469 1146 et
1492 1103 1584 1161 12),
1618 1114 1655 1146 et

120 1174 160 1211 in
189 1173 355 1225 epistula
384 1173 430 1212 ad
452 1173 644 1224 Pyrrhum
674 1172 759 1212 data
782 1169 939 1226 (simil)
966 1171 1069 1211 haud
1094 1174 1231 1223 exigua
1260 1174 1363 1211 inest
1384 1178 1421 1210 et
1441 1172 1655 1211 uerborum

119 1239 291 1289 grauitas
319 1245 356 1277 et
387 1240 690 1289 sententiarum,
724 1240 809 1277 fieri
838 1250 931 1277 sane
958 1250 1034 1276 non
1063 1239 1207 1289 potuit,
1244 1240 1340 1289 quin
1373 1237 1470 1276 haec
1498 1239 1655 1276 siccitas

120 1304 167 1353 ei,
194 1305 261 1354 qui
288 1303 408 1342 multa
435 1303 600 1355 legebat,
628 1303 801 1343 taedium
835 1309 1024 1354 moueret,
1052 1305 1286 1354 praesertim
1316 1316 1404 1342 cum
1426 1305 1566 1354 exigua
1586 1316 1654 1341 uo-

119 1368 347 1407 cabulorum
375 1370 487 1420 copia
514 1370 550 1407 ei
578 1368 852 1420 suppeditasse
879 1368 1062 1408 uideatur
1088 1381 1216 1419 neque
1243 1381 1381 1419 magna
1404 1370 1441 1407 in
1463 1370 1654 1407 narratio-

119 1433 234 1472 nibus
267 1433 344 1472 illis
379 1433 528 1473 duabus
556 1430 621 1486 (fr.
639 1429 725 1473 10³2.
750 1431 823 1487 152)
851 1436 903 1473 sit
934 1435 1124 1485 uarietas,
1158 1446 1247 1472 cum
1279 1446 1394 1485 saepe
1422 1447 1500 1472 non
1527 1434 1653 1472 solum

118 1501 336 1537 sententiae
374 1499 443 1538 sed
482 1501 599 1538 etiam
638 1499 760 1538 uerba
794 1499 984 1550 quaedam
1023 1496 1277 1551 1·ecur1·ant.¹)
1318 1501 1433 1537 etiam
1469 1498 1584 1538 Gellii
1617 1505 1655 1537 et,

119 1563 335 1603 Frontones
359 1577 502 1603 uereor
524 1577 572 1603 ne
595 1567 719 1615 magis
748 1564 995 1603 laudauerint
1017 1577 1132 1616 quam
1160 1566 1290 1616 ipsum
1312 1564 1515 1603 Claudium
1544 1564 1653 1602 uolu-

119 1631 300 1668 tauerint.
323 1629 392 1668 sed
405 1629 507 1668 hanc
521 1630 568 1667 ob
582 1631 855 1680 antiquitatem
869 1629 1026 1669 Norden
1037 1627 1314 1682 (Kunslprosa
1330 1627 1467 1680 9176.
1484 1627 1565 1667 178
1576 1626 1652 1683 sq.)

117 1707 206 1733 eum
234 1696 336 1733 inter
363 1695 483 1734 exiles
518 1696 745 1746 historicos,
778 1697 845 1746 qui
872 1701 962 1734 ante
990 1695 1165 1734 Coelium
1193 1696 1442 1745 Antipatrum
1477 1702 1557 1733 arte
1592 1708 1653 1733 ca-

117 1761 308 1810 ruissent,
344 1762 555 1798 recensuit.
601 1767 638 1798 at
674 1773 718 1799 ex
747 1760 950 1799 rhetorum
978 1760 1123 1799 scholis
1156 1772 1244 1799 eum
1280 1761 1454 1798 euasisse
1488 1761 1653 1798 artificia

117 1825 311 1863 rhetorica
346 1832 462 1876 atque
496 1827 640 1877 poetici
668 1826 810 1864 coloris
838 1833 875 1864 et
907 1828 1063 1865 numeri
1096 1827 1257 1865 oratorii
1291 1825 1467 1875 exempla
1502 1823 1600 1877 (uid.
1623 1838 1652 1864 s.

116 1903 151 1941 p.
165 1888 433 1943 CCLXXXIX),
446 1903 544 1942 quae
560 1890 788 1930 Nordenum
805 1904 880 1929 non
898 1892 1095 1942 fugerunt,
1108 1890 1288 1942 probant.
1320 1893 1450 1941 itaque
1466 1890 1652 1929 Claudius

116 1957 148 1994 si
169 1955 216 1994 ad
243 1957 494 2007 antiquorum
524 1956 751 2007 languorem
779 1956 959 1995 Ciceroni
984 1956 1173 1995 recidisse
1195 1957 1365 2006 uidetur,
1393 1957 1652 1994 conuersione

114 2020 326 2060 uerborum
349 2021 569 2072 posthabita
587 2021 777 2072 Hegesiae
798 2027 1020 2073 praeceptis
1042 2022 1254 2060 obsecutus
1272 2021 1461 2060 membris
1482 2021 1559 2059 illis
1581 2023 1652 2060 mi-

115 2086 337 2125 nutioribus
364 2088 602 2125 narrationis
631 2087 736 2126 filum
767 2087 989 2139 discerpsit,
1016 2090 1250 2139 praesertim
1279 2100 1367 2125 cum
1399 2086 1651 2125 Claudianam

115 2153 386 2202 antiquitatem
409 2158 447 2190 et
471 2153 717 2190 ieiunitatem
746 2165 787 2191 se
810 2159 1113 2203 repraesentare
1141 2148 1425 2205 ‹⁷›pinai·etui··‘²)‚
1453 2165 1569 2203 quam
1596 2152 1652 2190 illi

114 2218 250 2255 aetatis
268 2216 455 2255 Hadriani
478 2219 692 2268 scriptores
714 2217 1011 2269 adaniauerunt,
1026 2218 1170 2256 Lutatii
1194 2223 1323 2256 tamen
1346 2224 1381 2256 et
1398 2217 1515 2255 Tullii
1535 2230 1650 2268 prop-

116 2287 174 2319 ter
200 2283 395 2320 inscitiam
423 2284 681 2321 artificiorum
704 2290 738 2321 et
763 2284 1007 2321 nimietatem
1032 2289 1075 2321 ut
1096 2283 1217 2321 Coelii
1245 2284 1540 2321 transiectionis
1561 2295 1650 2320 uer-

113 2345 251 2385 borum
285 2347 621 2398 improbauerunt.
664 2349 780 2387 etiam
820 2348 881 2386 liic
916 2350 992 2386 tiro
1019 2348 1219 2387 Romanus
1246 2347 1348 2386 ultra
1376 2347 1535 2386 modum
1562 2360 1650 2399 pro-

113 2423 272 2461 gressus
308 2412 511 2451 historiam
550 2412 769 2465 dolauerat3
809 2413 941 2451 aberat
984 2413 1120 2452 Latine
1162 2412 1347 2464 loquendi
1386 2411 1650 2451 ‘innocentia'

115 2472 212 2529 (Cic.
235 2476 342 2516 Brut.
368 2475 434 2528 M,
450 2475 568 2532 238).

211 2569 242 2610 1)
268 2567 363 2601 Vide
391 2578 486 2611 quae
515 2569 695 2602 adnotaui
722 2570 768 2602 ad
791 2570 833 2602 fr.
854 2574 905 2602 12.

208 2623 244 2664 2)
266 2620 387 2655 Etiam
409 2621 652 2655 articulorum
679 2622 795 2666 tripla
815 2621 1001 2667 (τρίκωλα)
1026 2622 1189 2656 studium
1218 2622 1455 2666 antiquitatis
1476 2623 1649 2666 produnt,

112 2673 210 2717 quod
237 2685 353 2718 genus
378 2685 465 2708 uere
487 2674 661 2708 Latinum
689 2675 837 2709 dicendi
864 2678 906 2709 ut
927 2675 1081 2709 Plautus
1109 2685 1152 2709 ex
1179 2686 1239 2709 ore
1266 2675 1372 2719 uulgi
1399 2675 1450 2709 sic
1472 2675 1648 2710 Claudius

112 2737 154 2760 ex
181 2727 404 2770 antiquitate
425 2727 630 2770 transtulit,
658 2739 679 2762 a
698 2728 897 2763 nobilitate
920 2729 956 2762 in
977 2728 1144 2769 historia,
1165 2731 1206 2762 ut
1225 2728 1384 2772 uidetur,
1412 2729 1649 2773 repudiatam

112 2781 198 2823 (non
225 2791 245 2813 a
273 2779 411 2814 Catone
438 2782 481 2816 fr.
504 2785 591 2823 952„
618 2781 693 2816 uid.
722 2782 806 2816 adn.
836 2793 866 2816 a.
888 2782 923 2816 h.
946 2781 968 2816 l.
997 2784 1034 2816 et
1060 2781 1102 2816 fr.
1127 2782 1171 2816 de
1198 2792 1236 2816 re
1263 2781 1339 2815 mil.
1362 2786 1381 2816 2
1409 2794 1442 2826 p.
1460 2785 1504 2815 80
1519 2781 1648 2827 Iord.);

111 2833 279 2877 exempla.
312 2833 453 2868 Gellius
489 2835 671 2877 seruauit,
706 2836 774 2870 etsi
809 2836 854 2870 ob
889 2835 981 2870 alias
1017 2846 1147 2869 causas
1180 2835 1273 2869 baec
1305 2836 1346 2869 fr.
1375 2836 1574 2879 excerpsit,
1610 2835 1648 2868 in

113 2886 154 2920 fr.
176 2889 204 2919 7.
227 2890 247 2920 8
270 2885 339 2930 (bis
366 2889 496 2931 terna).
521 2888 582 2921 10¹¹
603 2888 714 2932 (dno).
745 2893 786 2922 76
815 2890 872 2931 tes.
896 2891 964 2932 39),
993 2889 1105 2922 etiam
1132 2888 1414 2932 paronomasiae
1440 2889 1478 2922 in
1505 2888 1546 2922 fr.
1565 2893 1594 2922 7.
1617 2895 1648 2921 5.

1255 2947 1362 2982 X1X*
