2002 3342
101 891 134 915 10

408 184 443 215 Γ.
466 181 727 215 ὃΕΜΡΗΟΝΙΙ
753 181 986 215 TVDITANI
1012 181 1250 215 ANNAhEs.
1292 182 1334 215 fr.
1356 186 1447 216 3*ss
1615 182 1697 222 145

164 291 210 330 ad
238 304 299 343 ea,
333 304 430 343 quae
465 293 504 330 in
538 298 675 330 senatu
703 291 847 330 Romae
876 292 975 330 dixit
1001 291 1190 342 suadens,
1224 304 1272 331 ne
1307 294 1451 343 captiui
1489 305 1577 331 cum
1606 292 1693 331 Car-

164 357 476 408 thaginiensibus
508 363 846 408 permutarentur,
882 357 921 396 id
955 370 1111 408 quoque
1139 357 1354 407 addidisse,
1388 370 1586 396 uenenum
1620 357 1697 396 sibi

166 422 508 473 Carthaginienses
543 422 715 473 dedisse,
749 435 826 461 non
863 424 1193 473 praesentarium,
1230 423 1298 461 sed
1335 424 1420 461 eius
1454 423 1558 461 modi
1592 423 1695 474 quod

165 494 330 526 mortem
357 490 396 526 in
426 488 528 526 diem
555 488 767 538 proferret,
796 500 839 525 eo
867 487 1050 537 consilio,
1078 492 1120 526 ut
1147 489 1303 526 uiueret
1325 487 1482 538 quidem
1505 489 1698 539 tantisper

164 553 290 603 quoad
319 554 429 592 tieret
455 554 708 604 permutatio,
746 558 833 603 post
859 558 990 591 autem
1017 558 1218 602 grassante
1247 554 1394 591 sensim
1422 566 1576 591 ueneno
1604 566 1696 591 con-

162 619 392 657 tabesceret.
433 618 610 657 Eundem
643 618 835 668 Regulum
869 618 1025 657 Tubero
1059 619 1099 656 in
1133 618 1309 656 historiis
1348 617 1497 656 redisse
1535 618 1695 657 Cartha-

161 685 292 733 ginem
319 685 511 735 nouisque
541 683 809 735 exemplorum
837 683 964 722 modis
992 684 1260 721 excruciatum
1289 696 1308 720 a
1330 682 1471 721 Poenis
1500 683 1612 721 dicit:
1649 706 1695 709 —

161 748 378 788 Tuditanus
405 755 535 787 autem
564 761 700 787 somno
729 749 794 787 diu
822 748 1065 799 prohibitum
1093 753 1208 799 atque
1238 749 1288 786 ita
1312 749 1392 786 uita
1415 749 1613 798 priuatum
1635 761 1695 787 re-

161 814 252 864 fert,
285 814 402 865 idque
437 814 505 853 ubi
537 814 681 853 Romae
710 815 909 865 cognitum
944 819 1020 864 est,
1056 813 1321 852 nobilissimos
1354 813 1574 852 Poenorum
1607 827 1695 865 eap-

161 881 262 917 tiuos
291 879 427 918 liberis
454 879 593 930 Reguli
621 892 640 917 a
668 885 806 918 senatu
835 878 986 917 deditos
1015 884 1052 917 et
1073 878 1119 917 ab
1140 878 1201 917 his
1222 879 1263 916 in
1285 879 1453 916 armario
1476 878 1695 917 muricibus

159 945 331 995 praefixo
359 943 566 983 destitutos
595 944 809 996 eademque
837 945 1031 982 insomnia
1061 945 1258 983 cruciatos
1284 945 1482 982 interisse.

247 1006 291 1049 6.
327 1011 533 1048 Plutarch.
572 1011 642 1049 Text
677 1011 802 1049 Flam.
834 1010 902 1048 14.
951 1009 1010 1048 Τό
1048 1022 1094 1048 τε
1126 1014 1216 1048 τῶν
1252 1006 1485 1060 χρημάτων
1522 1011 1695 1060 πλῆθος

158 1071 238 1113 oin
271 1072 424 1147 ολίγον
457 1076 530 1126 ἠν,
565 1073 622 1122 ὡς
655 1072 994 1127 ἀναγραφουσιν
1026 1073 1068 1113 οἱ
1106 1071 1206 1126 περὶ
1246 1072 1523 1113 Τουδιτανὸν
1556 1070 1604 1113 ἐν
1639 1071 1697 1128 τῷ

156 1176 382 1218 eminebant,
410 1177 594 1211 inclusum
621 1177 818 1222 uigilantia
844 1177 984 1221 pariter
1010 1179 1048 1210 et
1074 1177 1249 1210 continuo
1277 1178 1398 1210 tractu
1426 1176 1563 1210 doloris
1585 1186 1692 1210 neca-

155 1226 301 1259 uerunt.
343 1225 553 1260 Tuditanus
579 1230 609 1259 ct
636 1227 875 1260 constantiam
899 1225 1035 1270 Reguli
1053 1225 1196 1267 fictione
1215 1225 1350 1259 ueneni
1368 1237 1391 1258 a
1415 1224 1693 1267 Carthaqinien-

154 1272 254 1306 sibus
280 1273 360 1306 dati
391 1274 587 1307 eaeornauit
617 1277 650 1307 et
681 1274 922 1316 (antiquiorem
952 1273 1111 1315 famam,
1140 1283 1214 1316 qua
1241 1272 1374 1317 Reyulz·
1400 1283 1494 1305 rnacor
1521 1272 1694 1316 liberique

155 1321 274 1354 inuito
298 1324 428 1355 senata
453 1321 618 1364 captiuos
643 1320 801 1355 hostium
826 1331 932 1355 saeue
951 1331 1096 1355 necasse
1115 1319 1331 1354 dicebantur
1352 1319 1520 1357 (Diodor.
1542 1321 1602 1361 24,
1619 1321 1693 1361 12),

156 1368 208 1400 ita
238 1368 356 1408 uertit,
383 1372 423 1401 ut
445 1372 588 1411 patrem
615 1379 671 1402 eos
697 1369 790 1402 ultos
816 1378 885 1401 esse
911 1371 1099 1410 narraret,
1125 1379 1215 1412 quas
1242 1367 1386 1411 quidem
1411 1367 1552 1409 famas,
1578 1366 1691 1401 Tudi-

156 1416 236 1448 tani
262 1418 293 1448 et
322 1415 539 1454 Tuberonis,
573 1416 742 1450 Zonaras
769 1418 818 1458 (8
841 1418 902 1457 15,
936 1416 980 1458 cf.
1004 1415 1116 1449 Dion
1144 1415 1190 1457 fr.
1213 1418 1269 1457 43,
1290 1417 1340 1449 26
1353 1426 1392 1458 sq
1424 1415 1487 1474 B3)
1519 1416 1692 1449 contami-

155 1462 342 1506 rzaztlt17')
371 1463 542 1506 γερουσία
569 1462 608 1497 δὲ
634 1468 698 1508 τῆς
725 1461 868 1497 ἐκεινου
897 1463 1077 1507 σωτηρίας
1104 1461 1228 1497 ἕνεκεν
1256 1462 1318 1496 καὶ
1343 1462 1410 1506 τὴν
1435 1461 1590 1521 εἰρήνην
1611 1474 1693 1496 ποι-

154 1508 320 1551 ήσασθαι
346 1510 408 1544 καὶ
434 1511 520 1550 τοὺς
540 1511 794 1554 αἰχμαλώτους
815 1511 1037 1544 ἀντιδοῦναι
1058 1510 1331 1553 προτεθύμητο.
1365 1509 1476 1553 γνοὺς
1496 1506 1563 1543 οὖν
1583 1515 1692 1543 τοῦτο

154 1556 282 1597 αὐτός
316 1571 378 1591 ινα
404 1557 452 1602 μὴ
478 1557 518 1591 τὸ
548 1557 736 1601 συμφέρον
765 1556 818 1592 δι
845 1558 960 1592 αὐτὸν
987 1557 1290 1600 καταπρόωνται
1317 1556 1500 1591 ἐπλάσατο
1526 1556 1692 1591 πεπωκέ-

155 1617 217 1638 ναι
243 1603 444 1658 φαρμακον
472 1604 647 1650 ὃηλητήρ“
651 1618 694 1639 ον
721 1606 782 1638 καὶ
810 1604 950 1649 μέλλειν
971 1604 1120 1644 πάντως
1140 1602 1207 1638 ἐπ’
1232 1605 1347 1639 αὐτοῦ
1369 1602 1590 1638 ἀπολέσθαι.
1629 1604 1692 1639 καὶ

154 1651 236 1686 οὔτε
267 1652 289 1696 ἡ
323 1652 501 1698 σύμβασις
531 1652 683 1697 γέγονεν
717 1652 798 1687 οὔτε
830 1658 903 1687 τῶν
938 1653 1181 1698 αἰχμαλώτων
1211 1652 1232 1697 ἡ
1261 1651 1407 1697 ἀμοιβή.
1449 1650 1627 1691 ἀπιόντος
1652 1649 1689 1686 δ’

154 1699 268 1734 αὐτοῦ
295 1701 362 1733 συν
385 1706 463 1740 τοῖς
490 1699 684 1745 πρέσβεσιν
711 1699 958 1746 ἀντελαβοντο
980 1701 1084 1734 ἄλλοι
1104 1712 1142 1734 τε
1162 1700 1225 1734 καὶ
1253 1713 1288 1734 οι
1310 1700 1443 1738 παῖδες
1461 1699 1524 1733 καὶ
1544 1698 1566 1757 ή
1585 1699 1690 1757 γυνή.

153 1746 188 1781 οἱ
214 1744 251 1781 δ’
275 1745 411 1782 ὕπατοι
437 1746 519 1792 μήτ’
545 1747 725 1782 ἐθέλοντα
751 1753 973 1792 καταμεῖναι
999 1745 1114 1782 αὐτὸν
1141 1747 1316 1782 ἐκδώσειν
1343 1746 1487 1790 ἔφασαν
1514 1744 1602 1790 μήτ’
1623 1747 1690 1780 ἀπ-

153 1806 210 1828 ιοι
215 1806 258 1828 τα
284 1801 492 1840 κατασχειν.
532 1795 596 1829 καὶ
623 1794 718 1830 οὕτω
744 1794 974 1839 προτιμήσας
993 1794 1041 1839 μὴ
1061 1795 1279 1840 παραβῆναι
1299 1794 1386 1834 τοὺς
1406 1792 1541 1837 ὅρκους
1561 1794 1691 1829 ἀνεκο-

152 1840 278 1886 μίσθη.
319 1855 381 1876 και
408 1842 593 1882 αἰκισθεὶς
619 1840 683 1876 ὑπ’
708 1843 847 1886 αὐτῶν,
869 1843 917 1883 ὡς
936 1842 958 1887 ἡ
980 1841 1083 1900 φήμη
1105 1841 1211 1900 λέγει)
1232 1841 1413 1876 ἀπέθανε
1452 1841 1498 1875 τὰ
1519 1841 1589 1885 γὰρ
1611 1840 1691 1901 βλέ-

152 1902 257 1932 φαρα
283 1890 398 1924 αὐτοῦ
424 1889 680 1948 περιτεμόντες
711 1890 774 1924 καὶ
800 1888 935 1935 χρόνον
968 1889 1054 1925 τινὰ
1079 1890 1120 1924 ἐν
1147 1888 1268 1924 σκότει
1293 1887 1580 1932 καθείρξαντες,
1610 1885 1690 1923 εἶτα

153 1937 204 1975 εἰς
230 1935 358 1977 σκεῦός
383 1950 418 1971 τι
444 1937 660 1981 σύμπηκτον
686 1937 820 1980 κέντρα
846 1936 1089 1982 πανταχόθεν
1124 1936 1206 1982 ἔχον
1234 1935 1453 1983 ἐμβαλόντες
1483 1936 1599 1971 αὐτὸν
1624 1937 1689 1970 καὶ

150 1982 353 2028 τρέψαντες
384 1982 477 2028 πρὸς
508 1983 573 2019 τὸν
604 1984 725 2030 {fl-‚tow
759 1985 875 2025 οὕτως
907 1983 978 2019 ὑπὸ
1011 1982 1274 2024 κακοπαθείας
1306 1984 1369 2018 καὶ
1403 1983 1612 2028 ἀγρυπνίας
1639 1983 1687 2028 μὴ

152 2030 362 2075 ὃυιοὶμενόν
389 2045 439 2077 πῃ
467 2034 646 2077 κλιθῆναι
672 2032 736 2067 διὰ
762 2032 806 2066 τὰ
833 2032 967 2076 κέντρα
994 2031 1230 2076 διέφθειραν.
1268 2045 1292 2065 α
1319 2030 1530 2075 πυθόμενοι
1551 2031 1584 2066 οἱ
1600 2030 1688 2065 Ρω-

153 2084 257 2122 μαῐοι
281 2080 367 2120 τοὺς
391 2080 559 2124 πρώτους
584 2085 657 2115 τῶν
684 2078 771 2123 παρ’
798 2081 925 2120 αὐτοῖς
944 2080 1185 2124 αἰχμαλώτων
1206 2078 1421 2121 παρέδοσαν
1444 2084 1521 2118 τοῖς
1542 2076 1689 2113 ἐκεινου

153 2127 257 2160 παισὶ
284 2127 347 2161 καὶ
373 2126 663 2162 ἀνταικίσασθαι
684 2127 746 2161 καὶ
767 2128 1067 2162 ἀνταποκτεῖναι.
1094 2127 1277 2162 cruciatus
1292 2127 1428 2172 Reguli
1447 2127 1554 2160 malti
1563 2131 1687 2170 postea

152 2174 209 2208 uel
234 2185 349 2209 nouos
373 2178 560 2216 finxerunt
585 2176 643 2209 uel
663 2179 795 2210 ueteres
816 2187 925 2219 qnam
945 2176 1166 2210 atrocissime
1186 2175 1464 2218 descripserunt,
1484 2174 1585 2208 uelut
1608 2175 1687 2208 Au-

152 2222 262 2256 relius
296 2223 417 2257 Victor
448 2234 571 2257 arcam
603 2224 776 2268 liqneam,
810 2235 882 2266 qua
914 2223 1078 2257 inclusus
1110 2226 1159 2256 est
1193 2223 1268 2265 (De
1293 2224 1362 2256 uir.
1391 2222 1442 2256 ill.
1471 2225 1546 2264 40),
1579 2233 1688 2265 quam

153 2269 351 2313 Appianas
372 2270 471 2312 (Lib.
494 2273 531 2314 3)
560 2269 768 2314 γαλεάγραν
789 2271 887 2305 dicit.
921 2271 979 2305 De
999 2275 1152 2313 tempore
1172 2270 1365 2315 leyationis
1384 2270 1574 2312 scriptores
1593 2270 1689 2303 inter

151 2327 186 2350 se
211 2317 483 2361 discrepabant,
509 2319 578 2352 alii
596 2322 681 2362 post
707 2318 843 2352 cladem
863 2329 967 2352 suam
988 2317 1030 2351 de
1047 2317 1302 2361 permutandis
1325 2318 1485 2361 captiuis
1506 2317 1686 2361 Reyulum

152 2365 297 2398 missum
326 2376 396 2399 esse
420 2369 666 2407 memorantes,
693 2366 762 2399 alii
786 2377 819 2399 a.
840 2367 922 2399 241.
945 2368 1014 2399 513
1041 2365 1083 2400 de
1106 2376 1196 2409 pace
1219 2365 1392 2407 facienda
1402 2378 1413 2406 ,·
1439 2365 1531 2398 talia
1558 2375 1687 2398 curare

152 2411 333 2445 rhetorum
363 2423 439 2446 non
473 2414 664 2455 intereram
700 2413 898 2457 Appianas
925 2413 964 2446 in
992 2413 1141 2457 Libycis
1166 2423 1193 2447 e
1215 2415 1238 2447 3
1263 2412 1375 2453 illud,
1410 2413 1449 2445 in
1475 2410 1586 2447 Sicul.
1614 2421 1641 2445 e.
1663 2413 1688 2446 2

151 2458 215 2492 hoc
240 2459 396 2494 addidit.
437 2460 489 2503 Cf.
518 2460 671 2496 Rohden
698 2460 739 2494 R
761 2459 801 2494 E
830 2461 884 2494 II
906 2471 924 2494 c
954 2462 1054 2495 2088
1067 2471 1139 2504 sqq.

248 2507 520 2542 ‹›.12'cl.Lz'u
549 2510 606 2550 34,
628 2510 686 2550 52,
705 2511 730 2542 2
766 2509 847 2552 (qui
880 2508 921 2541 in
952 2508 1021 2542 hae
1047 2511 1155 2551 parte
1186 2506 1339 2552 Polybio
1372 2518 1446 2540 non
1477 2510 1527 2541 est
1558 2509 1687 2543 usus).·

245 2606 263 2638 1
295 2572 453 2650 scripsit
474 2602 509 2638 V
532 2605 619 2639 ante
639 2614 735 2640 σοιν.
831 2603 853 2639 3
883 2603 1031 2650 cartag.
1061 2601 1097 2639 V
1186 2602 1209 2637 4
1237 2602 1370 2638 tantis.
1392 2614 1422 2649 p
1452 2600 1488 2637 V
1508 2599 1632 2638 tantis
1656 2613 1684 2649 p

154 2672 230 2707 quo
258 2659 420 2698 adfieret
445 2661 482 2698 P
612 2662 634 2698 5
663 2662 806 2698 ueneni
831 2661 868 2697 P
999 2662 1034 2698 5.
1052 2661 1074 2698 6
1104 2673 1171 2698 cor
1196 2660 1415 2698 tabesceret
1442 2659 1506 2703 Vg

156 2720 289 2757 10.11
319 2720 539 2758 munieibus
565 2720 757 2769 praefixos
784 2720 851 2764 Vg

242 2773 287 2826 6,
320 2780 370 2817 13
403 2778 644 2817 Τουδιτανὸν
679 2791 896 2826 [monymus
934 2778 1002 2817 τὸν
1035 2777 1168 2816 ἰτανὸν
1202 2779 1291 2816 libri
1316 2778 1501 2816 Sintenisi
1526 2780 1685 2825 praeter

152 2837 256 2873 codd.
279 2838 434 2876 Monac.
464 2839 636 2881 Vinclob„
663 2840 728 2886 qm·
754 2837 976 2888 τουιτανὸν,
1002 2838 1082 2875 uid.
1103 2850 1226 2885 supra
1246 2850 1286 2885 p.
1312 2850 1413 2876 cells.

224 2910 300 2934 Hist.
316 2910 400 2935 Rom.
415 2911 467 2936 roi.
481 2911 505 2942 1,
525 2911 569 2936 ed.
584 2911 702 2936 Peter.
730 2910 784 2935 Ed.
799 2911 849 2935 alt.
1356 2907 1396 2937 10

1724 985 1790 1015 194

1722 1044 1791 1074 560
