2002 3342
259 208 468 238 CLXXXVI
596 193 659 227 DE
686 192 992 228 SCRIPTORVM
1019 192 1142 227 VITIS
1171 192 1232 227 ET
1259 192 1466 227 SCRIPTIS

262 305 425 356 buitque
459 304 750 355 Schweglerum
785 305 799 342 Ι
826 318 861 356 p.
885 302 939 343 89
977 310 1015 343 et
1048 304 1268 343 Pluessium
1302 299 1375 357 (De
1403 303 1509 342 Cinc.
1536 317 1572 355 p.
1595 300 1669 358 29)
1704 316 1795 342 con-

261 372 490 409 sentientes.
535 375 571 407 at
604 382 652 408 ne
687 369 779 408 Cato
808 370 967 421 quidem
995 369 1167 408 studium
1200 370 1373 420 origines
1400 371 1604 408 nominum
1631 369 1797 408 eruendi

262 441 303 473 et
335 434 555 486 explicandi
598 436 729 473 renuit
765 432 830 488 (fr.
851 433 919 473 46.
943 433 1009 474 60.
1032 431 1107 488 59)
1145 440 1210 473 aut
1245 434 1404 473 Cassius
1436 434 1602 473 Hemina
1639 430 1738 488 (uid.
1766 447 1796 473 s.

262 513 299 552 p.
322 509 511 539 CLXXVII
525 495 620 553 sq.);
656 499 703 537 Μ.
732 499 895 539 Fuluius
922 499 1109 550 Nobilior,
1146 501 1213 551 qui
1247 500 1335 550 plus
1368 501 1650 551 quinquaginta
1683 501 1796 538 annis

262 571 352 604 ante
373 565 557 603 Pisonem
579 565 715 603 consul
743 565 827 616 fuit,
854 567 894 604 in
922 566 1032 604 fastis
1060 567 1142 604 suis
1169 567 1366 603 mensium
1387 577 1529 603 nomen
1550 566 1667 604 etiam
1695 564 1798 603 deri-

261 642 358 669 uare
393 636 554 669 conatus
589 636 664 681 est,
692 632 744 668 ita
782 635 826 669 ut
858 632 897 669 in
930 630 1055 682 Aprili
1088 629 1317 681 explicando
1351 630 1398 669 ad
1429 629 1672 682 Aphroditen
1704 642 1796 668 con-

264 695 417 745 fugeret
462 692 659 748 (Funaioli
686 708 721 746 p.
740 692 793 734 15
810 692 900 749 sq),
928 695 1096 746 denique
1124 695 1170 734 M.
1192 695 1328 734 Iunius
1356 695 1619 747 Gracchanus,
1646 697 1796 734 amicus

265 760 304 799 C.
328 759 506 811 Gracchi,
532 766 636 799 totus
664 762 704 799 in
731 762 963 812 antiquitate
990 760 1191 799 tractanda
1214 766 1397 799 uersatus
1418 767 1488 800 est.
1521 762 1646 811 ipsius
1668 765 1798 799 autem

264 825 420 865 Pisonis
448 828 627 865 censoria
655 828 754 865 ratio
782 826 978 865 sentiendi
1006 825 1284 877 scribendique
1312 827 1578 865 maturitatem
1602 825 1797 877 quandam

264 891 397 942 prodit
417 904 586 942 eumque
608 897 732 930 aetate
753 897 987 942 prouectum
1009 904 1207 942 cursuque
1228 891 1385 943 publico
1406 892 1583 930 functum
1605 890 1652 930 ad
1677 891 1800 930 histo·

265 957 363 995 riam
392 958 607 995 accessisse
635 956 783 1008 probat.
795 953 828 1010 1)

356 1020 502 1060 Natura
531 1028 660 1060 autem
688 1035 777 1060 cum
798 1022 1009 1060 excelleret
1029 1023 1111 1060 acie
1140 1021 1306 1073 quadam
1326 1023 1470 1060 mentis
1491 1020 1674 1073 idemque
1701 1022 1800 1059 ieiu-

265 1088 386 1125 nitate
416 1092 453 1125 et
479 1088 656 1125 siccitate
684 1084 782 1139 (uid.
810 1089 924 1138 impr.
954 1087 998 1126 fr.
1021 1083 1086 1141 8),
1119 1099 1139 1125 a
1167 1099 1208 1125 se
1234 1087 1447 1138 impetrare
1474 1099 1553 1125 non
1579 1088 1723 1138 potuit,
1757 1092 1802 1129 ut

265 1164 365 1203 quae
392 1153 477 1203 ipse
506 1164 583 1190 non
611 1152 803 1202 crederet,
833 1152 1103 1191 delectationis
1131 1164 1247 1190 causa
1274 1151 1429 1190 ciuibus
1451 1151 1644 1190 credenda
1672 1151 1801 1190 trade-

268 1222 339 1268 ret,
366 1218 601 1268 praesertim
623 1230 711 1255 cum
739 1229 810 1268 per
830 1216 1001 1255 Ennium
1024 1217 1241 1256 Euemerus
1269 1218 1431 1268 eiusque
1460 1217 1506 1256 de
1535 1217 1593 1255 dis
1622 1217 1799 1256 doctrina

265 1281 452 1320 Romanis
480 1283 557 1320 iam
583 1278 876 1336 innotuisset.²)
911 1295 1026 1333 quam
1054 1282 1102 1320 ob
1130 1295 1212 1322 rem
1241 1282 1388 1322 fabulas
1416 1284 1449 1321 si
1475 1295 1571 1334 quas
1595 1282 1800 1333 uulgarem

266 1348 409 1386 famam
437 1352 596 1386 secutus
623 1347 818 1399 narrabat,
846 1347 983 1386 alienis
1011 1348 1312 1387 auctoritatibus
1337 1361 1446 1387 suam
1474 1347 1591 1386 sidem
1618 1347 1803 1386 tuebatur

268 1409 333 1466 (fr.
357 1410 393 1451 8.
416 1410 470 1451 27
500 1413 604 1451 binis
632 1411 748 1466 locis)
776 1419 891 1464 atque
919 1426 1017 1464 quae
1047 1413 1093 1452 de
1113 1413 1278 1452 Romulo
1306 1419 1345 1452 et
1364 1413 1485 1452 Remo
1506 1413 1650 1452 Fabius
1670 1413 1803 1452 Pictor

267 1491 314 1517 ex
342 1478 407 1516 illa
436 1484 651 1529 receperat,
679 1478 751 1517 sub
780 1480 864 1517 eius
891 1480 1049 1518 nomine
1078 1480 1287 1530 exscripsit
1307 1476 1372 1532 (fr.
1395 1475 1458 1531 δὴ
1486 1478 1651 1517 aliarum
1672 1484 1802 1517 tamen

267 1543 488 1582 fabularum
515 1544 716 1582 miraculis
744 1545 829 1583 eius
856 1543 1008 1582 indoles
1036 1544 1185 1583 offensa
1209 1544 1380 1582 colorem
1400 1543 1628 1595 mythicum,
1655 1545 1689 1582 si
1714 1556 1803 1595 pos-

268 1615 339 1660 set,
367 1609 572 1660 detergere
598 1610 734 1660 eisque
755 1610 928 1660 remotis,
956 1622 1055 1660 quae
1077 1615 1239 1648 naturae
1267 1608 1419 1660 legibus
1441 1610 1637 1648 contraria
1659 1615 1802 1661 essent,

266 1676 372 1713 uitae
400 1674 634 1713 cottidianae
661 1674 920 1714 similitudine
947 1675 1080 1713 metiri
1107 1674 1254 1713 maluit.
1265 1670 1297 1727 3)

356 1739 404 1778 Vt
437 1741 543 1778 enim
578 1752 683 1778 nunc
710 1752 754 1778 ea
782 1739 862 1778 sola
891 1741 1099 1790 respiciam
1134 1752 1232 1790 quae
1260 1739 1332 1778 sub
1359 1740 1512 1778 Pisonis
1539 1741 1697 1779 nomine
1726 1746 1802 1779 tra-

267 1804 348 1843 dita
382 1810 491 1854 sunt,
524 1806 698 1843 omittam
733 1818 832 1856 quae
867 1818 955 1843 cum
988 1817 1128 1855 magna
1160 1806 1247 1843 ueri
1284 1806 1415 1856 specie
1451 1805 1498 1844 ad
1536 1818 1625 1844 eum
1662 1806 1804 1844 referri

268 1876 445 1921 possunt,
466 1871 541 1908 tria
562 1871 811 1921 potissimum
835 1872 919 1909 eius
940 1870 1159 1921 fragmenta
1180 1869 1510 1921 perlustrantibus
1531 1870 1644 1909 nobis
1665 1883 1803 1909 occur-

269 1940 374 1986 runt,
402 1935 544 1986 quibus
571 1935 667 1974 haec
695 1937 779 1974 eius
807 1935 959 1974 indoles
986 1937 1107 1974 animi
1133 1935 1394 1986 intellegatur.
1427 1937 1600 1986 primum
1627 1948 1716 1974 eum
1743 1948 1806 1974 ar-

268 2005 348 2038 tem
376 2001 553 2039 criticam
582 2002 622 2038 in
644 2001 833 2052 Tarpeiae
860 2000 990 2040 fabula
1011 2002 1236 2039 exercuisse
1257 1999 1451 2039 uidemus.
1491 2012 1582 2039 nam
1603 2013 1692 2039 cum
1719 2000 1804 2039 loco

269 2067 519 2104 sanctissimo
541 2066 693 2117 sepulta
721 2071 825 2105 esset
852 2072 891 2105 et
913 2067 1123 2117 quotannis
1145 2067 1182 2104 ei
1207 2065 1410 2117 libaretur,
1436 2065 1641 2116 uulgarem
1661 2066 1803 2104 famam

270 2131 366 2170 ferri
392 2132 558 2182 nequire
586 2131 875 2182 animaduertit,
904 2144 979 2183 qua
1005 2133 1153 2182 patriae
1175 2143 1305 2169 arcem
1332 2130 1511 2169 hostibus
1534 2131 1688 2169 Sabinis
1714 2143 1804 2182 pro-

271 2196 418 2235 didisse
447 2196 662 2248 dicebatur,
689 2199 820 2249 itaque
848 2198 920 2236 hoc
944 2197 1116 2246 nouauit,
1143 2201 1187 2234 ut.
1207 2195 1413 2247 Tarpeiam
1440 2208 1546 2234 arma
1569 2195 1805 2234 Sabinorum

269 2263 547 2313 concupiuisse
581 2268 620 2300 et
651 2262 828 2301 hostibus
861 2264 980 2301 armis
1012 2263 1179 2313 priuatis
1211 2261 1375 2299 insidias
1408 2273 1566 2312 parasse
1597 2260 1807 2318 scriberet,

272 2326 342 2365 sed
370 2325 523 2366 ‘fraude
544 2329 670 2366 uisam
693 2341 806 2379 agere
829 2341 897 2367 sua
919 2330 1044 2379 ipsam
1065 2333 1310 2379 peremptam
1331 2325 1529 2366 mercede'
1558 2323 1804 2379 (Schwegler

271 2392 286 2430 I
313 2405 347 2443 p.
370 2389 455 2431 486
471 2389 586 2445 sqq).
627 2405 673 2431 ex
701 2393 819 2432 simili
847 2393 1090 2432 dubitatione
1119 2392 1408 2444 explanandum
1436 2398 1511 2442 est,
1544 2391 1647 2443 quod
1676 2391 1806 2431 lacum

271 2457 452 2496 Curtium
489 2470 508 2495 a
546 2457 690 2496 Sabino
727 2458 895 2509 quodam
934 2470 1077 2497 nomen
1115 2459 1317 2497 inuenisse
1353 2459 1566 2496 memoriae
1605 2456 1807 2495 mandauit

370 2550 401 2592 1>
429 2548 508 2582 Hoc
533 2549 670 2590 monui,
697 2559 743 2582 ne
764 2549 847 2592 quis
875 2550 922 2583 ad
943 2549 981 2583 L.
998 2548 1138 2583 Kelleri
1163 2548 1359 2582 inuentum
1386 2549 1478 2592 (Der
1496 2549 1615 2582 azreite
1635 2548 1808 2591 punisehc

273 2602 390 2647 Krz'ey
415 2614 451 2646 p.
469 2605 534 2635 152
550 2604 643 2645 sqq.)
676 2601 917 2645 relaberetur,
950 2602 1015 2646 qui
1041 2602 1139 2636 Liuii
1165 2601 1386 2646 Polybiique
1419 2612 1638 2635 consensum
1665 2600 1711 2634 ab
1738 2600 1809 2634 hoc

272 2655 405 2689 Pisone
432 2655 675 2699 repetendum
704 2666 782 2690 esse
810 2655 1028 2690 coniecerat.

370 2711 404 2752 2)
429 2708 574 2742 Vahlen
602 2708 762 2743 Ennius²
788 2722 822 2754 p.
840 2722 929 2743 ccxx
946 2721 1024 2753 sqq.

370 2763 402 2805 3)
430 2761 481 2796 Cf.
506 2761 676 2795 Niebuhr
702 2762 746 2795 H.
770 2762 809 2796 R.
831 2763 845 2797 1
865 2775 899 2807 p.
916 2766 984 2796 240
1001 2774 1054 2806 sq.
1082 2765 1160 2796 384.
1188 2762 1219 2796 ΙΙ
1239 2774 1274 2806 p.
1292 2765 1334 2795 10
1350 2773 1428 2805 sqq.
1456 2760 1636 2795 Praelect.
1658 2761 1673 2795 Ι
1693 2763 1736 2794 29
1753 2771 1807 2804 sq.

273 2815 448 2850 Liebaldt
467 2827 502 2859 p.
519 2818 537 2848 9
554 2826 607 2859 sq.
633 2815 772 2850 iniuria
798 2816 896 2850 enim
918 2815 1130 2860 Schwegler
1150 2815 1165 2849 Ι
1184 2827 1219 2859 p.
1236 2819 1279 2849 89
1305 2815 1403 2849 hunc
1428 2814 1739 2856 rationalismum‚
1767 2815 1810 2848 ut

272 2870 329 2903 ita
355 2869 489 2912 dicam,
517 2879 539 2902 a
564 2868 708 2903 Pisonis
737 2868 979 2913 simplicitate
1006 2869 1203 2903 abhorrere
1229 2868 1431 2903 arbitratus
1459 2870 1524 2902 est.
