2002 3342
582 171 616 206 C.
641 171 943 206 SEMPRONIVS
970 171 1248 206 TVDITANVS
1581 188 1688 217 (30111

246 280 261 288 -r

149 279 220 335 (fr.
243 279 344 335 ΟΝ)
389 284 518 333 itaque
547 283 729 333 quoniam
757 283 873 320 etiam
901 282 995 320 alios
1022 281 1217 321 Romanos
1244 280 1440 336 (Cassium
1470 284 1689 329 lleminam,

155 347 294 386 Fabios
322 348 515 386 Pictorem
544 353 579 386 et
606 344 890 400 Seruilianum)
919 353 958 385 et
979 347 1025 385 de
1048 348 1165 386 rebus
1186 351 1307 399 gestis
1329 356 1365 388 et
1389 349 1435 388 de
1458 351 1689 401 antiquitate

153 414 362 463 scripsisse
391 418 552 462 constat,
579 412 640 450 hic
670 412 709 450 C.
732 412 988 463 Sempronius
1009 412 1227 452 Tuditanus
1255 416 1359 453 inter
1383 415 1592 453 historicos
1614 415 1688 453 lio-

153 490 288 516 manos
316 477 443 515 locum
471 490 585 515 suum
613 476 713 528 apud
742 489 802 515 me
831 479 1004 516 retinuit.

239 543 402 593 Propter
434 543 561 593 ipsum
596 549 725 581 tamen
760 542 933 581 studium
967 544 1229 594 antiquitatis,
1263 557 1338 595 quo
1373 547 1489 585 etiam
1526 546 1686 585 annales

152 608 306 658 infecit,
332 609 463 646 minus
491 607 688 646 lectitatus
716 613 776 647 est
802 613 837 646 et
867 620 885 646 a
914 610 1049 659 paucis
1077 609 1354 660 scriptoribus,
1386 612 1418 649 si
1445 611 1687 650 Macrobiuni

150 674 382 723 excipimus,
397 672 562 723 singulis
583 672 679 711 locis
701 674 854 711 citatus.
895 674 988 724 quin
1011 674 1127 712 etiam
1142 673 1294 713 Plinius
1311 671 1374 727 (fr.
1391 673 1417 713 3
1439 677 1486 714 cf.
1502 676 1688 715 Muenzer

158 738 451 784 Ozzellenlwitilc
476 751 511 789 p.
536 735 630 776 185.
655 735 737 776 199
753 735 857 790 sqq.)
874 734 925 791 ²),
965 738 1131 789 Gellius,
1170 739 1390 778 Macrobius
1430 742 1515 779 eius
1554 744 1687 792 cogni-

149 804 297 841 tionem
318 803 481 841 Varroni
510 801 741 853 debuerunt,
768 803 989 854 Dionysius,
1016 809 1059 842 ut
1084 803 1254 854 uidetur,
1283 804 1395 843 docto
1423 806 1539 844 alicui
1561 809 1685 845 amico

151 873 215 906 aut
244 867 371 906 eidem
392 864 619 922 Varroni³>3
649 868 694 907 de
722 868 942 919 Plutarcho,
969 869 1035 907 ubi
1063 870 1149 908 eius
1176 882 1318 908 nomen
1342 872 1566 909 coniectura
1594 874 1685 910 niti-

148 938 225 982 tur,
253 945 316 972 res
344 934 493 972 incerta
521 930 642 987 est4);
670 946 768 985 quae
796 934 861 972 alii
889 935 1102 985 scriptores
1128 936 1181 973 ita
1208 942 1492 987 exposuerunt,
1519 942 1560 975 ut
1595 950 1683 975 cum

148 997 343 1037 Tuditano
377 1000 623 1038 consentiant
656 995 723 1053 (cs.
746 999 873 1038 adnot.
896 999 941 1038 ad
965 1000 1008 1038 fr.
1029 998 1068 1038 4.
1091 997 1128 1039 5.
1152 996 1215 1053 8),
1255 1012 1332 1039 non
1366 1007 1457 1040 sunt
1489 1003 1541 1040 ita
1578 1015 1685 1040 com-

146 1069 298 1114 parata,
338 1071 381 1102 ut
419 1066 643 1103 necessario
683 1077 772 1103 eum
811 1067 1116 1116 transscriptum
1155 1077 1242 1104 esse
1279 1066 1584 1105 existimandum
1622 1070 1683 1106 sit.

237 1128 363 1167 Pauca
395 1130 516 1180 igitur
548 1135 714 1180 restant,
754 1142 853 1181 quae
887 1129 934 1168 ad
966 1130 1150 1169 Tuditani
1187 1131 1392 1170 historiam
1426 1133 1585 1183 proprie
1619 1132 1683 1171 ad-

145 1192 405 1232 umbrandam
432 1207 510 1233 non
538 1196 757 1246 sufficiunt3
785 1207 913 1246 neque
940 1196 1059 1245 enim,
1085 1197 1270 1247 quoniam
1291 1198 1359 1247 qui
1381 1197 1464 1235 eius
1492 1197 1682 1236 librorum

146 1260 375 1297 memoriam
410 1266 689 1310 seruauerunt,
729 1261 972 1311 antiquitatis
1006 1260 1172 1299 studiosi
1206 1262 1382 1312 fuerunt,
1422 1262 1545 1301 ullum
1582 1262 1682 1312 frag-

146 1330 323 1362 mentum
345 1337 364 1362 a
392 1327 658 1375 grammaticis
678 1325 743 1364 uel
764 1325 1051 1377 lexicographis
1072 1325 1120 1364 ad
1139 1325 1306 1365 uerbum
1329 1333 1558 1378 excerptum
1573 1325 1682 1380 est.·''')

146 1388 218 1427 hoc
246 1402 367 1428 unum
394 1396 556 1441 propter
582 1390 784 1429 Ciceronis
818 1390 1009 1429 iudicium
1036 1393 1123 1429 ueri
1151 1391 1278 1430 simile
1306 1397 1365 1430 est
1398 1405 1487 1431 eum
1515 1392 1682 1432 Graeco-

145 1467 233 1493 rum
263 1454 480 1494 doctrinam
510 1461 688 1503 secutum
718 1455 763 1494 de
791 1455 1068 1506 Aboriginibus
1098 1457 1226 1506 egisse
1254 1463 1293 1495 et
1319 1469 1382 1496 res
1412 1457 1607 1497 Romanas
1635 1471 1680 1497 ex

144 1532 255 1558 more
294 1520 571 1559 historicorum
604 1520 760 1560 illorum
800 1533 926 1572 usque
966 1521 1013 1560 ad
1052 1534 1162 1560 suam
1196 1527 1362 1561 aetatem
1394 1528 1603 1574 pertexere
1640 1525 1680 1562 in

143 1586 274 1623 animo
301 1585 485 1625 habuisse
512 1588 717 1637 patrioque
745 1598 926 1625 sermone
954 1598 1044 1625 eum
1060 1599 1187 1641 ⁸usum
1214 1599 1313 1626 esse.

241 1725 273 1766 1)
300 1723 450 1759 Bremer
475 1724 542 1758 iur.
570 1725 694 1759 anteh.
717 1737 749 1768 q.
771 1735 908 1769 supers.
937 1737 971 1769 p.
995 1728 1038 1759 35
1054 1737 1106 1769 sq.
1135 1725 1249 1759 etiam
1276 1725 1317 1759 fr.
1341 1730 1360 1759 3
1387 1726 1678 1772 magistratuum

141 1775 238 1809 libro
264 1777 446 1818 attribuit,
473 1777 517 1812 fr.
539 1782 558 1811 2
586 1780 623 1812 et
648 1782 669 1811 4
698 1778 863 1812 ‘incertis
890 1778 1022 1812 libris'.

239 1826 272 1868 2>
297 1824 460 1859 Iudicem
488 1837 595 1859 suum
622 1827 815 1860 auctorum
841 1826 886 1860 de
914 1836 1000 1860 arca
1026 1825 1172 1860 Numae
1205 1825 1340 1861 effossa
1373 1837 1410 1860 se
1443 1838 1487 1861 ex
1513 1827 1680 1862 Varrone

141 1876 311 1911 hausisse
336 1877 479 1912 Plinius
506 1878 585 1923 ipse
612 1879 856 1924 significauit3
891 1879 943 1913 sic
970 1879 1066 1913 enim
1095 1890 1180 1914 eum
1206 1879 1406 1915 conclusit:
1443 1881 1535 1924 ipse
1563 1882 1680 1916 Varro

136 1930 387 1965 humanarum
414 1933 678 1976 antiquitatum
706 1933 793 1975 VH,
820 1933 957 1967 Antias
975 1933 1132 1967 secundo
1153 1933 1263 1968 libros
1280 1934 1395 1976 fecisse
1415 1938 1446 1968 et
1467 1945 1497 1978 q.
1518 1946 1543 1968 s.
1578 1934 1678 1969 Roth

140 1983 256 2017 etiam
282 1984 319 2017 in
345 1983 439 2019 libro
461 1985 527 2019 XII
553 1985 631 2019 eius
658 1985 772 2021 uerba
797 1985 914 2020 latere
940 1986 1076 2030 posuit,
1105 1987 1144 2020 at
1172 1986 1258 2020 libri
1279 1986 1345 2020 XII
1366 1989 1400 2021 et
1420 1986 1514 2027 XIII,
1541 1987 1577 2021 in
1605 1999 1678 2030 quo

140 2035 350 2071 Tuditanus
378 2038 599 2072 nominatim
619 2051 694 2073 una
715 2050 797 2072 cum
819 2039 856 2073 L.
879 2039 1022 2082 Pisone,
1050 2040 1213 2082 Antiate,
1241 2039 1365 2074 Cassio
1392 2040 1562 2084 Hemina,
1584 2040 1678 2074 Var-

140 2100 229 2123 rone
255 2090 393 2125 citatus
419 2094 485 2133 est,
512 2093 671 2126 eundem
697 2092 860 2127 indicem
888 2094 1082 2127 auctorum
1108 2093 1327 2128 habuerunt.

238 2146 271 2187 3)
298 2144 506 2179 Ps.-Victor
537 2146 582 2180 de
614 2146 704 2191 orig.
726 2158 761 2190 g.
782 2146 824 2180 R.
848 2149 903 2188 10,
924 2150 945 2180 4
978 2147 1056 2181 eius
1089 2157 1223 2181 nomen
1256 2146 1318 2181 uel
1347 2147 1447 2191 apud
1474 2147 1677 2183 Varronem

139 2195 200 2230 uel
228 2198 327 2241 apud
355 2197 575 2243 Dionysium
600 2199 811 2242 inuenerat3
838 2200 912 2234 uid.
935 2211 1065 2235 comm.
1086 2211 1211 2234 meum
1236 2212 1270 2244 p.
1293 2203 1348 2234 88.
1371 2204 1425 2234 91.

235 2255 270 2294 4)
296 2250 380 2285 Non
401 2251 556 2287 habebit
575 2254 702 2287 tamen
722 2265 780 2287 me
800 2252 1065 2298 refragantem,
1087 2253 1117 2287 si
1137 2253 1231 2297 quis,
1259 2265 1341 2287 cum
1361 2253 1570 2288 Tuditanus
1591 2266 1677 2288 nus-

138 2313 252 2346 quam
279 2315 300 2337 a
325 2304 525 2340 Plutarcho
557 2305 750 2348 laudatus,
784 2306 911 2340 Liuius
943 2309 1070 2341 autem
1101 2307 1260 2340 multum
1292 2307 1329 2341 in
1364 2306 1566 2341 Flaminini
1596 2308 1677 2342 uita

136 2356 332 2391 adhibitus
353 2359 400 2392 sit
421 2360 492 2402 (De
511 2360 601 2402 font.
623 2360 723 2394 Plus.
745 2371 780 2404 p.
803 2361 861 2404 82>
887 2361 1000 2404 atque
1026 2360 1177 2394 easdem
1204 2360 1280 2394 fere
1307 2360 1486 2405 pecuniae
1513 2372 1676 2395 summas

139 2408 361 2445 indicauerit
383 2423 474 2456 quas
496 2412 730 2455 Plutarchus,
757 2412 936 2447 librorum
957 2414 1179 2457 scripturam
1207 2413 1241 2448 οἱ
1268 2414 1353 2457 περὶ
1372 2413 1437 2448 τὸν
1458 2414 1587 2448 ἰτανὸν
1614 2415 1675 2448 uel

138 2461 175 2497 οἱ
201 2464 285 2507 περὶ
310 2464 507 2500 τουιτανὸν
533 2467 736 2500 mutauerit
768 2467 835 2501 sic:
873 2466 908 2501 οἱ
933 2468 1017 2510 περὶ
1044 2467 1108 2501 τὸν
1138 2465 1265 2509 Τίτον,
1299 2467 1522 2513 intellegens
1549 2468 1674 2502 Titum

140 2515 297 2560 Liuium,
325 2518 388 2562 qui
416 2519 529 2553 etiam
557 2519 647 2555 Suu.
670 2524 689 2553 6
717 2520 768 2554 sic
796 2531 818 2554 a
843 2520 1044 2555 Plutarcho
1072 2520 1205 2555 citatus
1232 2522 1298 2554 est.

235 2573 270 2614 ὅ)
295 2572 396 2606 Inter
426 2572 524 2607 hunc
558 2572 817 2618 Sempronium
844 2573 1070 2608 Tuditanum
1100 2575 1137 2608 et
1163 2573 1420 2618 Sempronium
1446 2574 1672 2610 Asellionem

138 2622 201 2655 uix
223 2626 474 2660 controuersia
495 2626 563 2660 erit
590 2627 635 2660 de
662 2626 893 2671 fragmentis,
922 2638 1016 2671 quae
1038 2627 1107 2660 fuit
1133 2628 1318 2662 sententia
1338 2628 1488 2662 Krausii
1511 2631 1556 2673 [p.
1575 2631 1672 2671 178);

139 2686 235 2718 nam,
263 2680 304 2711 ut
330 2678 422 2713 alias
443 2679 695 2714 dubitationes
716 2683 872 2722 taceam,
899 2691 972 2714 uno
993 2680 1073 2715 loco
1095 2680 1265 2725 Dionysii
1285 2684 1451 2725 excepto,
1479 2693 1550 2725 quo
1573 2682 1673 2716 Sem-

138 2730 309 2772 pronium
331 2732 453 2767 adfert
474 2734 661 2767 auctorem
682 2734 734 2768 rei
755 2734 864 2768 modo
886 2734 1088 2769 secundum
1110 2733 1245 2768 Gaium
1265 2735 1523 2779 Sempronium
1544 2735 1672 2779 (Tudi-

139 2785 282 2825 tanum)
309 2787 499 2828 narratae,
535 2786 594 2821 hic
628 2797 773 2831 semper
800 2790 865 2821 aut
893 2787 929 2822 C.
951 2786 1190 2831 Sempronius
1217 2790 1283 2822 aut
1308 2788 1517 2822 Tuditanus
1545 2789 1671 2833 appel-

137 2834 253 2879 latur,
287 2838 483 2873 Asellionis
515 2840 695 2885 reliquiae
728 2851 854 2875 omnes
886 2840 953 2876 sub
981 2840 1178 2875 Asellionis
1204 2842 1354 2876 nomine
1381 2844 1548 2876 seruatae
1577 2845 1672 2875 sunt.
