2002 3342
270 194 469 224 cccmnv
609 179 672 213 DE
701 178 1005 213 SCRIPTORVM
1032 178 1154 213 vrris
1180 177 1241 212 ET
1268 177 1475 212 scatens

272 303 391 340 quam
415 294 453 330 in
478 292 648 329 croi-dio
677 290 842 329 Oenotri
861 290 999 339 frater
1020 290 1235 328 Peucetius
1256 290 1487 328 Peucetiam
1509 292 1807 328 nominaverat.

270 356 337 394 ubi
367 356 412 394 de
442 357 600 394 nomine
622 356 793 393 auctoris
820 355 889 393 1135
913 353 1115 393 adnotauit
1137 353 1419 405 discrepantias
1439 353 1673 392 Mommsen:
1702 352 1804 394 ‘lici-

271 425 396 460 niano
422 420 534 459 codd.
552 420 597 458 cl.
613 421 764 471 primae
781 415 951 472 <liciano
967 415 1026 472 L).
1054 420 1283 458 Luciuiauo
1305 418 1367 457 alt.
1384 418 1494 457 class.
1512 413 1751 472 (Latiniano
1767 419 1804 457 S.

272 490 426 526 lucinio
456 482 538 539 117)
579 484 721 536 quibus
749 484 928 535 heptadis
955 484 1176 522 Bonnensis
1209 485 1339 534 opinio
1373 484 1522 522 firmari
1552 483 1734 522 uideatur
1764 485 1803 522 in

274 552 411 589 Granii
438 551 632 589 Liciniani
668 550 898 599 fragmentis
931 548 994 587 illa
1020 548 1141 587 uerba
1168 551 1350 599 ponentis
1379 544 1538 602 (p.47).
1579 554 1616 587 at
1641 548 1805 587 eandem

274 629 358 655 rem
381 615 501 654 1131165
525 616 741 666 expositam
763 616 804 652 in
824 614 940 652 Plinii
962 613 1131 652 naturali
1150 613 1313 652 historia
1335 611 1373 664 3,
1386 610 1458 652 99:
1491 614 1639 653 Graeci
1653 614 1806 653 Messa-

269 684 380 731 piam
415 694 439 719 a
474 683 578 720 (luce
612 682 872 730 appellavere
905 686 942 718 et
975 684 1070 717 ante
1097 680 1331 717 Peucetiam
1363 691 1388 718 a
1419 680 1610 718 Peucetio
1644 679 1810 718 Oenotri

269 747 408 796 fratre
436 749 475 785 iu
507 747 730 785 Sallentino
758 756 871 793 aare.
910 744 1023 783 uides
1051 745 1171 794 igitur
1199 757 1244 782 ex
1273 757 1316 782 ea
1344 756 1441 795 quae
1469 743 1679 783 intercedit
1704 745 1809 782 inter

280 811 453 850 Plinium
481 817 519 850 et
545 811 721 849 Solinum
749 811 997 860 cognatione,
1030 809 1196 848 eundem
1225 815 1426 848 auctorem
1453 821 1539 848 esse
1567 808 1808 860 descriptum

280 891 299 915 a
327 876 454 915 Plinio
488 889 604 927 quem
638 889 658 915 a
686 875 829 915 Solino.
869 876 907 913 in
935 874 1052 912 Plinii
1086 880 1218 913 autem
1252 874 1477 913 auctoribus
1503 886 1581 912 non
1607 875 1810 912 inuenitur

276 941 446 981 Granius
473 942 717 991 Licinianus,
751 946 885 979 contra
919 940 1149 990 saepissime
1176 939 1224 977 ab
1253 952 1297 978 eo
1325 945 1384 978 est
1410 938 1607 978 adhibitus
1634 938 1810 977 Licinius

275 1007 500 1058 Mucianus,
533 1006 648 1046 modo
684 1008 740 1045 sic
775 1002 834 1059 (in
869 1005 946 1043 ind.
974 1004 1061 1043 libr.
1088 1004 1149 1043 III.
1171 1005 1229 1043 IV.
1251 1005 1290 1043 V.
1319 1005 1377 1043 vl.
1398 1004 1473 1042 Vll.
1507 1004 1536 1041 V
1558 1001 1624 1043 83.
1657 1004 1723 1042 VII
1743 1002 1813 1042 36.

280 1072 332 1111 IX
353 1070 446 1126 68),
475 1072 589 1111 modo
617 1071 849 1123 simpliciter
875 1070 1079 1109 Mucianus
1106 1069 1339 1121 appellatus,
1370 1071 1437 1120 qui
1464 1069 1607 1108 librum
1633 1069 1810 1108 Pliniano

281 1137 526 1176 simillimum
561 1137 607 1176 de
640 1136 809 1175 naturali
840 1136 1003 1174 historia
1037 1141 1311 1186 composuerat
1343 1140 1458 1185 atque
1493 1136 1609 1173 etiam
1638 1135 1678 1172 in
1706 1135 1814 1173 tertii

282 1203 376 1241 libri
403 1203 545 1253 indice,
571 1204 612 1240 in
634 1215 708 1253 quo
731 1201 795 1240 illa
817 1200 863 1239 de
884 1200 1099 1251 Messapiae
1120 1201 1280 1238 nomine
1307 1199 1469 1251 protulit
1488 1199 1650 1250 Plinius,
1677 1212 1811 1238 recen-

279 1275 399 1307 setur.
443 1270 574 1319 itaque
601 1267 733 1306 nullus
762 1266 907 1317 dubito,
935 1267 1028 1317 quin
1050 1265 1151 1316 apud
1174 1265 1350 1304 Solinum
1372 1278 1527 1316 quoque
1553 1265 1616 1303 hic
1637 1265 1812 1303 Licinius

278 1333 484 1372 Mucianus
513 1334 563 1371 sit
589 1330 880 1382 intellegendus
908 1337 946 1369 et
973 1330 1074 1381 apud
1105 1343 1193 1369 eum
1222 1336 1287 1369 aut.
1307 1331 1468 1369 Licinio
1490 1332 1539 1369 sit
1560 1329 1812 1368 scribendum

273 1405 358 1448 aut,
398 1398 502 1449 quod
533 1397 631 1436 mihi
663 1399 788 1448 magis
814 1396 958 1448 placet,
991 1396 1179 1439 Licini<0
1207 1394 1448 1447 Muci>ana
1488 1408 1585 1446 quae
1619 1397 1812 1446 scriptura

281 1466 416 1504 nescio
440 1476 485 1502 an
509 1462 809 1502 commendetur
829 1461 1074 1513 quorundam
1094 1461 1273 1500 codicum
1294 1462 1502 1512 scripturis
1522 1463 1730 1500 luciniano
1749 1460 1814 1499 uel

280 1532 483 1569 lulim'auo
504 1528 569 1567 1161
590 1531 753 1568 lucinio.
792 1539 918 1578 neque
941 1526 1153 1578 quidquam
1177 1526 1281 1565 ualet
1302 1532 1438 1565 contra
1457 1526 1558 1564 hanc
1579 1526 1813 1564 sententiam

283 1594 426 1634 Isidori
459 1595 686 1644 inscientia,
722 1594 789 1644 qui
821 1605 904 1631 rem
937 1593 1061 1643 ipsam
1096 1592 1143 1630 ad
1174 1591 1340 1630 uerbum
1370 1604 1416 1630 ex
1445 1591 1576 1630 Solino
1602 1590 1816 1640 transtulit,

281 1673 353 1712 pro
382 1660 553 1698 auctoris
574 1665 704 1697 tamen
726 1659 886 1696 nomine
907 1659 1041 1696 nescio
1063 1669 1181 1708 quem
1200 1657 1434 1695 historicum
1455 1658 1495 1695 in
1517 1657 1646 1695 animo
1666 1655 1814 1694 habens

279 1726 440 1776 scripsit
472 1726 655 1763 historiis
689 1722 754 1773 [an
786 1721 1035 1772 historicam
1060 1725 1211 1772 placet.
1257 1721 1336 1760 uid.
1358 1721 1436 1760 Vol.
1458 1721 1491 1760 II
1517 1734 1553 1772 p.
1574 1729 1815 1760 XC—XCII.

287 1787 532 1829 101—107.
572 1795 654 1827 tum
681 1800 777 1827 116Γο
804 1800 853 1826 ne
881 1787 982 1839 apud
1010 1800 1079 1826 nos
1107 1787 1264 1838 quidem
1286 1787 1332 1825 fr.
1348 1784 1403 1825 23
1430 1788 1516 1825 iure
1544 1786 1673 1824 locum
1700 1798 1815 1824 suum

283 1860 427 1894 seruat.
469 1859 528 1893 est
561 1855 665 1892 enim
694 1853 733 1892 C.
761 1852 887 1891 Clodii
920 1852 1046 1891 Licini
1081 1858 1119 1891 et
1150 1864 1254 1891 nunc
1288 1853 1373 1890 eius
1407 1852 1637 1902 fragmentis
1664 1848 1762 1904 (Vol.
1783 1851 1817 1889 II

287 1934 324 1972 p.
342 1916 416 1974 78)
446 1921 651 1970 insertum,
678 1918 717 1956 id
738 1918 842 1969 quod
862 1919 1068 1969 inscriptio
1090 1907 1238 1956 suadet.
1277 1930 1366 1956 nam
1387 1916 1538 1956 Nonius
1559 1929 1716 1968 semper
1738 1915 1816 1954 ‘Li-

286 1987 435 2024 cinium
450 1982 638 2023 Macrum'
663 1985 809 2022 citauit.
846 1985 958 2022 uncis
978 1989 1109 2021 tamen
1130 1982 1169 2021 id
1191 1984 1564 2033 circumscripsisse,
1592 1994 1640 2020 ne
1660 1983 1816 2020 numeri

282 2050 550 2100 turbarentur,
577 2050 699 2088 satius
726 2061 814 2087 esse
839 2050 987 2100 putaui.

372 2115 580 2154 Difficilius
608 2115 655 2153 lis
683 2120 743 2153 est
768 2113 988 2152 dirimenda
1014 2115 1117 2152 inter
1138 2113 1332 2152 Licinium
1353 2113 1527 2151 Macrum
1550 2118 1588 2151 et
1607 2112 1818 2150 Aemilium

281 2181 456 2220 Macrum
488 2185 661 2231 poetam,
698 2180 764 2230 qui
795 2178 899 2217 haud
928 2191 1015 2217 raro
1043 2180 1147 2217 inter
1173 2191 1214 2217 se
1242 2178 1396 2217 confusi
1423 2184 1524 2217 sunt.
1571 2183 1686 2228 atque
1714 2176 1817 2228 apud

281 2246 453 2284 Nonium
476 2244 634 2296 quidem
657 2240 707 2298 (5.
721 2257 758 2283 u.
779 2249 960 2296 prosecta
981 2257 1017 2295 p.
1030 2240 1136 2296 220)
1158 2243 1264 2282 nulla
1285 2249 1345 2282 est
1365 2243 1567 2294 dubitatio,
1594 2243 1700 2293 quin,
1728 2254 1816 2281 cum

284 2313 489 2351 Licinium
510 2311 700 2349 Macram
726 2313 768 2349 in
789 2311 1116 2358 Horuitlzoyoaia
1143 2310 1313 2359 afferret,
1339 2308 1527 2347 Nicandri
1553 2308 1664 2346 illum
1689 2309 1817 2346 imita·

282 2383 409 2415 torem
437 2377 518 2414 suis
544 2374 679 2414 uerbis
706 2371 997 2428 spoliaue1·it1),
1024 2387 1097 2413 nec
1125 2374 1227 2425 apud
1253 2373 1499 2412 Priscianum
1525 2368 1695 2426 (1122),
1722 2384 1817 2423 quo-

286 2444 391 2480 niam
413 2441 612 2479 annalium
634 2441 840 2491 inscriptio
863 2436 926 2493 (ut
946 2440 991 2478 fr.
1009 2436 1053 2493 7)
1075 2439 1203 2478 addita
1225 2444 1294 2477 est.
1328 2451 1422 2477 num
1442 2450 1538 2476 uero
1558 2438 1675 2476 Plinii
1695 2437 1821 2476 uerba-

288 2506 475 2546 mutanda
502 2508 592 2556 sint,
620 2507 889 2544 controuersia
918 2511 987 2544 est.
1026 2506 1067 2543 in
1094 2505 1211 2543 huius
1239 2505 1343 2542 enim
1364 2502 1561 2542 indicibus
1582 2502 1668 2541 libr.
1688 2501 1752 2541 IX.
1773 2501 1819 2540 X.

286 2571 349 2610 XI.
377 2571 477 2609 XVII
512 2576 638 2610 exstat
669 2571 824 2609 Aemilii
857 2571 978 2609 Macri
1010 2582 1172 2620 nomen,
1204 2574 1285 2608 tum
1313 2570 1353 2606 in
1380 2567 1458 2606 ind.
1486 2567 1573 2606 libr.
1600 2566 1698 2606 XIX.
1719 2566 1818 2605 XXI.

283 2636 401 2674 XXII.
424 2635 588 2674 XXVIII.
609 2635 743 2674 XXIX.
767 2635 881 2674 XXX.
904 2634 1043 2673 XXXII
1065 2634 1206 2673 Licinii
1222 2634 1353 2684 Macri,
1381 2645 1479 2684 quae
1502 2633 1656 2684 diuisio,
1683 2645 1819 2684 quam-

286 2714 401 2752 quam
436 2713 507 2752 per
540 2713 581 2739 se
615 2714 707 2740 sane
741 2703 839 2739 mira
867 2706 943 2751 est,
976 2706 1106 2739 tamen
1140 2712 1210 2738 nos
1246 2699 1292 2738 de
1320 2698 1511 2737 librorum
1540 2698 1819 2749 deprauatione

385 2835 417 2877 1)
444 2833 555 2877 Apud
570 2832 837 2867 Baehrensinm
857 2832 895 2866 in
916 2832 957 2867 fr.
980 2834 1078 2877 poet.
1100 2831 1204 2865 Rom.
1226 2832 1283 2865 est
1301 2830 1435 2865 Aemil.
1456 2829 1572 2864 Macri
1594 2829 1635 2864 fr.
1651 2834 1670 2863 3
1690 2841 1725 2874 p.
1739 2833 1818 2863 344.
