2002 3342
531 196 570 237 Q.
594 194 831 229 CLAVDIVS
859 194 1222 236 QVADRIGARIVS
1538 208 1639 239 ceu:

110 309 263 347 Liuium
298 320 368 359 per
395 307 572 345 diuersas
601 306 767 345 decades
795 306 869 344 sibi
904 318 980 343 non
1008 307 1232 344 constitisse
1259 305 1433 344 uidimus
1460 311 1496 344 et
1525 319 1639 344 usum

108 381 311 412 auctorum
341 385 411 424 per
438 385 514 422 eaS,
542 378 659 423 prout
686 378 861 422 tempora
889 376 928 409 et
954 370 1105 408 indoles
1133 383 1268 409 eorum
1295 370 1528 421 postulabat,
1556 383 1638 408 mu-

109 445 230 477 tatum
260 451 358 477 esse.
398 438 489 476 hinc
517 443 556 476 ut
586 449 742 475 causam
772 436 920 487 l’olybii
947 437 985 473 in
1015 438 1129 473 tertia
1157 435 1301 474 decade
1329 436 1461 486 semel,
1489 437 1527 474 in
1550 435 1639 474 sul»-

107 505 288 554 sequenti
321 508 459 553 quater
492 503 682 540 nominati
710 501 962 552 repetendam
991 513 1078 539 esse
1106 513 1209 539 nunc
1237 502 1431 551 omittam,
1466 514 1536 539 nos
1564 513 1639 538 non

107 569 289 619 oli'endet,
314 567 417 619 quod
439 567 624 606 Claudius
647 569 684 605 in
709 567 827 605 altera
850 566 1017 617 pentade
1038 565 1151 604 Liuio
1173 568 1211 604 in
1234 566 1413 605 manibus
1436 568 1509 605 suit
1530 562 1639 619 (nam

107 634 179 672 hoc
214 645 429 671 consensus
466 633 551 670 eius
585 645 673 670 cum
709 632 939 682 fragmentis
973 631 1129 669 aliunde
1163 631 1316 669 traditis
1348 628 1477 684 docet)
1512 645 1639 683 neque

108 706 236 737 tamen
264 699 487 737 nominatus
516 703 592 747 est,
629 698 707 736 nisi
734 704 776 736 ut
803 699 888 735 eius
914 698 1104 735 memoria
1131 709 1220 735 cum
1247 697 1320 734 alia
1347 696 1474 748 aliqua
1503 697 1639 735 collata

106 771 169 803 aut
199 765 416 802 reiceretur
445 769 511 801 aut
541 762 898 813 commendaretur,
928 764 965 800 in
987 763 1104 800 tertia
1125 767 1255 800 autem
1277 761 1421 800 decade
1443 763 1640 813 sepositus

109 842 182 868 uno
206 829 288 867 loco
309 841 385 867 una
402 841 491 866 cum
509 828 659 866 Valerio
681 828 896 878 inducitur,
918 829 1075 878 saepius
1097 829 1136 865 in
1153 831 1289 878 quarta
1311 828 1524 877 quintaque
1546 829 1639 866 item

107 907 229 945 paene
258 906 415 945 semper
443 889 530 946 (sex
559 893 655 931 locis
684 906 729 931 ex
758 890 928 945 septem)
958 905 1046 931 cum
1074 889 1259 943 eodem.1J

195 960 274 998 Iam
295 971 390 997 uero
412 971 483 1010 per
505 959 721 1009 fragmenta
739 958 949 997 Claudiana
971 970 1164 1009 nusquam
1184 957 1390 995 admiratio
1407 958 1491 996 eius
1512 960 1640 1007 gentis

108 1025 296 1076 perlucet,
324 1036 440 1075 quam
468 1024 568 1062 fastu
597 1036 666 1062 suo
689 1025 862 1062 caruisse
885 1035 999 1062 nemo
1022 1023 1168 1073 credet,
1195 1035 1266 1073 per
1286 1022 1488 1061 Valeriana
1511 1030 1640 1061 autem

110 1089 283 1128 Valeriae
312 1094 417 1127 certe
444 1101 522 1127 uno
551 1089 634 1127 loco
663 1086 727 1141 (t'r.
747 1086 838 1142 17),
871 1088 1050 1139 pluribus
1084 1090 1124 1126 in
1155 1089 1234 1126 uita
1261 1087 1497 1139 Poplicolae,
1525 1101 1639 1139 quam

107 1155 340 1194 Plutarchus
373 1153 589 1192 secundum
617 1155 811 1193 Antiatem
846 1150 1114 1205 composuit.2J
1155 1153 1295 1192 deinde
1328 1166 1451 1204 paene
1485 1166 1641 1204 semper

107 1220 242 1259 Liuius
257 1219 401 1258 Valerii
422 1221 601 1269 ingentes
634 1232 820 1258 numeros
846 1219 910 1258 uel
937 1218 1081 1257 inridet
1102 1218 1165 1257 uel
1194 1218 1341 1257 nullum
1365 1232 1453 1257 eum
1482 1219 1640 1258 modum

105 1284 323 1324 mentiendi
336 1284 520 1323 habuisse
536 1286 710 1334 grauiter
725 1286 878 1323 incusat
894 1297 1072 1336 raroque,
1085 1285 1396 1335 quotiescunque
1410 1297 1498 1322 eum
1515 1285 1639 1323 solum

106 1351 210 1400 citat,
225 1351 499 1400 incastigatum
521 1356 587 1388 aut
608 1362 686 1388 non
709 1351 919 1388 refutatum
937 1350 1097 1388 dimittit
1119 1345 1217 1403 (uid.
1234 1350 1334 1387 inl'ra
1351 1347 1639 1403 p.(¹(·CV[1sq.J

106 1421 144 1453 et
172 1427 219 1453 ne
248 1415 413 1453 aliorum
441 1414 601 1465 quidem
636 1415 892 1465 superlationi
923 1428 1011 1453 eum
1040 1416 1208 1453 cessisse
1235 1414 1372 1465 probat
1402 1420 1439 1453 et
1465 1417 1638 1465 agnoscit

104 1477 194 1533 (38,
210 1478 277 1530 23,
294 1477 330 1519 8.
359 1477 674 1527 1·1·.44.23.33J.
707 1479 858 1518 Claudii
880 1481 999 1529 igitur
1020 1479 1124 1530 quod
1145 1479 1327 1518 omnibus
1348 1480 1581 1518 criminibus
1603 1488 1638 1519 et

105 1545 328 1596 opprobriis
350 1557 390 1582 se
413 1545 613 1594 abstinuit,
641 1539 713 1583 etsi
741 1557 784 1583 ea
806 1557 921 1596 saepe
943 1558 1019 1583 non
1043 1547 1173 1583 minus
1194 1547 1360 1583 meritus
1382 1552 1476 1596 erat,
1505 1548 1536 1584 si
1558 1559 1639 1585 me-

107 1612 291 1649 minimus
314 1610 514 1660 Hellanici,
542 1610 699 1660 Ephori,
727 1610 888 1660 Timaei,
915 1610 1077 1661 Polybii,
1104 1611 1203 1649 hanc
1224 1610 1360 1649 iudicii
1385 1611 1638 1662 inaequalita-

106 1683 196 1726 tem,
223 1676 447 1714 seueritatis
468 1674 532 1713 uel
560 1675 733 1714 inuidiae
758 1677 797 1714 in
820 1675 1028 1726 Valerium,
1056 1677 1266 1726 patientiae
1287 1675 1351 1714 uel
1372 1676 1638 1726 indulgentiae

104 1743 144 1779 in
172 1741 395 1791 Claudium,
428 1742 479 1779 ita
507 1740 779 1791 expediemus,
813 1747 855 1779 ut
883 1754 971 1779 cum
999 1741 1115 1779 huius
1143 1741 1306 1779 historia
1335 1742 1410 1779 iam
1442 1754 1461 1779 a
1490 1742 1638 1781 Valerio

106 1808 199 1845 satis
227 1805 367 1844 acerbe
390 1805 585 1856 descripta
613 1806 808 1857 lectioque
830 1819 875 1844 ex
904 1806 1107 1844 hominum
1134 1806 1315 1845 manibus
1344 1807 1499 1857 repulsa
1523 1814 1638 1858 esset,

106 1871 261 1910 Liuium
284 1884 360 1909 non
382 1872 561 1909 timuisse
577 1870 765 1922 dicamus,
781 1884 829 1910 ne
851 1873 933 1910 suis
956 1871 1170 1910 luminibus
1185 1868 1423 1924 officeretssJ3
1444 1873 1638 1923 periculo-

105 1938 229 1975 siores
251 1938 355 1975 enim
377 1938 412 1975 ei
433 1948 520 1975 esse
540 1935 779 1975 uidebantur
799 1938 964 1975 Antiatis
986 1937 1070 1975 aliis
1093 1937 1309 1988 aptioribus
1330 1939 1425 1975 artis
1446 1939 1638 1977 oratoriae

107 2001 257 2040 deliciis
279 2008 487 2039 exornatae
508 2001 707 2052 historiae,
722 2007 765 2040 ut
780 2003 819 2040 in
836 2003 891 2040 eis
916 2001 1186 2040 examinandis
1202 2008 1240 2040 et
1255 2002 1466 2042 illudendis
1483 2016 1638 2042 omnem

105 2067 318 2105 sollertiam
346 2072 383 2104 et
410 2068 531 2105 aciem
560 2067 708 2117 ingenii
734 2067 809 2105 sibi
836 2067 1109 2118 praestandam
1138 2080 1224 2106 esse
1247 2067 1516 2106 arbitraretur.
1550 2068 1637 2107 ideo

105 2145 219 2171 suum
248 2144 334 2171 esse
361 2133 602 2170 existimauit
629 2131 832 2171 Claudium
862 2145 939 2171 non
967 2144 1155 2183 spernere
1185 2138 1222 2171 et
1247 2138 1454 2183 postquam
1481 2145 1571 2171 eum
1597 2135 1636 2172 in

104 2197 224 2236 altera
258 2197 424 2248 pentade
457 2202 654 2248 tamquam
683 2198 895 2236 multarum
928 2197 1211 2248 particularum
1239 2197 1378 2236 ducem
1405 2199 1637 2248 primarium

104 2268 263 2301 secutus
291 2267 367 2312 est,
394 2264 559 2301 Antiatis
587 2262 804 2300 mendaciis
831 2263 1004 2301 offensus
1033 2262 1079 2301 ad
1107 2275 1197 2301 eum
1225 2262 1354 2313 rediit,
1384 2270 1427 2301 ut
1454 2263 1637 2302 aduersa-

105 2329 206 2365 rium
235 2327 436 2378 suppleret
462 2333 528 2366 aut
555 2329 640 2365 eius
670 2327 784 2366 tidem
814 2327 1062 2377 diminueret,
1090 2334 1198 2366 certe
1221 2327 1503 2367 dubitationem
1527 2341 1636 2367 suam

203 2432 234 2474 1)
262 2430 384 2463 Etiam
418 2429 568 2463 Orosius
602 2430 647 2463 de
679 2429 799 2463 tribus
833 2430 908 2463 suis
940 2429 1032 2464 locis
1067 2429 1179 2463 semel
1212 2431 1412 2473 utrumque
1446 2431 1637 2464 coniunxit

104 2483 160 2526 (fr.
182 2486 251 2526 68).

201 2538 235 2573 2)
262 2536 345 2569 Vid.
367 2537 539 2570 Muenzer
566 2536 618 2570 De
645 2538 755 2581 gente
777 2536 928 2570 Valeria
955 2549 988 2581 1).
1006 2540 1142 2570 54—-71
1173 2537 1210 2570 et
1237 2537 1334 2570 infra
1354 2549 1388 2581 p.
1406 2549 1523 2571 cccxn
1539 2549 1591 2580 sq.

199 2591 233 2633 3)
261 2589 365 2623 Hanc
387 2590 501 2623 etiam
522 2589 656 2634 legem,
682 2601 793 2633 quam
816 2590 896 2633 ipse
916 2590 953 2623 in
976 2590 1134 2623 historia
1154 2591 1302 2623 secutus
1324 2592 1389 2631 est,
1411 2591 1637 2635 geographis

105 2641 282 2687 Polybius
307 2643 500 2687 praecepit
526 2645 597 2687 (34,
613 2647 645 2683 5,
664 2645 712 2687 lJ:
748 2644 930 2688 Πολύβιος
962 2643 1028 2687 τὴν
1056 2643 1241 2687 Εὐρώπην
1271 2650 1527 2688 χωρογραφών
1552 2645 1639 2685 τοὺς

105 2696 170 2739 μὲν
197 2695 375 2741 ἀρχαίους
402 2696 468 2731 ἐᾶν
495 2707 597 2740 φησι,
623 2697 709 2736 τοὺς
735 2694 772 2730 δ’
802 2695 968 2736 ἐκείνους
994 2696 1207 2740 ἐλέγχοντας
1234 2696 1422 2738 ἐξετάζειν,
1456 2696 1638 2739 Δικαίαρ-

105 2747 172 2794 χόν
198 2762 235 2783 τε
262 2749 325 2783 καὶ
349 2747 603 2794 Ἐρατοσθένη
630 2747 695 2784 τὸν
724 2752 934 2784 τελευταῖον
961 2748 1340 2794 πραγματευσάμενον
1367 2750 1449 2792 περὶ
1477 2764 1638 2795 γεωγρα-

106 2801 196 2844 φίας
233 2803 295 2835 καὶ
323 2802 494 2845 Πυθέαν,
526 2800 595 2846 ὑφ’
625 2800 668 2837 οὗ
702 2806 1046 2846 παρακρουσθῆναι
1077 2803 1234 2841 πολλούς
1260 2804 1332 2836 κτλ.
1361 2823 1402 2828 —
1432 2802 1638 2838 Cf.]1'al1r-

103 2856 175 2889 hait
202 2866 236 2889 u.
265 2855 389 2889 Kunst
416 2868 449 2900 p.
468 2859 624 2899 22sssqq.
653 2860 808 2900 356sqq.
