2002 3342
305 206 487 236 CCCXLH
637 193 699 227 DE
727 193 1032 228 SCRIPTORVM
1059 193 1181 227 VITIS
1208 194 1268 228 ET
1297 193 1504 229 SCRIPTIS

304 306 423 342 ticum
447 303 548 341 idem
570 303 763 355 iudicare3
790 309 873 342 erat
894 305 998 342 enim
1019 305 1055 342 ei
1076 304 1238 342 historia
1259 317 1356 355 opus
1377 306 1544 344 maxime
1565 303 1830 358 oratorium.1)

303 371 488 407 continuo
520 374 651 406 tamen
685 381 769 406 eam
796 368 951 407 laudem
980 368 1182 416 diminuitq
1222 382 1311 408 nam
1339 369 1441 408 idem
1468 370 1619 421 puerile
1646 370 1831 421 quiddam

303 445 391 472 eum
432 434 652 471 consectari
688 433 915 484 exprobrat,
954 439 996 472 ut
1031 447 1152 473 unum
1189 434 1427 473 Clitarchum
1464 447 1592 486 neque
1627 440 1832 486 praeterea

304 511 540 549 quemquam
569 498 614 536 de
643 497 803 536 Graecis
830 498 971 549 legisse
998 499 1192 549 uideatur,
1219 512 1335 550 quem
1358 501 1391 537 si
1412 499 1574 550 adsequi
1592 505 1737 551 posset,
1764 499 1831 538 ali-

302 569 490 613 quantum
518 563 564 601 ab
593 564 738 613 optimo
766 568 894 602 tamen
916 564 1082 603 abesset.
1122 566 1309 603 nimirum
1330 564 1378 602 ob
1399 564 1438 602 id
1459 565 1599 615 ipsum,
1627 563 1729 614 quod
1750 569 1833 603 erat

299 629 364 666 uir
391 628 528 667 doctus
555 630 792 680 optimisque
820 629 962 668 studiis
991 629 1156 679 deditus,
1186 630 1384 668 inusitatis
1412 634 1450 668 et
1476 626 1720 679 ‘longinque’
1746 630 1770 668 i.
1798 641 1830 667 e.

301 690 561 746 antiquitus2)
589 696 790 732 arcessitis
822 694 956 732 uerbis
990 700 1027 732 et
1059 700 1212 733 tumore
1240 694 1406 745 quodam
1436 689 1501 747 (fr.
1526 692 1619 732 104.
1647 690 1753 740 1⁸23)
1789 705 1830 732 se

301 758 478 809 iactabat,
506 758 574 797 sed
603 758 736 797 deerat
762 760 968 797 maturitas
995 765 1110 810 atque
1137 759 1326 798 iudicium
1349 759 1631 810 elegantiaque,
1658 758 1705 797 ob
1727 758 1831 810 quod

300 824 441 862 uitium
468 825 585 862 etiam
613 824 832 862 Clitarchus
860 837 879 862 a
907 824 1131 863 rhetoribus
1159 824 1319 863 Graecis
1347 819 1698 877 reprehenditur.3)

390 888 532 927 Verum
560 894 690 927 tamen
718 890 834 927 etiam
862 890 900 927 in
929 889 1001 927 alia
1029 901 1071 927 re
1099 889 1263 928 Sisenna
1291 888 1531 928 Clitarcbum
1558 890 1731 927 imitatus
1759 893 1830 928 est.

300 966 389 992 nam
411 959 453 992 ut
467 954 584 993 huius
599 954 758 1004 probari
772 956 987 1005 ingenium,
1009 953 1125 993 fidem
1141 955 1321 993 infamari
1337 954 1600 1000 Quintilianus
1617 949 1830 1007 (10‚1,74.

300 1019 348 1057 cf.
371 1018 448 1057 Cic.
471 1019 578 1057 Brut.
596 1016 752 1072 11‚42)
781 1020 989 1069 existimat,
1016 1021 1073 1058 sic
1092 1019 1157 1058 ille
1179 1020 1361 1059 Sallustio
1382 1032 1519 1070 parum
1541 1019 1666 1058 libero
1687 1031 1754 1057 ore
1775 1018 1831 1057 lo-

298 1089 414 1122 cutus
441 1083 611 1123 uidetur.
637 1081 813 1136 {uterque
842 1087 946 1123 enin]
968 1086 1008 1123 in
1034 1098 1112 1124 uno
1134 1085 1261 1136 aliquo
1282 1087 1369 1124 uiro
1391 1097 1506 1136 supra
1528 1084 1687 1123 modum
1709 1083 1830 1122 extol-

300 1148 414 1187 lendo
442 1148 676 1187 uersabatur
702 1151 910 1200 omniaque
938 1149 985 1188 ad
1013 1151 1096 1188 eius
1128 1151 1318 1189 uirtutem
1345 1150 1585 1200 gloriamque
1612 1148 1829 1200 augendam

300 1213 512 1264 dirigebat:
539 1215 652 1252 cuius
679 1213 799 1252 studii
821 1214 1007 1253 Clitarchi
1033 1215 1154 1253 multa
1176 1215 1352 1266 exempla
1380 1217 1419 1253 in
1445 1220 1628 1266 promptu
1652 1219 1754 1264 sunt,
1782 1213 1829 1252 de

300 1278 464 1317 Sisenna
492 1279 748 1329 reprehensio
771 1279 945 1317 Sallustii
973 1280 1154 1331 sufficiet,
1181 1293 1298 1331 quem
1319 1281 1403 1319 eius
1425 1280 1701 1318 admiratorem
1726 1278 1829 1317 haud

299 1343 467 1394 maligne
483 1343 678 1382 iudicasse
694 1345 727 1382 si
746 1344 956 1394 credimus,
971 1350 1159 1396 quantum
1180 1345 1289 1384 illum
1304 1347 1512 1384 ueritatem
1528 1356 1829 1395 supergressum

298 1421 384 1447 esse
407 1408 660 1459 putabimus?
687 1411 805 1447 etiam
830 1411 928 1448 ratio
955 1410 1141 1448 narrandi
1165 1410 1364 1449 simillima
1385 1411 1468 1449 suit.
1506 1422 1595 1448 nam
1615 1415 1660 1448 ut
1678 1409 1744 1448 ille
1769 1408 1830 1447 hi-

298 1475 459 1512 storiam
480 1475 520 1512 in
542 1474 691 1512 fabulae
721 1476 966 1513 romanensis
995 1476 1158 1514 formam
1188 1480 1411 1514 mutauerat
1437 1477 1622 1526 uariaque
1648 1475 1828 1513 ueritatis

298 1538 467 1577 ludibria
495 1539 689 1590 ediderat,
724 1541 780 1578 sic
813 1540 877 1578 hic
908 1542 1121 1579 memoriae
1154 1553 1246 1579 suae
1274 1540 1459 1579 felicitate
1486 1540 1631 1579 abusus
1659 1536 1828 1593 (Seneca

299 1609 420 1643 contr.
447 1602 466 1642 1
496 1605 615 1655 praef.
641 1601 713 1658 19)
747 1604 865 1643 rebus
898 1605 961 1643 uel
994 1607 1169 1644 minimis
1201 1612 1382 1645 accurate
1416 1606 1619 1657 explicatis
1655 1605 1827 1656 speeiem

296 1670 478 1707 ueritatis
511 1669 758 1708 obtendebat.
797 1670 894 1709 haec
926 1670 1077 1708 scilicet
1110 1671 1195 1709 eius
1228 1671 1413 1709 historiae
1447 1670 1625 1709 condicio
1652 1676 1751 1719 erat,
1784 1674 1827 1707 ut

298 1735 354 1772 eis
382 1733 512 1784 rebus,
540 1747 636 1785 quas
662 1734 917 1786 describeret,
945 1741 1010 1774 aut
1037 1737 1120 1786 ipse
1147 1737 1261 1774 testis
1284 1736 1462 1775 oculatus
1482 1737 1674 1774 interesse
1696 1740 1759 1773 aut
1781 1746 1827 1773 ex

298 1801 367 1849 eis,
395 1800 461 1850 qui
488 1800 759 1850 interfuerant,
788 1800 923 1839 audire
945 1806 1011 1839 aut
1032 1800 1233 1840 dictatoris
1260 1802 1385 1853 ipsius
1413 1802 1637 1839 testimonio
1665 1801 1737 1838 niti
1759 1812 1827 1851 po-

297 1866 428 1903 tuerit.
468 1865 587 1903 multa
604 1865 763 1916 quidem
778 1871 861 1904 tum
876 1866 1203 1923 aduersariorum
1217 1868 1372 1917 egregia
1394 1867 1567 1904 facinora
1588 1865 1827 1904 incelebrata

297 1931 489 1968 mansisse
514 1930 722 1969 Sallustius
749 1932 901 1969 monuit
934 1930 1000 1983 (sr.
1025 1928 1129 1981 1‚57
1147 1931 1211 1970 Kr.
1241 1929 1294 1971 88
1311 1931 1358 1970 M.
1393 1932 1439 1970 cf.
1461 1931 1568 1969 Kritz
1589 1944 1623 1982 p.
1641 1928 1694 1969 88
1708 1926 1825 1984 sqq).

297 1996 428 2045 itaque
454 1995 619 2034 Sisenna
641 2002 863 2047 contempta
891 1996 1125 2035 abundantia
1155 2003 1193 2035 et
1218 1998 1409 2036 uarietate
1437 1996 1589 2035 Claudii
1615 2003 1652 2034 et
1677 1996 1827 2045 Valerii,

296 2065 339 2098 ut
367 2059 541 2098 Coelium
570 2062 744 2099 imitatus
772 2067 855 2099 arte
883 2074 952 2100 sua
978 2063 1035 2100 uti
1062 2067 1212 2112 posset,
1245 2062 1403 2100 brevius
1437 2074 1628 2100 annorum
1658 2061 1826 2112 spatium

297 2125 549 2164 scribendum
572 2128 746 2177 suscepit
768 2132 816 2177 et,
838 2126 940 2178 quod
962 2139 1072 2165 suam
1094 2132 1259 2166 aetatem
1281 2127 1409 2178 elegit,
1438 2127 1532 2166 duas
1554 2139 1617 2165 res
1639 2138 1826 2164 consecu-

295 2195 359 2228 tus
388 2195 456 2240 est7
483 2195 526 2228 ut
552 2190 711 2241 gentilis
739 2193 801 2230 sui
828 2193 1027 2242 uirtutem,
1049 2205 1165 2243 quem
1187 2192 1234 2231 ad
1254 2192 1413 2231 modum
1429 2192 1649 2231 Clitarchus
1664 2191 1826 2229 Alexan-

298 2254 374 2305 dri,
408 2255 590 2294 omnibus
618 2259 859 2296 ornamentis
887 2257 1118 2308 depingeret
1143 2259 1369 2309 primasque
1402 2263 1534 2308 partes
1566 2262 1745 2308 agentem
1772 2256 1826 2294 fa-

297 2325 404 2358 ceret
432 2316 497 2368 (ef.
526 2321 571 2359 fr.
596 2318 716 2374 132),
752 2328 833 2360 tum
866 2328 908 2361 ut
942 2324 1009 2373 qui
1041 2322 1230 2373 legerent,
1262 2322 1479 2361 mendaciis
1512 2322 1754 2372 antiquitatis
1789 2326 1827 2360 et

296 2386 472 2434 gentium
495 2398 572 2424 non
594 2388 730 2425 infecti
754 2393 819 2426 aut
841 2387 1020 2426 deterriti
1047 2388 1219 2439 falsaque
1241 2389 1424 2438 opinione
1446 2388 1625 2438 occupati
1648 2385 1695 2424 ad
1717 2399 1826 2425 suam

394 2531 426 2573 1)
456 2531 642 2565 Wahrhez't
660 2542 694 2565 u.
717 2531 844 2566 Kunst
868 2543 902 2575 p.
920 2536 988 2565 330
999 2543 1077 2575 sqq.

392 2586 425 2624 2)
454 2582 513 2616 Sic
536 2583 635 2617 enim
662 2583 755 2618 haec
780 2595 852 2618 uox
879 2584 980 2628 apud
1001 2585 1224 2619 Frontonem
1252 2585 1300 2618 ad
1322 2584 1403 2618 Ver.
1422 2588 1452 2625 1,
1469 2587 1485 2617 1
1507 2595 1541 2627 p.
1560 2586 1626 2617 114
1647 2583 1825 2626 interpre-

298 2635 413 2668 tanda
440 2638 506 2678 est,
534 2636 579 2670 cf.
602 2636 674 2671 Cic.
696 2637 798 2671 Brut.
815 2641 870 2680 74,
885 2642 963 2672 259.
992 2638 1141 2672 Norden
1162 2650 1196 2682 p.
1214 2641 1291 2672 177.
1315 2641 1392 2671 188.

392 2692 427 2725 3)
454 2689 484 2722 Α
512 2689 686 2733 Dionysio
721 2689 781 2723 uel
816 2690 983 2736 Longino
1017 2691 1077 2735 (de
1097 2691 1245 2725 sublim.
1267 2695 1304 2733 3,
1326 2694 1377 2735 2):
1419 2691 1605 2734 φλοιώδης
1635 2689 1729 2734 ἀνὴρ
1762 2691 1827 2724 καὶ

297 2747 425 2784 φυσῶν
461 2742 556 2776 κατὰ
592 2741 656 2777 τὸν
691 2743 888 2788 Σοφοκλέα
924 2750 1066 2788 μικροῖς
1102 2744 1167 2788 μὲν
1203 2743 1423 2780 ἁύλίσκοισι.
1460 2744 1638 2788 φορβειᾶς
1673 2741 1708 2778 δ’
1739 2742 1825 2786 ἄτερ

296 2794 337 2839 [i.
360 2805 391 2828 e.
411 2795 560 2839 ingenio
582 2797 715 2838 tenuis,
742 2797 867 2831 uerbis
889 2797 1160 2843 immodestus]‚
1188 2808 1208 2831 a
1229 2797 1416 2831 Demetrio
1439 2797 1498 2839 (de
1519 2796 1653 2830 elocut.
1675 2798 1756 2839 304)
1783 2801 1826 2841 τῇ

295 2847 339 2882 δὲ
369 2847 551 2896 ὀνομασίᾳ
577 2849 753 2889 πολλάκις
782 2849 957 2896 χαρίεντα
983 2850 1182 2894 πράγματα
1209 2850 1298 2884 ὄντα
1325 2849 1570 2893 ἂτερπέστερα
1597 2848 1782 2893 φαίνεται.
