2002 3342
250 217 362 247 XXVI
814 202 1147 239 PROLEGOMEN
1150 204 1216 239 ΟΝ

250 315 386 364 abbas,
413 315 458 353 id
481 319 539 352 est
565 315 788 353 indictione
818 312 882 352 14.
928 320 965 353 et
992 315 1135 354 Manso
1164 319 1202 354 in
1231 318 1317 356 loco
1345 320 1431 356 eius
1457 321 1695 357 constitutus
1722 324 1780 358 est

249 380 406 427 abbate,
433 380 546 417 nobis
572 382 724 427 inuitis,
749 380 828 418 ltab
856 381 1012 418 Aloara
1029 383 1284 430 principissa
1311 394 1399 421 cum
1421 385 1508 429 filio
1533 395 1618 431 suo,
1645 385 1781 423 adhuc

240 456 350 493 puer
368 447 577 493 princeps.

338 506 434 547 992.
468 509 555 546 IIoc
587 520 694 547 anno
727 509 1003 559 Landenolfus
1028 513 1227 560 princeps
1263 512 1480 561 Capuanus
1511 525 1536 551 a
1567 516 1652 552 suis
1687 525 1779 552 cru—

249 574 393 612 deliter
418 573 658 623 interfectus
684 580 758 621 est,
794 579 831 613 et
858 574 1083 624 Laudolfus
1105 588 1327 624 qermanus
1352 579 1438 615 eius
1460 580 1659 626 princeps
1687 589 1780 616 con·

246 641 476 677 stituerunt.

336 703 378 741 In
407 702 549 753 quibus
576 704 679 741 notis
706 703 811 741 idem
838 709 897 742 est
923 717 1042 743 sonus
1070 706 1136 756 qui
1166 707 1205 744 in
1233 707 1289 744 eis
1317 706 1419 744 Liuii
1450 706 1646 758 partibus,
1680 720 1779 758 quae

248 769 321 806 etsi
353 780 431 806 non
465 780 511 806 ex
543 769 640 819 ipsis
673 769 903 819 pontificum
937 769 1161 822 annalibus,
1199 777 1329 809 tamen
1357 783 1403 809 ex
1431 773 1506 822 eis,
1545 773 1612 823 qui
1644 774 1780 823 paucis

247 832 365 872 rebus
399 838 438 871 et
469 833 603 872 uerbis
635 835 796 872 mutatis
829 846 875 872 ex
907 834 984 873 illis
1019 834 1207 886 descripti
1242 842 1351 885 sunt,
1390 837 1584 887 originem
1623 837 1780 876 trahere

246 898 444 937 uidentur.
485 898 662 949 exempla
688 899 784 937 haec
811 905 944 938 sunto:
962 895 994 950 1)

336 962 374 1014 2,
404 961 470 1015 16,
493 962 513 1002 1
545 961 661 1015 (505.
690 960 814 1016 :249j›:
865 965 1053 1004 Consules
1081 966 1134 1004 M.
1166 966 1351 1004 Valerius
1385 967 1428 1004 P.
1451 967 1689 1005 Postumius.
1734 978 1779 1006 eo

247 1040 353 1068 anno
375 1031 474 1068 bene
491 1034 721 1079 puqnatum
743 1042 832 1068 cum
856 1030 1029 1069 Sabinis.
1069 1033 1251 1069 consules
1272 1032 1587 1080 triumpharunt.
1626 1035 1782 1071 maiore

247 1096 342 1133 inde
369 1096 469 1133 mole
495 1095 640 1133 Sabini
666 1096 808 1133 bellum
827 1097 1051 1144 parabant.

336 1157 375 1210 2,
405 1157 470 1209 19,
495 1158 514 1197 1
547 1154 664 1212 (500.
686 1155 811 1213 254):
851 1161 1040 1199 Consules
1063 1161 1150 1199 Ser.
1167 1161 1372 1210 Sulpicius
1399 1162 1449 1200 Μ
1452 1164 1470 1200 '.
1491 1162 1652 1200 Tullius.
1680 1163 1785 1201 nihil

246 1226 412 1273 diqnum
446 1227 640 1264 memoria
676 1230 821 1264 actum.
872 1225 910 1264 T.
932 1226 1128 1264 Aebutius
1161 1227 1307 1265 deinde
1341 1232 1379 1265 et
1417 1227 1455 1265 C.
1480 1227 1674 1266 Vetusius.
1718 1228 1782 1266 his

246 1291 476 1329 consulibus
508 1291 690 1329 Fidenae
727 1291 930 1341 obsessae,
975 1291 1251 1329 Crustumeria
1289 1297 1429 1341 capta,
1470 1292 1691 1330 Praeneste
1729 1293 1779 1331 ab

244 1355 404 1394 Latinis
436 1357 492 1394 ad
522 1355 727 1394 Romanos
753 1357 936 1394 desciuit.
981 1368 1057 1394 nec
1082 1358 1192 1394 ultra
1219 1357 1362 1394 bellum
1388 1356 1579 1395 Latinum
1603 1359 1781 1405 yliscens

244 1423 326 1459 iam
342 1433 424 1470 per
451 1422 604 1469 aliquot
631 1431 758 1459 annos
785 1422 956 1459 dilatum
983 1426 1022 1459 et
1047 1433 1082 1471 q.
1105 1432 1133 1458 s.

334 1483 373 1536 2,
398 1483 467 1536 40,
491 1482 546 1524 14
571 1481 689 1538 (487.
717 1481 840 1537 267);
880 1486 1068 1524 Consules
1099 1486 1138 1525 T.
1161 1486 1342 1525 Sicinius
1367 1491 1406 1525 et
1430 1486 1468 1524 C.
1484 1488 1683 1535 Aquilius.
1718 1487 1779 1525 Si-

245 1553 352 1590 cinio
383 1551 523 1599 Volsci,
549 1552 712 1600 Aquilio
733 1551 907 1590 Hernici
927 1552 1039 1598 (nam
1065 1553 1097 1590 ii
1122 1563 1280 1600 quoque
1305 1554 1346 1590 in
1374 1554 1499 1590 armis
1525 1552 1660 1599 erant)
1678 1563 1779 1601 pro-

244 1618 384 1655 uincia
411 1618 557 1654 euenit.
592 1627 637 1654 eo
665 1627 772 1655 anno
798 1616 972 1655 Hernici
997 1618 1162 1665 deuicti,
1189 1628 1279 1655 cum
1309 1616 1458 1655 Volscis
1486 1627 1614 1666 aequo
1641 1617 1780 1655 Marte

245 1682 464 1720 discessum
490 1686 559 1719 est.

333 1743 372 1797 3,
398 1743 466 1796 31,
490 1743 511 1783 1
541 1741 658 1798 (456.
686 1743 809 1800 298);
843 1747 1002 1786 Deinde
1030 1747 1083 1785 M.
1109 1747 1310 1795 Valerius‘,
1337 1747 1403 1796 Sp.
1429 1747 1647 1795 Verqinius
1683 1758 1777 1786 con-

241 1813 349 1850 sules
370 1811 487 1860 facti.
539 1813 646 1850 domi
672 1812 859 1860 forisque
891 1815 1016 1851 otium
1044 1812 1150 1862 fuit;
1188 1823 1352 1851 annona
1374 1817 1551 1861 propter
1577 1824 1778 1860 aquarum

243 1878 518 1925 intemperiem
544 1878 774 1915 laboratum
801 1882 867 1916 est.
920 1879 970 1916 de
995 1878 1198 1916 Auentino
1223 1878 1479 1926 publicando
1505 1879 1590 1915 lata
1616 1879 1684 1916 lex
1709 1883 1777 1916 est.

244 1943 399 1980 tribuni
414 1942 549 1990 plebis
575 1943 679 1980 idem
707 1942 864 1991 refecti.

331 2004 370 2056 4,
391 2003 460 2057 30,
473 2004 502 2044 4
522 2002 639 2059 (325.
660 2003 784 2060 429):
811 2008 1057 2047 ConsulesL.
1074 1973 1241 2057 Sergius
1256 2008 1434 2047 Fidenas
1451 2010 1610 2057 iterum,
1629 2007 1778 2046 Hostus

242 2071 461 2110 Lucretius
491 2072 765 2121 Tricipitinus.
816 2074 922 2112 nihil
952 2074 1118 2122 dionunt
1145 2074 1256 2112 dictu
1284 2077 1420 2112 actum
1445 2073 1507 2111 liis
1535 2073 1776 2111 consuli.bus

241 2139 371 2175 secuti
397 2148 464 2175 eos
491 2140 675 2176 consules
701 2138 747 2176 A.
775 2138 987 2177 Cornelius
1018 2139 1178 2187 Cossus,
1210 2138 1248 2177 T.
1275 2138 1490 2184 Quinctius
1515 2138 1676 2176 Poenus
1704 2140 1775 2176 ite-

242 2213 344 2240 rum.
398 2202 581 2240 Veientes
613 2205 654 2241 in
688 2214 834 2251 ayrum
860 2204 1088 2242 Romanum
1118 2205 1382 2242 excursiones
1410 2203 1613 2253 fecerunt.
1660 2202 1776 2252 sama

237 2266 320 2316 fuit
346 2268 539 2315 quosdam
559 2279 610 2306 esc
630 2268 888 2307 Fidenatium
915 2271 1124 2308 iuuentute
1140 2271 1372 2318 participes
1392 2270 1480 2307 eius
1495 2269 1778 2317 populationis

339 2438 371 2480 1)
398 2435 568 2470 Niebuhr
592 2434 637 2469 H.
659 2435 699 2469 R.
727 2435 759 2469 ΙΙ
784 2446 818 2479 p.
842 2438 874 2468 5.
924 2435 1107 2470 Diodorus
1139 2435 1178 2469 in
1211 2434 1409 2469 annalibus
1437 2433 1513 2469 suis
1539 2433 1715 2468 Romanis
1742 2434 1774 2468 si

241 2489 435 2524 consulum
466 2488 572 2523 fastis
606 2487 749 2532 aliquid
786 2487 909 2531 addit,
947 2488 1068 2522 eidem
1098 2499 1217 2533 paene
1250 2499 1394 2532 semper
1424 2487 1603 2522 breuitati
1636 2487 1774 2529 studet,

241 2553 354 2586 quam
381 2553 491 2586 supra
517 2553 561 2576 ex
587 2541 695 2576 Liuio
720 2541 944 2576 notauimus.
991 2542 1035 2576 cf.
1057 2541 1211 2576 Nitzseh
1231 2541 1371 2576 Annal.
1397 2553 1434 2585 p.
1455 2544 1523 2575 202
1539 2552 1618 2584 sqq.
1646 2541 1775 2575 eontra

241 2595 341 2640 apud
361 2594 592 2639 Dionysium,
619 2605 712 2638 quas
731 2605 789 2628 res
813 2605 925 2639 supra
950 2595 1116 2629 breuiter
1140 2595 1326 2629 indicatas
1351 2594 1469 2637 uides,
1496 2593 1643 2637 copiose
1669 2604 1772 2627 enar-

239 2651 338 2683 ratas
374 2649 412 2682 et
446 2650 642 2682 exornatas
678 2647 784 2693 legis.
825 2648 869 2682 ef.
896 2649 1057 2682 maxime
1083 2648 1161 2683 Liu.
1184 2652 1215 2691 2,
1239 2652 1292 2690 16,
1316 2652 1333 2682 1
1372 2649 1409 2682 et
1440 2647 1545 2682 Dion.
1567 2650 1599 2689 5,
1621 2650 1772 2681 37—39.

239 2702 278 2736 L.
299 2706 331 2746 2,
355 2706 408 2745 19,
432 2706 448 2735 1
478 2703 515 2736 et
540 2701 583 2735 D.
604 2704 643 2744 5,
665 2705 815 2736 52—58.
853 2701 892 2736 L.
914 2706 952 2744 2,
973 2706 1015 2736 21
1044 2703 1082 2736 et
1107 2701 1149 2735 D.
1171 2705 1209 2744 5,
1230 2704 1364 2744 59-6,
1385 2704 1441 2735 34.
1475 2700 1513 2734 L.
1535 2703 1566 2743 2,
1587 2702 1644 2742 40,
1665 2704 1709 2734 14
1735 2701 1772 2734 et

240 2755 283 2789 D.
305 2759 337 2798 8,
359 2758 509 2798 64—68‚
536 2765 633 2798 quae
659 2754 829 2798 exempla
856 2755 992 2799 optime
1020 2757 1055 2789 et
1081 2754 1273 2789 annalium
1298 2753 1546 2788 maximorum
1572 2763 1771 2796 earumque

238 2809 488 2851 historiarum,
515 2818 610 2851 quae
636 2807 778 2852 primae
805 2818 827 2841 a
853 2807 1030 2842 Romanis
1056 2807 1219 2852 scriptae
1244 2808 1341 2851 sunt,
1366 2808 1409 2841 ut
1436 2806 1544 2841 Fabii
1570 2805 1772 2850 Cinciique,

238 2862 465 2897 breuitatem
490 2863 528 2896 et
552 2860 800 2906 posteriorum
823 2860 1078 2906 prolixitatem
1103 2860 1315 2896 inlustrant.
