2002 3342
601 200 638 233 L.
661 198 857 233 COELIVS
884 198 1158 232 ANTIPATER
1437 210 1643 240 ccxxxul

109 320 151 352 ut
180 314 331 352 Paulus
363 316 402 350 in
438 312 561 350 Coele'i
591 312 680 349 hist.
709 311 773 348 lib.
797 306 993 362 Inotat¹)
1029 315 1063 347 et
1093 322 1128 360 p.
1150 307 1231 348 126
1247 308 1289 346 K.
1324 321 1399 359 quo
1434 309 1516 347 loco
1550 309 1643 346 item

107 378 172 416 illa
210 377 284 416 duo
321 378 477 415 nomina
510 377 716 414 coniuncta
749 381 857 424 sunt,
893 386 1019 425 neque
1054 374 1206 425 dubito,
1243 375 1337 425 quin
1371 375 1487 412 etiam
1522 374 1643 412 ceteri

110 443 231 481 Coelii
260 442 345 491 loci,
373 453 469 492 quos
496 442 633 479 citauit
659 440 861 478 Charisius
889 436 976 492 (12.
1001 437 1065 477 15.
1088 437 1154 477 27.
1177 436 1264 489 60),
1293 452 1368 477 non
1397 451 1442 477 ex
1471 440 1555 489 ipso
1580 450 1644 477 ex-

108 509 232 559 cerpti
260 508 338 545 sint
365 505 433 545 sed
454 518 542 544 cum
564 506 888 556 interpretatione
910 517 954 542 ex
977 504 1086 543 Pauli
1109 504 1220 555 libro,
1248 506 1314 555 qui
1336 506 1452 543 etiam
1475 505 1514 542 in
1536 504 1644 542 Afra·

108 575 173 612 nio
200 572 367 611 similem
395 584 529 609 curam
564 572 742 621 posuisse
768 569 928 609 uidetur
955 565 1124 622 (Charis.
1147 568 1171 607 2-
1194 582 1229 620 p.
1246 567 1328 608 241
1348 569 1390 607 Κ.
1420 567 1644 619 ‘Spartam'

107 639 308 688 Afranius
329 640 367 675 ln
391 638 651 686 Aequale'bus,
679 648 797 684 quam
819 647 957 674 uocem
975 635 1214 684 frequenter
1235 637 1346 684 apud
1365 647 1454 673 eum
1466 637 1645 684 positam

107 707 165 742 ait
192 704 344 741 Paulus
370 698 690 752 ἑξουθενισμοῦ
723 704 801 739 uim
827 712 1064 748 sensumque
1089 696 1340 753 szcfferre).2)

198 767 299 806 Num
314 779 410 805 uero
426 771 583 817 praeter
597 765 701 804 hunc
717 765 879 804 Paulum
896 767 1012 804 etiam
1029 765 1094 803 alii
1109 766 1366 816 grammatici,
1382 777 1549 815 quorum
1563 770 1643 803 stu—

109 833 214 872 dium
231 833 321 871 talia
343 831 564 882 aucupandi
586 831 687 870 ultra
707 830 948 869 Hadrianum
972 830 1140 880 durauit,
1161 835 1204 868 ut
1219 829 1361 868 Statilii
1377 830 1545 880 Maximi,
1566 831 1644 868 sin-

107 899 300 950 gularium
314 897 415 949 apud
425 897 611 935 Catonem
625 896 902 935 etCiceronem
916 896 1158 946 interpretis,
1175 908 1219 933 ex
1231 894 1362 933 Coelio
1376 894 1494 933 uerba
1512 896 1644 945 singu-

107 964 200 1002 laria
222 963 383 1002 collecta
405 962 701 1013 explicauerint,
728 974 833 1000 nunc
855 961 1027 999 discerni
1049 962 1196 1012 nequit.
1231 960 1326 999 illud
1347 961 1413 998 uix
1436 961 1645 1011 quisquam

108 1028 310 1079 dubitabit,
325 1030 420 1079 quin
435 1027 467 1065 N
478 1029 587 1065 oniu
598 1040 633 1078 s,
649 1028 717 1077 qui
730 1026 937 1065 duodecim
952 1026 1049 1064 locis
1059 1026 1235 1065 Coelium
1248 1023 1643 1078 laudauitCannales'

107 1091 143 1133 5.
169 1092 204 1132 ἶ.
226 1091 263 1131 9.
286 1091 353 1131 23.
375 1091 442 1132 30.
465 1090 532 1131 38.
554 1090 622 1130 41.
643 1090 712 1130 43.
733 1090 802 1130 44.
823 1090 891 1130 423.
913 1090 981 1130 46.
1007 1088 1101 1144 57),
1140 1096 1205 1129 aut
1241 1091 1538 1141 Priscianus,
1578 1092 1645 1141 qui

108 1158 296 1197 tredecim
330 1155 580 1209 (‘l1ist01·ias’
609 1155 646 1196 2.
669 1155 706 1195 3.
727 1155 767 1196 4.
789 1155 825 1195 6.
855 1155 892 1196 8.
914 1155 982 1195 22.
1005 1154 1071 1195 26.
1093 1154 1161 1195 32.
1183 1153 1250 1195 36.
1273 1154 1326 1195 37
1356 1169 1387 1195 c.
1410 1153 1534 1208 adn.),
1568 1168 1645 1194 non

106 1225 235 1274 ipsum
263 1223 438 1262 Coelium
471 1224 743 1274 excerpserint
777 1222 845 1261 sed
873 1221 1038 1260 aliorum
1074 1222 1279 1260 thesauros
1307 1221 1493 1259 Hadriani
1521 1226 1645 1259 aetate

107 1289 332 1340 completos,
358 1290 397 1326 in
425 1288 569 1339 quihus
598 1288 786 1338 exempla,
815 1287 941 1338 qualia
970 1287 1237 1338 requirebant,
1271 1288 1348 1325 iam
1375 1291 1559 1337 congesta
1588 1287 1645 1324 in-

107 1356 300 1405 uenirent,
328 1354 598 1405 expilauerint.
638 1352 822 1403 idemque
845 1352 947 1391 cadit
974 1353 1014 1390 in
1037 1365 1115 1403 eos,
1143 1353 1210 1403 qui
1232 1359 1415 1403 excerpta
1436 1350 1645 1390 Bobiensia

109 1419 153 1457 de
181 1419 302 1457 uerbo
331 1416 396 1471 (fr.
421 1415 493 1472 16)
523 1424 561 1456 et
588 1418 734 1456 scholia
762 1417 920 1468 Vergilii
948 1417 1156 1456 Leidensia
1185 1423 1221 1455 et
1246 1417 1462 1456 Bernensia
1490 1429 1645 1467 compo-

107 1490 269 1523 suerunt
293 1481 358 1536 (fr.
380 1482 436 1523 35
458 1497 546 1522 cum
569 1481 688 1536 adn.),
711 1488 748 1521 et
769 1484 808 1521 in
829 1483 1117 1533 philargyrium
1139 1478 1248 1536 (48),
1275 1483 1343 1533 qui
1363 1481 1530 1533 singulis
1551 1481 1646 1519 locis

108 1549 229 1587 Coelii
255 1551 538 1599 meminerunt,
575 1548 743 1599 denique
771 1549 810 1586 in
839 1548 1076 1599 Seruium,
1110 1549 1176 1598 qui
1204 1549 1351 1598 septies
1379 1544 1466 1600 (31.
1489 1544 1556 1585 35.
1577 1544 1645 1585 52.

107 1612 175 1653 53.
197 1612 264 1653 54.
285 1612 354 1653 55.
376 1612 452 1667 58)
489 1619 554 1652 aut
589 1613 802 1652 uerborum
839 1618 905 1651 aut
940 1625 1073 1651 rerum
1107 1625 1223 1651 causa
1257 1612 1439 1651 Coeliana
1472 1611 1645 1663 protulit.

107 1679 384 1718 Martianum
413 1679 650 1729 Capellam
679 1678 803 1717 Coelii
835 1679 1014 1716 notitiam
1047 1677 1190 1716 debere
1217 1677 1344 1716 Plinio
1373 1674 1480 1730 (adn.
1503 1678 1547 1715 sr.
1570 1674 1645 1729 56)

107 1751 145 1784 et
165 1744 451 1783 Macrobium
473 1743 596 1782 Gellio
618 1739 724 1797 (adn.
746 1743 793 1782 fr.
815 1740 890 1796 25)
901 1739 934 1796 3)
963 1744 1002 1781 in
1025 1743 1273 1781 adnotatione
1296 1743 1531 1781 monuimus.
1572 1741 1646 1780 No-

106 1811 224 1849 minis
251 1811 371 1860 igitur
397 1810 587 1848 memoria
614 1822 634 1847 a
661 1809 928 1859 grammaticis
955 1814 1166 1859 propagata
1194 1813 1271 1859 est,
1302 1809 1386 1859 ipse
1413 1813 1543 1846 tamen
1570 1806 1647 1857 legi

108 1875 274 1925 desitus,
307 1887 434 1926 neque
469 1876 574 1913 inter
606 1874 825 1924 fragmenta
857 1874 1053 1912 Ammiani
1079 1873 1102 1912 l.
1127 1870 1198 1924 15,
1218 1870 1362 1924 10,1O
1394 1874 1545 1923 recepi,
1578 1871 1646 1910 ubi

106 1939 308 1979 Woelfflin
335 1936 578 1992 (Arzlz'oehos
599 1952 636 1978 u.
662 1940 819 1978 Coelius
838 1951 874 1990 p.
888 1935 964 1991 55)
992 1939 1122 1989 sagaci
1148 1938 1213 1976 illa
1237 1937 1395 1989 quidem
1418 1937 1487 1976 sed
1507 1950 1646 1989 parum

108 2006 219 2044 firma
241 2006 467 2043 coniectura
493 2006 578 2043 eius
594 2005 808 2055 uestigium
830 2003 1037 2054 indagasse
1059 2003 1133 2042 sibi
1154 2005 1265 2042 uisus
1287 2009 1361 2055 est3
1383 2016 1482 2054 quae
1505 2002 1551 2041 de
1572 2015 1646 2041 usu

109 2070 231 2108 Coelii
258 2069 360 2121 apud
380 2069 605 2120 Diodorum,
626 2069 797 2119 Florum,
825 2069 1070 2120 Eutropium,
1092 2068 1294 2107 Aurelium
1315 2069 1523 2118 Victorem,
1550 2067 1646 2106 Oro-

109 2137 210 2174 sium
239 2136 487 2174 coniecturae
514 2134 685 2185 prolatae
714 2140 816 2185 sunt,
843 2135 909 2172 uix
938 2133 985 2172 ad
1011 2136 1099 2173 ueri
1121 2133 1422 2172 similitudinem
1444 2132 1646 2171 accedunt.

199 2200 389 2251 Superest
414 2206 457 2239 ut
485 2200 536 2238 de
562 2200 846 2250 fragmentis
868 2212 956 2250 quo
985 2200 1089 2238 iure
1116 2212 1165 2237 ea
1194 2200 1541 2250 receperimus,
1570 2197 1646 2236 dis·

110 2271 303 2317 putemus.
344 2271 459 2316 atque
489 2265 534 2303 de
563 2266 618 2303 eis
646 2264 805 2315 quidem
834 2277 931 2315 quae
959 2277 1065 2303 num.
1084 2262 1227 2303 1---60
1254 2265 1548 2314 insigniuimus,
1580 2264 1645 2301 uix

207 2381 239 2423 1)
273 2379 325 2414 Cf.
354 2379 512 2414 similem
547 2379 746 2413 dictionem
781 2378 872 2413 Geli.
896 2382 1051 2421 6,9‚11:
1086 2379 1233 2413 Aelium
1260 2389 1397 2423 quoque
1426 2378 1647 2412 Tuberonem

111 2434 201 2468 libro
227 2433 276 2467 ad
299 2434 334 2468 C.
360 2434 517 2477 Oppium
543 2433 676 2476 scripto
705 2432 928 2467 'oceeeurrit'
957 2432 1104 2474 dimisse,
1131 2432 1275 2466 Probus
1295 2431 1491 2466 adnotauit
1511 2435 1542 2466 et
1561 2431 1647 2465 haec

110 2488 187 2522 eius
212 2486 325 2521 uerba
347 2488 490 2531 posuit:
515 2507 560 2511 —
581 2486 682 2520 Idem
703 2486 846 2520 Probus
868 2485 1054 2520 Valerium
1078 2486 1263 2520 Antiatem
1292 2485 1383 2520 libro
1409 2485 1646 2519 historiarum

112 2540 241 2575 XXII
254 2540 548 2584 ‘spepomlerant'
568 2539 755 2583 scripsisse
772 2540 971 2573 annotauit
988 2539 1169 2582 uerbaque
1182 2539 1260 2573 eius
1273 2539 1359 2573 haec
1372 2539 1514 2582 posuit:
1534 2537 1576 2572 fr.
1591 2540 1645 2571 57.

207 2595 240 2637 2)
268 2593 401 2627 Suidas
428 2593 477 2627 IV
497 2605 531 2637 p.
550 2596 615 2626 147
632 2592 739 2636 Bhdy
771 2591 809 2626 in
842 2594 983 2636 septem
1017 2591 1238 2635 scriptorum
1269 2602 1422 2625 numero
1450 2591 1513 2634 qui
1540 2590 1647 2625 Pauli

111 2657 244 2680 nomen
270 2648 474 2690 gesserunt,
503 2646 617 2681 etiam
644 2645 801 2679 Paulum
828 2645 1013 2688 quendam
1034 2644 1186 2688 Tyrium
1211 2644 1398 2679 rhetorem
1425 2644 1554 2686 adfert,
1582 2644 1645 2688 qui

111 2699 293 2733 Hadriani
321 2701 444 2733 aetate
467 2698 610 2745 Τέχνην
638 2696 848 2743 ῥητορικήν,
876 2697 1217 2742 Προγυμνάσματα,
1238 2697 1406 2737 ΙΠελέτας
1427 2697 1645 2741 composuit,

112 2752 176 2786 sed
203 2752 240 2785 in
265 2752 450 2786 neminem
481 2751 614 2786 melius
648 2751 710 2785 ille
738 2752 782 2785 de
811 2751 935 2786 Coelio
962 2751 1057 2785 liber
1083 2751 1265 2796 quadrare
1292 2752 1444 2785 uidetur
1470 2763 1581 2795 quam
1608 2750 1646 2783 in

113 2805 224 2839 Gellii
250 2805 455 2839 litteratum
483 2805 652 2840 amicum.

209 2862 241 2901 3„
268 2857 373 2892 Vnde
400 2858 538 2892 famam
566 2858 779 2893 Coelianam
806 2857 848 2892 fr.
867 2862 908 2892 17
937 2858 1092 2900 nouerit,
1119 2868 1192 2891 non
1218 2857 1344 2900 liquet.
