2002 3342
689 172 724 208 C.
747 171 948 206 LICINIVS
977 171 1146 206 MACER
1544 185 1710 217 CCCLIX

175 289 216 326 111
244 287 342 325 libro
369 286 401 325 ll
434 291 632 324 auctorem
667 284 868 336 professus
895 283 981 321 aliis
1012 283 1108 322 locis
1135 285 1251 323 tacite
1280 289 1494 339 exscripsit
1522 280 1588 338 (cs.
1610 286 1712 323 infra

177 366 211 403 p.
230 347 443 404 CCCLXII),
470 356 553 389 tum
579 362 674 388 uero
702 348 870 388 eundem
892 348 1014 387 semel
1042 350 1080 386 in
1109 349 1220 387 libris
1246 350 1302 388 IV.
1327 352 1383 390 VI.
1408 353 1472 392 Vll
1501 366 1588 392 cum
1611 351 1712 389 Lici-

177 419 240 455 nio
263 417 540 465 consociatum,
562 427 755 466 nusquam
777 420 992 465 praeterea,
1013 415 1140 464 primo
1162 414 1244 452 loco
1263 416 1327 467 (.f¹'·
1342 416 1427 470 18),
1450 425 1491 458 01
1512 421 1551 457 in
1573 429 1710 457 eorum

174 494 372 521 consensu
409 481 711 531 discrepantiam
748 478 943 530 quandam
982 484 1136 517 notaret
1170 479 1445 533 Liciniumque
1479 484 1711 535 praeferret,

175 548 317 586 ceteris
346 542 410 599 (fr.
429 543 493 584 19.
515 542 590 597 20)
617 550 659 583 ut
680 550 891 595 utrumque
911 550 1074 595 propter
1096 544 1383 595 neglegentiam
1406 550 1444 586 in
1467 548 1712 600 temporibus

177 611 410 651 definiendis
432 609 751 662 reprehenderet.
790 611 897 660 atqui
925 622 945 647 a
972 608 1247 660 probabilitate
1275 624 1346 661 per
1371 626 1411 651 50
1436 627 1506 652 1100
1528 613 1623 653 illud
1645 613 1710 652 ab·

175 678 308 716 horret
329 677 556 727 Dionysium
578 674 691 713 Gellii
718 676 983 725 cognitionem
1004 675 1163 713 omnino
1192 674 1341 715 Licinio
1365 677 1520 729 debere,
1542 691 1615 718 1100
1636 678 1711 717 1100

174 755 264 781 eum
293 742 535 781 dubitatione
562 753 631 779 sua
660 740 705 779 de
733 740 837 778 illius
865 741 1096 778 auctoritate
1119 735 1270 793 (11.16.
1296 738 1369 793 17)
1399 749 1547 782 motum
1576 743 1623 781 ad
1646 743 1707 781 Li-

174 809 322 846 cinium
356 807 559 846 defecisse.
598 818 738 844 uerum
771 811 901 843 tamen
928 804 1138 856 Dionysius
1171 804 1309 844 eadem
1341 812 1431 845 nota
1460 803 1707 861 (11:1920)

175 886 240 911 eos
267 873 525 923 uituperauit‚
557 876 599 910 ut
631 876 842 921 utrumque
877 872 912 908 ei
944 871 984 908 in
1019 869 1200 908 manibus
1234 871 1355 909 fuisse
1392 878 1430 911 et
1457 878 1522 911 aut
1549 873 1594 911 ab
1622 875 1707 924 ipso

174 946 236 977 301
266 951 285 976 3
312 939 427 976 tertio
454 936 583 987 aliquo
611 942 768 974 auctore
796 937 943 974 erroris
965 937 1190 974 conuictum
1220 948 1306 975 esse
1334 939 1421 976 ueri
1449 938 1617 976 similius
1646 940 1707 989 511,

172 1009 255 1042 tum
271 1002 448 1041 Bocksch
470 1001 648 1052 diligenti
670 1013 738 1039 sua
754 1000 1029 1052 disputatione,
1054 1013 1129 1051 qua
1150 1001 1293 1040 multas
1315 1002 1480 1041 aliorum
1502 1005 1707 1054 opiniones

172 1074 278 1106 recte
301 1068 497 1118 refutauit,
525 1079 568 1105 eo
596 1067 791 1118 peruenit,
818 1071 860 1104 ut
882 1079 952 1117 per
973 1065 1099 1117 ampla
1121 1068 1245 1118 spatia
1267 1067 1558 1119 archaeologiae
1580 1081 1706 1119 usque

172 1133 219 1171 ad
246 1133 389 1171 librum
411 1134 592 1183 quintum
613 1131 809 1170 Licinium
836 1133 964 1183 primo
992 1131 1075 1170 1000
1104 1133 1143 1170 111
1170 1144 1286 1171 usum
1313 1139 1495 1172 uocatum
1521 1146 1607 1172 esse
1630 1140 1706 1173 sta-

171 1204 311 1248 tueret,
339 1197 478 1236 deinde
505 1209 601 1236 uero
628 1209 705 1235 non
733 1198 861 1247 ipsum
884 1196 953 1235 sed
974 1196 1092 1235 alium
1115 1199 1362 1249 scriptorem,
1389 1200 1457 1249 qui
1478 1211 1522 1238 eo
1546 1205 1704 1238 auctore

169 1275 265 1302 usus
293 1268 408 1301 esset.
448 1262 552 1313 quod
579 1264 612 1301 si
639 1275 679 1300 se
708 1268 813 1300 recte
844 1261 976 1309 habet,
1013 1262 1112 1300 nibil
1139 1262 1284 1313 obstat,
1324 1276 1399 1314 quo
1427 1265 1558 1303 minus
1585 1264 1705 1303 simili

171 1330 319 1367 ratione
347 1341 366 1367 a
393 1328 578 1378 Dionysio
604 1328 730 1378 primo
759 1326 927 1365 Gellium
955 1327 1082 1365 solum
1110 1327 1327 1366 adhibitum
1355 1341 1459 1378 0550,
1495 1329 1635 1368 (10111ᾶο
1665 1331 1705 1368 111

170 1393 257 1432 libr.
280 1393 318 1431 V.
342 1393 398 1432 vl.
420 1393 495 1444 vll,
517 1405 606 1431 cum
628 1405 716 1431 cum
738 1392 888 1430 Licinio
911 1399 1159 1443 comparatus
1181 1399 1296 1443 esset,
1318 1399 1383 1432 aut
1402 1400 1614 1445 utrumque
1635 1407 1706 1433 no-

169 1460 360 1497 minatum
389 1454 505 1512 (476)
535 1464 600 1497 aut
627 1457 754 1496 solum
781 1457 977 1497 Licinium
1005 1455 1152 1511 (5,47;
1175 1454 1263 1512 74),
1292 1458 1461 1510 denique
1489 1461 1530 1497 in
1558 1462 1703 1498 ceteris

169 1524 280 1563 libris
302 1520 368 1577 (Vl
391 1525 433 1562 sr.
450 1522 514 1562 11.
542 1523 606 1562 Vll
627 1524 672 1562 fr.
689 1520 760 1576 12)
781 1529 992 1574 utrumque
1014 1529 1176 1574 propter
1196 1523 1483 1574 neglegentiam
1507 1525 1552 1563 de
1574 1527 1701 1576 primo

169 1589 252 1628 1000
274 1591 489 1640 sepositum
510 1601 595 1628 esse
617 1601 849 1627 censeamus
871 1584 1054 1642 (01111113
1069 1601 1104 1639 p.
1122 1597 1307 1627 CCCLXII
1323 1586 1411 1641 sq).
1448 1590 1521 1628 1100
1543 1590 1703 1641 quidem

168 1661 319 1693 constat
343 1655 537 1693 Licinium
559 1653 726 1692 Gellium
753 1655 805 1692 ita
833 1659 1012 1692 secutum
1034 1666 1132 1705 esse,
1159 1660 1203 1693 ut
1223 1653 1432 1705 Dionysius
1454 1667 1590 1694 eorum
1613 1668 1702 1694 auc-

167 1722 346 1759 toritates
380 1721 617 1770 coniungere
650 1725 687 1758 et
716 1731 878 1770 perraro
906 1718 1189 1770 discrepantias
1217 1719 1263 1758 de
1291 1719 1447 1759 leuibus
1475 1720 1594 1759 rebus
1621 1723 1702 1759 ani-

166 1785 417 1824 maduertere
451 1790 595 1836 posset.
647 1784 751 1836 quod
787 1790 916 1823 autem
953 1784 1027 1822 1100
1063 1786 1312 1835 potissimum
1352 1798 1423 1836 par
1463 1787 1702 1836 scriptorum

166 1850 296 1901 elegit,
324 1852 473 1889 ratione
500 1853 579 1889 τοῦ
606 1849 768 1896 εἰκότος
795 1850 942 1888 factum
969 1855 1040 1899 051,
1068 1862 1183 1900 quam
1208 1851 1248 1888 in
1271 1849 1337 1888 Cn.
1361 1850 1475 1889 Gellii
1496 1851 1703 1890 annalibus

165 1917 375 1955 inuenerat
401 1922 437 1954 et
465 1915 638 1954 laudauit
665 1912 805 1968 (2‚31.
833 1916 879 1953 fr.
899 1911 985 1969 11),
1013 1927 1089 1966 (1110
1118 1915 1257 1954 eodem
1286 1915 1414 1954 studio
1438 1915 1579 1955 ductus
1600 1916 1702 1955 Lici-

166 1983 255 2020 nius
284 1981 425 2020 fabulis
445 1980 626 2020 Fabianis
654 1982 797 2031 spretis
824 1980 870 2018 ab
897 1982 1011 2019 initio
1032 1992 1096 2019 res
1117 1980 1312 2020 Romanas
1338 1983 1537 2032 pertexuit
1559 1978 1625 2035 (fr.
1645 1979 1702 2036 1).

164 2046 369 2084 socordiae
397 2052 526 2084 autem
554 2059 644 2085 eum
670 2045 758 2084 ideo
786 2058 875 2084 cum
895 2045 1080 2096 Dionysio
1108 2058 1186 2084 non
1208 2046 1570 2097 condemnabimus,
1598 2047 1702 2098 quod

166 2124 255 2149 cum
278 2111 400 2150 Gellio
420 2111 679 2162 Tarquinium
702 2110 923 2162 Superbum
945 2112 984 2149 in
1005 2123 1135 2162 pugna
1156 2111 1372 2162 Regillensi
1392 2113 1702 2163 nonagenarium

164 2176 212 2215 ab
247 2178 378 2228 equite
411 2176 636 2215 conflixisse
670 2178 845 2215 narrauit
872 2172 1028 2229 (11:11)
1057 2182 1122 2215 301
1157 2176 1304 2227 legatos
1331 2176 1525 2215 Romanos
1553 2190 1584 2215 a.
1600 2175 1699 2216 492.

166 2239 251 2280 262
273 2242 477 2293 Syracusis
497 2242 726 2293 Dionysium
754 2247 983 2292 regnantem
1005 2238 1071 2295 (fr.
1091 2238 1163 2295 12)
1190 2243 1404 2281 inuenisse.
1445 2255 1560 2293 quam
1582 2255 1699 2293 saepe

164 2308 249 2358 ipse
278 2309 317 2345 111
344 2307 449 2346 idem
477 2309 626 2346 crimen
656 2307 841 2346 incurrit!

254 2372 430 2424 Denique
462 2379 503 2411 ut
534 2372 637 2411 unde
665 2374 795 2411 exorsi
822 2385 958 2411 sumus
986 2371 1205 2423 redeamus,
1233 2371 1430 2410 Licinium
1457 2374 1697 2423 antiquario-

166 2449 252 2475 rum
281 2438 506 2477 recentibus
534 2438 674 2477 studiis
702 2444 739 2476 et
767 2437 942 2476 doctrina
976 2439 1213 2476 instructum
1245 2437 1345 2475 ultra
1375 2438 1473 2476 fines
1500 2438 1700 2476 annalium

164 2503 402 2554 scriptorum
429 2509 635 2554 euagatum
664 2504 780 2542 etiam
808 2508 1061 2541 monumenta
1089 2502 1164 2541 illis
1192 2503 1383 2553 patefacta
1409 2505 1698 2554 conquisiuisse

165 2589 220 2593 —-
248 2579 337 2605 nam
366 2567 412 2606 de
440 2567 610 2606 foederis
631 2567 832 2606 Ardeatini
858 2569 1025 2606 ueritate
1052 2580 1100 2606 ne
1123 2567 1338 2606 Mommsen
1362 2568 1519 2619 quidem
1543 2563 1698 2622 (chron.

164 2644 200 2682 p.
217 2628 291 2684 94)
321 2631 513 2671 dubitauit
533 2655 590 2660 -
618 2632 823 2683 denuoque
851 2632 1057 2671 Niebubrii
1085 2632 1219 2671 laudes
1247 2634 1496 2671 confirmatas
1524 2646 1610 2672 esse
1633 2634 1699 2672 de-

164 2703 405 2736 monstrasse
431 2697 543 2736 nobis
569 2697 770 2748 uidemur,
803 2711 898 2749 quas
926 2699 1042 2736 etiam
1072 2697 1303 2736 Gutschmid
1324 2711 1360 2749 p.
1375 2695 1479 2750 535,
1513 2699 1699 2737 Schanzl

161 2757 210 2799 2³
230 2775 265 2812 p.
286 2759 379 2807 109,
408 2762 471 2800 alii
499 2762 880 2813 redintegraucrunt.

254 2827 333 2878 lpsi
360 2829 525 2878 primam
553 2829 637 2866 eius
664 2828 919 2867 historiarum
947 2829 1124 2867 notitiam
1158 2828 1347 2867 habemus
1375 2828 1477 2879 apud
1504 2828 1698 2867 Cicero-
