2002 3342
595 760 912 808 VALERIVS
946 761 1225 827 ANTIAS1)

229 870 335 916 Quae
369 881 486 920 supra
521 868 566 907 de
594 868 637 914 Q.
666 868 816 908 Claudii
843 868 1092 920 Quadrigarii
1120 876 1245 909 aetate
1273 883 1317 909 ac
1344 872 1423 909 uita
1451 873 1675 910 testimonia

140 948 263 988 pauca
285 941 322 974 et
343 936 492 973 incerta
514 934 626 973 allata
648 940 740 973 sunt
753 931 808 986 (p.
825 932 1073 988 CCLXXXV)‚
1089 948 1194 974 nunc
1209 935 1257 975 ad
1269 935 1464 975 Valerium
1479 936 1674 975 Antiatem

139 1000 396 1053 pergentibus
423 999 535 1038 nobis
562 1001 706 1038 iterum
734 999 955 1038 adhibenda
975 1006 1067 1039 sunt.
1088 1006 1127 1039 et
1146 1007 1189 1039 ut
1215 1000 1295 1040 illic
1317 1002 1374 1040 sic
1395 1003 1512 1040 etiam
1532 1002 1597 1040 hic
1619 1004 1675 1041 eis

141 1065 487 1118 adquiescendum.
527 1065 630 1104 Vixit
663 1066 783 1115 igitur
814 1070 980 1116 uterque
1009 1065 1145 1104 eadem
1174 1078 1249 1117 qua
1276 1066 1482 1105 Cornelius
1510 1067 1675 1106 Sisenna

139 1137 276 1182 aetate,
303 1132 357 1169 ita
384 1136 512 1170 tamen
534 1137 577 1169 ut
597 1131 742 1180 Antias,
770 1131 954 1181 quoniam
984 1136 1021 1169 et
1042 1143 1062 1169 a
1084 1131 1228 1170 Velleio
1250 1137 1289 1170 et
1310 1144 1329 1170 a
1351 1131 1547 1171 Frontone
1567 1132 1674 1171 illius

139 1198 277 1236 aetatis
311 1196 521 1235 historicos
555 1195 878 1235 enumerantibus
910 1201 999 1247 post
1026 1196 1232 1235 Claudium
1267 1203 1515 1248 recensetur,
1549 1203 1673 1236 aetate

139 1261 300 1301 Claudio
321 1262 485 1300 inferior
506 1262 628 1300 fuisse
649 1260 832 1300 uideatur
847 1256 946 1315 (uid.
962 1262 1061 1300 infra
1075 1274 1112 1313 p.
1128 1270 1264 1301 CCCXJ
1279 1259 1395 1315 sqq).
1419 1262 1521 1313 quod
1542 1269 1672 1302 autem

140 1327 293 1366 Claudii
332 1326 531 1365 annalium
569 1328 739 1377 uestigia
779 1326 1023 1366 descendunt
1060 1340 1184 1378 usque
1224 1327 1270 1366 ad
1307 1340 1453 1366 annum
1492 1325 1559 1367 82.
1588 1325 1673 1366 67⁶.)

138 1388 203 1444 (fr.
227 1389 320 1445 84),
347 1392 465 1431 huius
492 1404 617 1443 usque
645 1391 692 1430 ad
719 1389 834 1430 a.91.
856 1390 941 1431 663
965 1388 1031 1445 (fr.
1054 1389 1148 1446 64),
1176 1394 1335 1431 omnino
1360 1394 1526 1432 Antiatis
1553 1393 1672 1432 libro-

137 1469 225 1496 rum
251 1459 515 1509 posteriorum
542 1457 733 1508 reliquiae
760 1457 883 1496 multo
908 1459 1080 1496 rariores
1102 1464 1193 1497 sunt
1214 1470 1329 1509 quam
1351 1458 1613 1510 Quadrigarii.

226 1522 332 1568 Quae
360 1528 563 1574 praeterea
586 1522 631 1560 de
654 1534 698 1560 eo
720 1522 822 1573 apud
848 1522 1071 1574 plerosque,
1098 1525 1164 1574 qui
1187 1523 1233 1562 de
1256 1536 1300 1562 eo
1322 1529 1498 1575 egerunt,
1526 1526 1671 1575 scripta

136 1594 308 1638 exstant,
341 1589 447 1626 omni
474 1587 728 1626 fundamento
756 1594 908 1627 carent:
941 1589 1113 1639 primum
1140 1588 1275 1634 Quinti
1302 1601 1561 1641 praenomen,
1594 1602 1670 1641 quo

136 1652 296 1692 Vossius
324 1666 413 1692 eum
446 1653 551 1692 nulla
585 1654 816 1692 auctoritate
847 1654 1055 1704 insigniuit
1093 1655 1293 1705 ceterique
1320 1667 1446 1706 usque
1474 1654 1521 1693 ad
1548 1654 1671 1693 Krau-

135 1719 237 1757 sium
264 1715 319 1772 (p.
335 1714 440 1771 266)
469 1724 507 1757 et
533 1717 768 1757 Clossetium
790 1715 845 1772 (p.
867 1715 986 1773 503),
1014 1724 1080 1758 aut
1098 1718 1240 1770 Publii,
1267 1719 1371 1770 quod
1399 1720 1584 1759 Schottus
1605 1732 1669 1759 ex-

134 1785 321 1835 cogitauit
341 1781 409 1837 (cf.
431 1783 608 1823 Liebaldt
629 1797 664 1835 p.
680 1780 744 1837 2);
773 1790 855 1822 tum
882 1789 1066 1835 praetura
1092 1785 1185 1822 anni
1206 1782 1273 1823 84.
1296 1782 1394 1835 670,
1422 1798 1497 1836 qua
1517 1784 1667 1824 Krause

134 1845 176 1901 (l.
199 1846 248 1902 s.)
276 1862 365 1888 eum
387 1851 554 1900 ornauit,
583 1862 718 1888 errore
739 1849 981 1888 Lachmanni
1002 1845 1076 1903 (De
1097 1850 1190 1888 font.
1212 1849 1296 1888 Liu.
1318 1849 1333 1888 1
1354 1863 1389 1900 p.
1407 1847 1460 1889 37
1485 1863 1521 1889 n.
1536 1847 1583 1905 4>
1610 1852 1669 1889 in·

135 1911 324 1968 duetus2)
360 1914 540 1966 denique,
563 1914 666 1966 quod
693 1915 854 1953 fuerunt
875 1916 942 1966 qui
961 1920 1126 1966 propter
1146 1927 1362 1965 cognomen
1384 1915 1670 1955 contenderent

132 1992 222 2018 eum
248 1981 355 2018 Antii
381 1986 515 2019 natum
536 1980 698 2018 Romam
725 1981 928 2031 migrasse,
954 1980 995 2018 hi
1021 1992 1098 2019 non
1125 1979 1312 2019 uiderunt
1338 1981 1417 2019 iam
1443 1980 1544 2020 bello
1566 1981 1667 2020 Han·

132 2045 301 2084 nibalico
329 2058 430 2084 anno
450 2043 548 2084 215.
571 2043 655 2084 539
678 2045 718 2085 L.
739 2045 938 2084 Valerium
964 2045 1160 2097 quendam
1181 2046 1376 2084 Antiatem
1404 2048 1577 2098 quinque
1599 2060 1665 2085 na-

132 2110 248 2149 uibus
269 2111 512 2162 praefectum
534 2123 632 2162 esse,
659 2116 703 2150 ut
722 2111 870 2161 legatos
892 2117 1026 2162 captos
1046 2110 1215 2150 Romam
1232 2110 1456 2162 deportaret
1477 2108 1580 2164 (Liu.
1596 2109 1665 2163 23,

132 2173 200 2226 34,
217 2172 325 2230 9)3),
360 2175 483 2227 unde,
519 2177 609 2227 quia
642 2182 725 2215 tum
759 2175 805 2215 M.
826 2176 1003 2215 Valerius
1031 2176 1228 2215 Laeuinus
1262 2178 1302 2215 in
1336 2176 1444 2215 Italia
1478 2177 1665 2216 inferiore

131 2246 313 2291 praetura
336 2241 582 2292 fungebatur,
609 2241 649 2279 P.
664 2241 841 2280 Valerius
862 2241 1025 2280 Flaccus
1046 2247 1175 2280 autem
1197 2241 1349 2292 legatus
1371 2241 1533 2280 Laeuini
1552 2255 1664 2293 prae-

131 2306 334 2357 fectusque
369 2306 505 2346 classis
539 2308 712 2358 quinque
747 2306 823 2345 illis
854 2306 1021 2346 nauibus
1048 2308 1242 2345 Antiatem
1270 2319 1454 2357 praeesse
1481 2308 1663 2359 iusserat,

228 2447 260 2487 1)
287 2444 458 2478 Liebaldt
478 2445 535 2479 De
551 2445 693 2480 Valerio
714 2446 866 2480 Antiate
886 2446 1079 2480 annalium
1099 2446 1284 2489 scriptore,
1309 2456 1432 2489 progr.
1452 2444 1661 2492 Numburg.

132 2500 232 2531 1840.
272 2496 493 2531 Gutschmid
520 2497 652 2533 Kleisne
671 2498 854 2541 Schriften
876 2498 905 2530 V
926 2510 960 2542 p.
977 2501 1175 2532 526—531.
1210 2498 1268 2532 Fr.
1285 2497 1458 2532 Muenzer
1484 2499 1542 2534 De
1561 2504 1663 2545 qente

130 2550 276 2584 Valeria
297 2550 454 2594 (dissert.
476 2550 594 2585 Berol.
611 2554 717 2596 1891)
736 2563 773 2596 p.
788 2555 940 2586 54-71,

224 2605 258 2646 2)
287 2602 433 2638 Cadunt
458 2604 574 2650 igitur
600 2604 714 2638 etiam
740 2615 835 2648 quae
856 2604 998 2639 Krause
1026 2605 1071 2639 de
1098 2615 1206 2646 anno,
1233 2616 1306 2648 quo
1332 2606 1443 2639 natus
1470 2607 1566 2640 esset
1585 2606 1659 2640 An-

127 2656 211 2698 tias,
239 2656 404 2691 effecisse
431 2657 503 2691 sibi
529 2658 632 2692 uisus
659 2660 724 2692 est.

223 2712 256 2753 3)
283 2709 438 2755 Pighius
459 2721 542 2745 ann.
564 2711 596 2745 II
615 2723 651 2755 p.
669 2714 734 2745 176
767 2711 865 2745 hunc
892 2711 1084 2745 Antiatem
1115 2711 1292 2746 historias
1322 2711 1513 2756 scripsisse
1539 2712 1659 2756 suspi-

127 2764 232 2796 catus
259 2765 314 2796 est
338 2765 569 2808 nanctusque
597 2766 654 2798 est
679 2764 750 2798 sibi
777 2765 1034 2809 obsequentes.
1075 2765 1139 2799 sed
1171 2764 1267 2799 hanc
1297 2765 1550 2800 coniecturam
1576 2776 1656 2810 per-

125 2826 271 2849 uersam
299 2826 378 2851 esse
403 2828 476 2851 non
503 2818 560 2851 est
586 2829 650 2851 cur
675 2817 980 2852 demonstremus.

196 2887 275 2913 nist.
290 2888 374 2913 Rom.
393 2889 446 2913 rel.
461 2889 485 2920 1,
505 2889 549 2914 ed.
570 2889 686 2914 Peter.
717 2889 771 2914 Ed.
787 2891 837 2915 alt.
1305 2883 1371 2917 XX
