2002 3342
702 147 742 189 Q.
770 147 941 183 FABIVS
968 148 1141 185 PICTOR
1543 167 1684 197 Lxxx1

152 257 258 297 disse
285 257 484 309 probabile
512 263 572 296 est
599 269 720 308 eaque
748 263 898 296 tantum
926 258 1051 308 modo,
1080 272 1178 310 quae
1206 266 1293 310 post
1320 261 1424 299 illius
1449 262 1557 300 Fabii
1584 270 1685 302 aeta-

153 328 231 362 tem
259 335 383 374 usque
411 322 457 361 ad
485 334 595 360 suam
624 323 721 361 sacta
750 329 893 373 essent,
921 325 1050 374 ipsum
1079 322 1333 379 addidisse.¹)

243 388 322 426 lam
343 393 385 426 ut
407 387 454 426 ad
481 387 640 426 fontes
662 387 782 437 Fabii,
810 394 998 439 quantum
1020 390 1106 427 fieri
1126 391 1281 440 poterit,
1306 391 1500 430 eruendos
1522 394 1684 444 eiusque

152 452 296 491 sidem
330 451 626 491 examinandam
654 465 882 503 pergamus,
915 453 1255 505 multum'diuque
1286 463 1550 495 exercuerunt
1578 459 1685 496 uiros

151 518 286 557 doctos
313 517 408 556 haec
436 517 634 556 Plutarchi
662 513 721 570 (in
751 519 819 556 uit.
847 517 1002 557 Romuli
1028 531 1060 556 c.
1083 515 1128 573 3)
1158 519 1295 558 uerba:
1335 520 1422 559 Τοῦ
1456 516 1503 560 δὲ
1535 523 1686 561 πίστιν

151 583 330 635 ἔχοντος
363 581 496 633 λόγου
521 581 708 632 μάλιστα
734 579 805 621 καὶ
832 582 1062 630 πλείστους
1094 582 1318 636 μάρτυρας
1343 584 1395 624 τὰ
1421 582 1501 637 μὲν
1526 586 1685 638 κυριώ-

149 662 256 688 τατα
287 653 458 696 πρῶτος
491 647 552 694 εἰς
583 647 686 694 τοὺς
706 644 922 699 ’Έλληνας
955 645 1134 696 ἐξέδωκε
1161 651 1355 701 Διοκλῆς
1383 651 1684 703 Πεπαρήθιος,

150 706 184 766 ᾧ
210 710 281 752 καὶ
306 711 471 764 Φάβιος
502 712 682 763 Πίκτωρ
708 709 755 752 ἐν
781 718 872 759 τοῖς
898 713 1118 760 πλείστοις
1145 710 1519 767 ἐπηκολούθηκεν,
1547 723 1584 755 et
1611 730 1642 756 c.
1659 715 1683 756 S

150 771 214 817 ὧν
240 776 291 817 τὰ
317 778 498 817 πλεῖστα
524 774 594 816 καὶ
621 776 790 830 Φαβίου
819 775 1026 829 λέγοντος
1051 775 1123 818 καὶ
1150 783 1230 817 τοῦ
1258 781 1551 832 Πεπαρηθίου
1577 784 1682 821 Διο-

147 840 322 894 κλέους,
355 841 402 890 ὃς
429 841 549 882 δοκεῖ
574 848 745 894 πρῶτος
771 839 980 882 ἐκδοῦναι
1002 839 1164 896 Ῥώμης
1189 843 1347 895 κτίσιν,
1380 844 1578 886 ὕποπτον
1605 846 1684 899 μὲν

148 905 285 956 ἐνίοις
311 906 401 948 ἐστὶ
428 906 476 948 τὸ
503 907 774 960 δραματικὸν
799 907 869 947 καὶ
896 908 1222 960 πλασματῶδες.
1254 922 1435 961 magnam
1463 917 1592 950 tamen
1616 912 1682 950 ha-

149 974 214 1013 bet
235 974 331 1013 haec
353 986 416 1012 res
439 973 721 1024 difficultatem,
749 986 837 1012 cum
864 986 963 1025 quae
992 973 1038 1012 de
1060 974 1193 1013 Diocle
1215 974 1447 1026 Peparethio
1469 979 1682 1016 memoriae

149 1039 290 1078 tradita
323 1044 432 1090 sunt,
468 1045 534 1077 aut
566 1040 717 1077 incerta
751 1044 814 1077 aut
848 1038 953 1077 nulla
988 1041 1077 1078 sint.
1111 1040 1234 1079 refert
1269 1040 1427 1091 quidem
1461 1042 1682 1081 Athenaeus

149 1103 186 1156 2,
201 1103 257 1144 22
279 1117 314 1155 p.
329 1102 404 1142 44:
432 1105 598 1155 Διοκλῆ
620 1104 700 1143 τὸν
720 1103 1015 1155 Πεπαρήθιόν
1037 1114 1145 1156 φησι
1166 1105 1419 1158 Δημήτριος
1440 1104 1462 1146 ὁ
1484 1107 1683 1158 Σκήψιος

144 1167 271 1222 μέχρι
303 1166 456 1216 τέλους
488 1167 662 1221 ψυχρὸν
693 1167 814 1221 ὕδωρ
847 1167 1105 1209 πεπωκέναι.
1146 1170 1232 1221 sed,
1265 1177 1308 1210 ut
1340 1171 1404 1210 1110
1432 1171 1536 1211 idem
1562 1174 1683 1211 fuerit

146 1242 263 1287 atque
283 1235 552 1285 Plutarcheus,
578 1234 677 1273 nihil
703 1234 794 1273 inde
821 1234 1032 1286 lucramur,
1060 1236 1138 1274 nisi
1159 1249 1248 1274 eum
1270 1238 1533 1288 antiquiorem
1559 1238 1680 1276 fuisse

146 1300 372 1340 Aristarcho
401 1306 437 1339 et
465 1300 632 1351 Cratete,
659 1299 802 1351 quibus
830 1300 1031 1351 aequalem
1059 1301 1180 1340 fuisse
1206 1301 1450 1341 Demetrium
1476 1302 1681 1354 Scepsium

146 1365 286 1405 Strabo
316 1362 506 1416 13,1,55
534 1378 569 1416 p.
591 1363 676 1404 609
710 1370 888 1416 testatur,
922 1378 1050 1417 neque
1085 1366 1159 1405 alio
1192 1366 1276 1405 loco
1309 1368 1434 1418 patria
1468 1367 1598 1407 addita
1635 1368 1680 1407 ah

145 1431 234 1470 aliis
261 1430 439 1469 eiusdem
466 1432 638 1469 nominis
666 1430 921 1481 distinguitur
949 1426 1048 1483 (uid.
1075 1431 1250 1482 Mueller,
1277 1432 1340 1470 Fr.
1360 1432 1450 1471 hist.
1473 1432 1608 1472 Graec.
1630 1433 1681 1472 111

146 1511 181 1549 p.
201 1494 255 1534 74
270 1493 333 1551 s).
373 1509 489 1547 quem
516 1508 611 1535 uero
646 1495 775 1534 locum
804 1495 906 1546 apud
932 1495 1093 1535 Festum
1122 1492 1303 1550 (11269)
1339 1499 1562 1549 expiscatus
1592 1510 1679 1538 esse

145 1562 222 1601 sibi
248 1563 359 1600 uisus
386 1567 446 1600 est
469 1560 618 1600 Krause
647 1558 701 1613 (p.
723 1557 818 1615 323:
845 1562 1008 1600 Diocles
1032 1563 1297 1611 Peparethins
1323 1566 1382 1602 ait
1402 1563 1521 1602 Illam
1542 1565 1679 1603 Numi-

145 1625 266 1679 t07·[2's
290 1625 462 1680 Astham'
492 1630 604 1675 reqis
631 1629 758 1674 filiam
783 1629 973 1674 {semellos
999 1628 1174 1666 edidisse
1201 1633 1238 1666 et
1265 1641 1299 1678 q.
1322 1640 1369 1679 s.,
1403 1634 1508 1667 esset
1534 1630 1567 1667 is
1595 1631 1679 1680 qui-

145 1693 235 1732 dem
268 1693 398 1743 magni
430 1693 637 1742 momenti,
672 1691 740 1730 sed
773 1690 896 1729 uerba
928 1697 1020 1730 sunt
1052 1704 1130 1730 non
1157 1692 1263 1731 Festi
1292 1693 1360 1732 sed
1387 1694 1535 1742 Vrsini,
1567 1695 1678 1733 cuius

144 1758 428 1809 supplementis
449 1757 613 1796 Mueller
638 1757 702 1795 1110
722 1762 871 1795 temere
894 1756 1084 1796 adsensus
1106 1762 1176 1796 est.
1211 1770 1257 1796 ex
1285 1759 1341 1796 eis
1366 1759 1471 1797 enim
1493 1771 1591 1810 quae
1614 1771 1678 1797 ex-

144 1824 287 1875 scripsi
314 1823 418 1862 solae
445 1822 598 1861 litterae
626 1826 661 1861 is
680 1824 714 1861 Α
742 1823 857 1860 uncis
879 1834 898 1860 a
919 1834 981 1861 me
1003 1822 1179 1861 inclusae
1200 1824 1240 1861 in
1268 1822 1367 1862 libro
1390 1836 1508 1862 manu
1530 1826 1677 1875 scripto

142 1890 453 1940 conspiciuntur,
479 1890 532 1926 ita
552 1893 606 1938 ut,
630 1899 867 1939 quamquam
889 1886 935 1926 de
956 1887 1121 1926 Romulo
1143 1893 1180 1926 et
1200 1887 1322 1926 Remo
1345 1900 1567 1927 sermonem
1590 1902 1677 1928 esse

143 1953 323 1993 diuinare
349 1965 572 2005 possumus,
599 1953 770 1991 auctoris
797 1958 927 1991 tamen
954 1965 1098 1992 nomen
1125 1952 1269 1992 addere
1296 1966 1374 1992 non
1401 1955 1532 1993 minus
1555 1960 1676 1993 teme-

142 2020 291 2057 rarium
318 2020 368 2057 sit
393 2031 510 2070 quam
537 2018 629 2057 huic
655 2017 928 2069 supplemento
957 2019 1042 2057 sine
1072 2018 1312 2058 dubitatione
1340 2019 1514 2058 credere.

232 2083 401 2122 Proinde
433 2084 474 2121 111
506 2082 578 2121 hac
611 2095 653 2121 re
686 2083 780 2121 solis
813 2083 1013 2122 Plutarchi
1043 2083 1179 2123 uerbis
1211 2084 1417 2123 nitendum
1446 2091 1516 2124 est.
1560 2092 1675 2136 atque

141 2150 314 2200 primum
342 2147 500 2199 quidem
528 2144 794 2202 Sehwegler2)
823 2161 893 2187 suo
920 2150 1005 2187 iure
1032 2150 1110 2188 iam
1137 2150 1325 2189 refutauit
1351 2151 1392 2188 A.
1414 2150 1456 2189 G.
1479 2149 1675 2201 Schlegeli

239 2241 271 2283 1)
298 2238 477 2273 Similiter
502 2238 671 2273 Niebuhr
690 2238 739 2272 H.
761 2239 803 2272 R.
830 2239 861 2273 II
882 2242 948 2273 631
965 2251 1017 2283 sq.
1059 2239 1278 2275 Gutschmid
1305 2240 1337 2273 V
1362 2252 1397 2285 p.
1415 2244 1499 2283 514,
1533 2240 1673 2275 Sehanz

141 2293 188 2328 R.
212 2294 256 2328 L.
283 2293 297 2326 Ι
321 2293 357 2326 1³
383 2304 418 2337 p.
434 2296 501 2326 233
518 2303 570 2335 sq.

237 2348 270 2389 2)
296 2347 311 2380 Ι
330 2358 364 2390 p.
380 2349 447 2380 412
463 2357 541 2390 sqq.
564 2345 662 2380 idem
683 2345 926 2388 enumerauit,
949 2346 1012 2390 qui
1033 2347 1181 2390 praeter
1201 2357 1239 2381 se
1258 2346 1451 2381 Plutarchi
1472 2348 1672 2382 auetorita-

139 2401 214 2434 tem
242 2399 532 2443 contempserint:
559 2398 609 2443 (in
634 2398 693 2432 his
713 2397 962 2433 Niebuhrium
988 2399 1032 2433 H.
1054 2400 1096 2434 R.
1118 2399 1133 2433 Ι
1158 2411 1192 2444 p.
1210 2403 1276 2434 222
1293 2401 1371 2444 sq),
1399 2400 1463 2443 qui
1489 2401 1523 2435 ei
1544 2412 1581 2436 se
1609 2401 1671 2435 ad-

139 2452 313 2488 dixerint.
352 2463 450 2486 nunc
472 2452 568 2486 adde
587 2452 684 2486 inter
703 2451 804 2486 illos:
833 2452 874 2486 G.
897 2451 1030 2494 Christ,
1061 2452 1200 2488 Griech.
1223 2453 1468 2488 Nachrz'chten
1489 2455 1575 2489 iiber
1595 2456 1672 2488 Ita-

140 2507 224 2549 Iiem
250 2506 494 2551 Sitzzmqsber.
514 2506 548 2540 d.
567 2507 701 2551 Bayer.
718 2506 837 2540 Alcad.
862 2509 952 2540 1905
978 2518 1012 2550 p.
1032 2509 1096 2540 119
1113 2517 1191 2550 sqq.
1231 2506 1271 2540 E.
1294 2506 1481 2541 Schwartz
1509 2509 1555 2542 R.
1571 2508 1619 2542 E.
1640 2507 1673 2540 V

138 2571 168 2595 0.
185 2563 251 2594 797
268 2572 320 2604 sq.
348 2561 490 2604 (eontra
517 2559 620 2593 cuius
647 2560 868 2604 argumenta
893 2560 992 2593 reete
1019 2559 1205 2602 quaedam
1233 2558 1356 2594 Christ
1380 2572 1414 2604 p.
1433 2564 1499 2594 120
1515 2572 1568 2604 sq.
1595 2572 1671 2595 mo-

138 2613 251 2657 nuit);
284 2613 382 2648 inter
412 2613 480 2647 hos
507 2612 693 2647 Susemihl
720 2613 823 2647 Alex.
846 2613 975 2647 Litter.
996 2612 1011 2646 I
1035 2624 1070 2656 p.
1087 2616 1153 2647 626
1170 2625 1222 2657 sq.
1261 2613 1432 2647 Ribbeck
1463 2615 1536 2648 Dz'e
1564 2626 1669 2649 roem.

142 2668 250 2712 Tray.
270 2678 304 2711 p.
323 2670 364 2700 72
392 2665 542 2710 (Naeuii
560 2666 775 2711 tragoedias
796 2667 979 2711 Lupulum
1001 2669 1038 2701 et,
1051 2666 1251 2701 Romulum
1270 2667 1418 2711 utrique
1439 2678 1669 2702 communem

136 2720 281 2754 fontem
301 2719 440 2763 fuisse),
466 2720 670 2754 Mommsen
698 2721 745 2756 R.
766 2721 812 2755 F.
832 2720 865 2754 Π
884 2732 918 2764 p.
935 2724 1003 2755 279
1019 2732 1072 2764 sq.
1111 2720 1286 2754 Muenzer
1305 2720 1327 2754 1.
1350 2732 1377 2754 s.
1400 2731 1428 2755 0.
1447 2724 1553 2761 1839;
1582 2721 1669 2754 Gut-

136 2772 281 2807 schmid
302 2771 335 2806 V
354 2784 389 2816 p.
405 2776 472 2807 516
500 2772 702 2807 absurdum
729 2784 807 2808 esse
835 2773 928 2808 dicit
954 2774 990 2808 et
1011 2773 1177 2808 Dioclem
1196 2774 1281 2817 post
1301 2773 1459 2807 Fabium
1480 2773 1668 2817 scripsisse

135 2828 175 2860 et,
200 2826 299 2860 hunc
324 2825 462 2859 famam
488 2825 695 2860 Romanam
722 2838 765 2861 ex
791 2827 932 2861 Graeco
958 2828 1169 2861 mutuatum
1196 2837 1285 2861 esse.

210 2892 387 2917 ffistAEom.
409 2892 460 2917 rel.
475 2892 499 2923 1,
520 2892 563 2917 ed.
584 2893 702 2917 Peter.
732 2892 787 2917 Ed.
803 2893 853 2917 alt.
1335 2879 1384 2913 VI
