2002 3342
290 189 435 219 xxx1v
810 174 1210 210 PROLEGOMENON

290 283 496 338 ἀγοραῖος
522 283 660 338 χάρις,
687 283 796 325 ἀλλὰ
822 290 927 333 νοῦς
953 283 1071 324 ἴδιον
1097 284 1168 324 καὶ
1195 284 1400 337 περιττὸν
1426 282 1474 325 ἐν
1500 286 1820 337 γνωμολογίαις

290 355 431 403 σχῆμα
457 348 527 390 καὶ
554 349 695 403 βάθος
721 347 850 403 ἔχων,
884 348 934 397 ἃς
962 348 1149 402 μάλιστα
1180 355 1274 397 ταῖς
1304 350 1585 390 Θουκυδίδου
1617 360 1818 403 προσεοι-

287 413 410 455 κέναι
438 413 628 467 λέγουσι.
680 414 987 464 διασώζεται
1014 414 1096 467 γὰρ
1124 413 1261 455 αὐτοῦ
1290 415 1433 467 λόγος,
1460 413 1512 454 ὃν
1539 409 1659 455 εἶπεν
1686 413 1733 455 ἐν
1759 419 1817 471 τῷ

289 479 423 534 δήμῳ,
449 485 527 520 τοῦ
554 479 710 527 παιδὸς
737 478 873 519 αὐτοῦ
900 477 998 532 μεθ’
1026 478 1239 519 ὑπατείαν
1263 477 1571 528 ἀποθανόντος
1592 478 1819 533 ἐγκώμιον.

288 546 335 584 cs.
358 546 435 584 Cic.
459 546 504 584 de
527 551 674 584 senect.
694 543 733 596 4,
758 544 822 596 12,
849 545 917 584 ubi
944 544 1129 584 Catonem
1158 545 1383 596 loquentem
1411 545 1502 583 facit
1529 543 1602 584 ‘est
1628 550 1669 586 in
1691 549 1819 585 mani-

288 612 361 649 bus
386 608 597 650 laudatio'.

375 674 412 714 4.
442 674 478 715 5.
507 672 553 729 (4
574 671 726 728 Vollm.)
755 675 998 714 laudationes
1025 675 1064 713 P.
1088 675 1282 726 Scipionis
1310 675 1485 713 Africani
1511 688 1542 713 a.
1568 673 1661 714 129.
1685 673 1770 715 625
1798 688 1819 714 a

287 739 325 779 C.
347 740 477 779 Laelio
504 740 547 786 Q.
571 740 770 779 Tuberoni
802 746 841 779 et
872 739 914 785 Q.
937 740 1055 778 Fabio
1083 740 1248 778 Maximo
1284 741 1465 791 scriptae.
1518 753 1683 791 quarum
1710 740 1817 779 illam

287 805 422 844 Cicero
445 806 767 844 commemorauit
789 801 856 858 (de
878 818 932 844 or.
948 804 986 855 2,
1002 803 1069 855 84,
1085 801 1202 858 341),
1225 817 1271 843 ex
1293 805 1364 843 hac
1386 804 1594 843 scholiasta
1609 805 1818 845 Bobiensis

286 870 488 909 Ciceronis
509 867 599 923 (pro
620 870 697 909 Mil.
718 870 750 908 ΙΙ
777 868 863 909 283
892 869 955 908 Or.
978 871 1025 908 cs.
1048 870 1125 908 Cic.
1147 882 1218 921 pro
1242 869 1339 908 Mur.
1362 867 1430 920 36,
1455 866 1527 923 75)
1557 870 1818 921 fragmentum

285 937 472 975 seruauit.
505 935 635 986 Meyer
655 948 709 974 or.
725 935 833 973 Rom.
849 934 916 973 rel.
938 947 973 986 p.
992 933 1140 986 174sq.
1168 934 1337 973 Vollmer
1357 934 1379 972 l.
1403 947 1433 973 s.
1455 948 1489 985 p.
1504 933 1602 974 460.
1631 935 1818 974 Muenzer

283 1002 333 1040 R.
355 1003 399 1040 E.
422 1001 469 1039 lv
496 1014 527 1039 0.
552 999 676 1039 1460.

373 1065 410 1104 6.
438 1062 484 1118 (ἵ)
506 1062 660 1118 Vollm.)
692 1065 862 1104 laudatio
889 1064 1007 1104 Iuliae
1041 1066 1181 1103 amitae
1215 1078 1235 1103 a
1262 1065 1427 1104 Caesare
1455 1072 1664 1117 quaestore
1692 1078 1724 1104 a.
1747 1063 1814 1105 68.

284 1128 368 1170 686
405 1131 551 1181 hahita,
590 1143 636 1169 ex
673 1144 747 1181 qua
784 1130 994 1169 Suetonius
1034 1131 1298 1182 fragmentum
1334 1130 1463 1169 attulit
1499 1125 1596 1184 (uid.
1625 1144 1661 1182 p.
1684 1140 1816 1170 XXXII

283 1209 318 1235 n.
340 1193 398 1248 4).
438 1196 569 1247 Meyer
594 1209 630 1247 p.
652 1193 738 1234 413
754 1193 854 1249 sq.¹)

373 1260 408 1300 7.
438 1257 514 1314 (10
535 1258 690 1311 Vollm.)
723 1260 892 1299 laudatio
925 1260 972 1300 Μ.
994 1260 1145 1299 Claudii
1177 1260 1352 1299 Marcelli
1388 1273 1407 1298 a
1442 1260 1606 1299 Caesare
1639 1261 1814 1311 Augusto

281 1340 313 1365 a.
335 1324 403 1365 23.
428 1324 507 1364 731
548 1326 696 1376 habita,
736 1338 781 1364 ex
821 1339 894 1377 qua
930 1325 1093 1364 Seruius
1129 1322 1286 1379 (auctus
1322 1327 1362 1363 in
1388 1326 1499 1376 Verg.
1521 1326 1614 1364 Aen.
1646 1325 1680 1376 1,
1711 1323 1813 1380 712)

280 1391 402 1430 uerba
418 1390 608 1442 quaedam
624 1392 761 1430 citauit
772 1403 966 1442 quamque
975 1391 1206 1429 Plutarchus
1216 1387 1350 1443 (Marc.
1363 1387 1431 1429 30.
1453 1403 1577 1441 comp.
1588 1391 1758 1442 c.Pelop.
1772 1388 1814 1444 1)

279 1456 343 1496 uel
371 1458 455 1495 eius
482 1461 618 1495 auctor
644 1457 865 1506 inspexisse
890 1455 1060 1495 uidetur.
1112 1455 1244 1506 Meyer
1269 1468 1305 1506 p.
1327 1452 1415 1494 520
1431 1468 1486 1506 sq.

370 1519 406 1561 8.
434 1519 472 1560 9.
500 1518 557 1574 (6.
581 1518 603 1559 7
625 1517 780 1574 Vollm.)
808 1520 1052 1560 laudationes
1079 1522 1193 1572 Appii
1220 1520 1371 1559 Claudii
1392 1520 1550 1559 Pulchri
1577 1522 1717 1573 soceri,
1746 1523 1814 1573 qui

280 1600 311 1625 a.
332 1584 401 1626 48.
425 1584 508 1626 706
543 1588 583 1625 in
616 1586 774 1625 Euboea
807 1592 985 1625 mortuus
1019 1592 1095 1638 est,
1134 1592 1173 1625 et
1197 1585 1245 1624 M.
1266 1586 1397 1624 Porcii
1424 1585 1580 1625 Catonis
1614 1587 1812 1638 auunculi,

280 1654 346 1704 qui
379 1666 409 1691 a.
431 1649 499 1691 46.
524 1649 606 1691 708
646 1652 776 1690 Vticae
810 1664 851 1690 se
884 1653 1103 1703 interemit,
1139 1664 1158 1690 a
1192 1651 1239 1690 M.
1272 1651 1383 1690 Iunio
1416 1651 1535 1690 Bruto
1570 1664 1614 1690 eo
1648 1651 1812 1691 consilio

279 1719 449 1769 scriptae
477 1723 598 1767 erant,
625 1729 674 1755 ne
702 1717 767 1755 illo
794 1717 943 1755 honore
970 1722 1162 1767 carerent,
1190 1729 1356 1768 quarum
1384 1729 1429 1755 ex
1456 1716 1521 1754 illa
1546 1729 1669 1767 pauca
1689 1717 1812 1756 uerba

278 1782 487 1821 Diomedes
524 1779 578 1835 (p.
601 1779 698 1832 327,
720 1780 775 1820 26
797 1778 860 1829 Κ)
898 1783 1090 1832 seruauit,
1129 1781 1174 1821 de
1206 1782 1280 1821 hac
1313 1795 1343 1820 a.
1371 1779 1438 1820 45.
1469 1778 1552 1820 709
1586 1781 1729 1820 Caesar
1765 1781 1812 1821 ad

279 1847 509 1886 Ciceronem
537 1848 707 1898 scripsit,
735 1846 871 1886 Cicero
901 1846 947 1885 ad
968 1847 1138 1886 Atticum
1160 1844 1228 1901 (ad
1248 1848 1324 1885 Att.
1344 1844 1408 1897 13,
1428 1844 1498 1898 46,
1513 1844 1550 1886 2.
1582 1844 1646 1897 12,
1668 1844 1736 1898 21,
1754 1845 1810 1901 1).

278 1912 409 1964 Meyer
434 1925 470 1963 p.
491 1909 577 1950 448
607 1918 645 1950 et
670 1908 813 1965 4502)

368 1977 444 2016 Sed
478 1978 594 2016 etiam
629 1982 784 2016 ceterae
817 1976 1060 2016 laudationes
1094 1974 1278 2016 litteris
1311 1976 1660 2028 consignabantur,
1700 1983 1742 2016 ut
1776 1983 1815 2016 et

279 2044 485 2081 scientiam
513 2054 644 2081 rerum
672 2054 691 2080 a
719 2042 934 2081 maioribus
961 2047 1159 2093 gestarum
1188 2041 1290 2093 apud
1315 2047 1494 2093 posteros
1518 2042 1811 2094 confirmarent,

279 2120 374 2159 quas
400 2108 555 2146 nescire
577 2106 715 2146 Cicero
742 2107 940 2146 nobilibus
965 2109 1081 2146 etiam
1104 2106 1314 2158 opprobrio
1338 2106 1402 2145 dat
1430 2106 1469 2157 (ο
1496 2103 1810 2158 ἀνιστορησίαν

279 2179 434 2222 turpem
461 2172 508 2210 ad
534 2173 608 2211 Au.
632 2169 669 2223 6,
694 2169 844 2225 1,17),
883 2179 921 2211 et
953 2172 1119 2211 aliorum
1152 2171 1358 2222 gentilium
1390 2173 1481 2210 usui
1514 2173 1728 2223 seruirent,
1763 2171 1809 2211 de

277 2250 352 2289 quo
380 2237 475 2276 haec
497 2237 634 2275 Cicero
662 2237 784 2276 uerba
812 2238 903 2276 t'ecit
924 2234 1051 2290 (Brut.
1076 2235 1141 2288 16,
1163 2234 1257 2290 61):
1290 2238 1375 2276 Nec
1398 2249 1497 2276 uero
1522 2238 1650 2276 habeo
1678 2249 1810 2286 quem-

276 2315 395 2352 quam
421 2300 597 2355 [Catone
630 2300 842 2354 Censorio]
869 2306 1158 2352 antiquiorem,
1192 2305 1308 2341 cuius
1341 2304 1500 2351 quidem
1531 2305 1687 2352 scripta
1710 2314 1810 2352 pro-

373 2454 405 2496 1)
432 2451 530 2486 Num
553 2452 744 2487 Corneliae
770 2451 894 2486 uxoris
921 2451 1186 2495 laudationem,
1212 2451 1303 2486 item
1330 2461 1348 2485 e
1374 2462 1474 2485 more
1500 2462 1566 2495 pro
1592 2451 1719 2485 rostris
1742 2451 1808 2484 ha-

275 2506 405 2548 bitam,
430 2505 684 2550 publicauerit
710 2505 822 2549 (Suet.
845 2505 945 2540 Caes.
969 2508 1023 2539 62.
1070 2505 1114 2539 cf.
1141 2504 1237 2538 Plut.
1261 2504 1361 2539 Caes.
1384 2506 1431 2547 5),
1456 2515 1530 2539 non
1556 2506 1711 2540 constat.

372 2561 406 2603 2)
432 2559 683 2593 Laudationes
698 2558 847 2593 Porcias
868 2558 952 2593 ideo
975 2569 1089 2603 supra
1108 2570 1181 2593 non
1201 2558 1465 2600 recensuimus,
1486 2558 1574 2602 quia
1594 2569 1666 2592 non
1685 2559 1811 2602 potest

276 2611 457 2657 dignosci,
485 2612 529 2646 de
556 2612 690 2656 quibus
718 2612 839 2646 dictae
866 2611 949 2655 sint,
976 2622 1203 2656 quamquam
1223 2622 1266 2645 ex
1287 2611 1340 2646 eis
1360 2622 1455 2655 quae
1475 2612 1586 2646 antea
1606 2613 1649 2655 (c.
1671 2614 1727 2654 20,
1750 2613 1808 2656 10)

277 2667 496 2710 exposuerat
532 2665 673 2700 Gellius
709 2665 755 2699 de
789 2666 836 2699 M.
863 2665 985 2699 Porcii
1017 2664 1181 2700 Censorii
1215 2664 1362 2709 nepotis
1396 2666 1480 2708 (cos.
1510 2667 1588 2699 118.
1616 2666 1697 2708 636)
1734 2664 1809 2699 elo-

275 2719 430 2763 quentia
463 2730 545 2753 cum
579 2718 705 2762 aliqua
736 2717 1016 2763 probabilitatis
1049 2718 1173 2763 specie
1205 2717 1440 2752 laudationes
1476 2717 1522 2752 ab
1559 2717 1628 2752 hoc
1658 2717 1808 2751 habitas

276 2772 395 2807 Gellio
432 2772 469 2806 in
504 2771 676 2806 manibus
711 2771 824 2806 fuisse
858 2771 986 2817 colligi
1016 2772 1150 2816 potest.
1195 2770 1377 2805 Mercklin
1412 2771 1625 2806 Citicrmeth.
1653 2771 1687 2805 d.
1718 2770 1807 2806 Gell.

273 2838 308 2871 p.
338 2829 417 2860 678.
