2002 3342
923 539 988 605 1¹)

602 661 1044 718 SORIPTORVM
1086 663 1315 717 INDEX

189 797 226 832 C.
249 797 424 831 Acilius
452 796 767 832 CXXI—CXXIII.
805 797 885 832 Rel.
913 801 1062 832 49—52.

188 844 229 886 Q.
246 844 402 879 Aelius
416 844 590 879 Tubero
606 843 1100 880 CCCLXVI—CCCLXXHI.
1127 846 1224 889 (quis
1246 846 1285 887 Q.
1300 846 1391 880 A.T.
1408 846 1582 880 historias
1604 846 1722 891 scrip-

237 892 324 927 serit
350 891 558 927 CCCLXVI.
598 892 643 926 de
670 891 835 927 historiis
864 891 1056 927 CCCLXX.
1091 893 1154 937 qui
1182 893 1238 927 usi
1267 893 1338 927 sint
1365 893 1604 937 CCCLXXII.)
1642 894 1720 929 Rel.

238 943 435 974 308—312.

187 987 237 1022 M.
267 986 488 1021 Aemilius
526 986 719 1021 Scaurus
756 986 1135 1022 CCXLVI——CCLIIL
1184 988 1242 1031 (de
1278 988 1442 1022 uitarum
1478 988 1719 1032 scriptoribus

237 1034 416 1069 CCXLVI.
444 1034 572 1069 Scauri
593 1034 673 1068 uita
699 1034 899 1069 CCXLVII.
932 1035 977 1068 de
997 1034 1102 1069 libris
1130 1034 1241 1070 CCLI.
1276 1037 1339 1080 qui
1367 1036 1574 1080 fragmenta
1596 1046 1720 1070 serua-

234 1082 357 1116 uerint
382 1081 527 1126 CCLII.)
579 1081 657 1116 Rel.
688 1085 884 1116 185-186.

186 1129 345 1164 Albinus
372 1129 447 1163 uid.
475 1130 518 1164 A.
539 1129 765 1163 Postumius.

188 1177 341 1211 Alfius
368 1176 612 1212 CCCLXXIX.
653 1176 733 1212 Rel.
758 1180 835 1212 316.

187 1225 396 1259 Alimentus
424 1224 499 1259 uid.
527 1224 564 1258 L.
588 1223 747 1259 Cincius.

187 1271 385 1306 Annales
411 1272 594 1306 maximi
619 1271 847 1306 III—XXIX.
887 1271 976 1316 (alia
1008 1272 1227 1316 pontificum
1259 1272 1398 1315 scripta
1428 1272 1720 1317 distinguuntur,

234 1319 321 1354 libri
346 1319 407 1354 IV.
447 1320 702 1354 commentarii
729 1319 771 1353 V.
811 1321 896 1354 acta
927 1322 965 1354 et
997 1319 1124 1354 album
1150 1319 1227 1354 VII.
1268 1320 1353 1354 fasti
1387 1319 1600 1354 calendares
1629 1321 1665 1353 et
1694 1319 1718 1353 f.

235 1367 447 1402 consulares
475 1367 550 1400 VII.
591 1367 694 1412 origo
722 1378 806 1401 ann.
827 1378 923 1402 mair.
944 1367 1038 1401 VIII.
1078 1379 1152 1411 qua
1177 1367 1320 1401 ratione
1348 1367 1549 1412 conscripti
1576 1367 1650 1401 sint
1677 1367 1717 1400 X.

233 1415 356 1460 imago
378 1426 504 1449 eorum
525 1414 772 1449 adumbratur
797 1415 856 1449 XI.
896 1425 968 1459 quo
989 1416 1156 1459 tempore
1177 1426 1324 1459 quoque
1345 1415 1498 1449 consilio
1520 1415 1556 1449 et
1576 1414 1720 1448 ratione

233 1462 273 1496 in
304 1462 495 1507 publicum
532 1462 635 1496 missi
668 1462 762 1496 XIII.
801 1462 899 1497 unde
938 1462 1091 1496 maximi
1125 1462 1308 1506 appellati
1347 1462 1440 1496 XVI.
1486 1473 1560 1506 qua
1596 1464 1720 1496 aetate

234 1510 389 1554 proponi
410 1510 532 1554 coepti
559 1510 669 1544 XVII.
702 1521 828 1544 eorum
847 1521 934 1544 usus
960 1509 1071 1544 XXII.
1105 1513 1366 1554 comparantur
1391 1509 1542 1544 tabulae
1562 1509 1720 1554 pascha-

233 1557 287 1591 les
314 1557 441 1601 XXV.)
490 1557 568 1592 Rel.
597 1560 699 1591 3—4.

185 1605 359 1639 Annius
386 1604 577 1639 Fetialis
605 1604 818 1639 CCCXXIX.
858 1604 936 1639 Rel.
965 1608 1044 1640 317.

185 1653 316 1687 Antias
343 1652 418 1687 uid.
440 1652 623 1687 Valerius.

184 1699 386 1744 Antipater
410 1699 485 1734 uid.
512 1700 549 1733 L.
572 1699 728 1735 Coelius.

187 1747 325 1782 Asellio
353 1747 428 1781 uid.
457 1747 693 1792 Sempronius
720 1747 870 1781 Asellio.

183 1794 249 1830 Cn.
270 1794 439 1829 Aufidius
467 1794 784 1830 CCXL—CCXLI.

185 1865 312 1900 Blitho
338 1865 414 1900 uid.
443 1865 640 1911 Sulpicius.

184 1937 223 1972 L.
246 1935 519 1981 Calpurnius
553 1937 654 1972 Piso
688 1936 1060 1972 CLXXXI—CXCII.
1101 1936 1194 1981 (uita
1223 1934 1407 1970 CLXXXI.
1449 1936 1526 1970 eius
1561 1935 1717 1969 historia

231 1984 382 2019 moralis
410 1984 630 2018 CLXXXIII.
671 1985 715 2019 de
743 1985 820 2019 eius
849 1985 1046 2019 annalibus
1074 1984 1294 2019 CLXXXIII.
1335 1995 1407 2018 non
1435 1985 1490 2017 est
1517 1983 1563 2017 ab
1590 1993 1632 2017 eo
1664 1982 1718 2016 di-

233 2032 479 2076 stinguendus
516 2031 609 2065 alius
645 2032 746 2073 Piso,
783 2034 907 2067 aetate
942 2032 1095 2066 inferior
1130 2030 1333 2066 CLXXXV.
1374 2031 1438 2075 qui
1474 2042 1515 2065 eo
1551 2030 1609 2064 usi
1644 2030 1718 2064 sint

233 2079 470 2121 CLXXXVII,
498 2078 624 2113 Liuius
653 2079 889 2125 CLXXXIX.)
939 2079 1018 2114 Rei.
1047 2082 1243 2113 1-20—138.

189 2127 226 2162 C.
247 2126 351 2161 Piso
379 2125 621 2161 CCCLXVIII.
661 2126 739 2160 Rel.
762 2131 840 2161 317.

183 2175 222 2209 L.
251 2174 433 2208 Cassius
470 2174 659 2208 Hemina
695 2173 1059 2208 CLXV—CLXXIII.
1106 2176 1223 2217 (aetas
1260 2172 1394 2207 CLXV.
1441 2172 1486 2206 de
1522 2171 1718 2206 annalibus

233 2220 385 2256 CLXVI.
424 2221 470 2255 ab
498 2221 582 2255 aliis
604 2221 738 2256 Cassiis
761 2222 1004 2266 distinguitur
1027 2221 1209 2256 CLXVIII.
1250 2221 1313 2263 qui
1341 2220 1538 2264 scriptores
1558 2219 1719 2254 Hemina

231 2269 290 2303 usi
317 2269 390 2303 sint
415 2268 583 2303 CLXXII.
623 2269 701 2303 eius
729 2270 773 2303 de
801 2268 1013 2304 censoribus
1040 2268 1135 2303 liber
1162 2268 1360 2312 CLXXIII.)
1414 2267 1488 2302 [tel.
1512 2270 1686 2301 98-111.

187 2317 276 2351 Cato
302 2316 378 2350 uid.
405 2316 454 2351 M.
475 2316 639 2351 Porcius.

186 2363 342 2400 Catulus
368 2364 444 2398 uid.
472 2363 512 2405 Q.
534 2364 713 2399 Lutatius,

183 2411 221 2447 L.
249 2410 431 2446 Cincius
464 2411 717 2446 Alimentus
751 2410 966 2446 CI—CXVI.
1007 2411 1100 2455 (uita.
1133 2410 1186 2445 CI.
1228 2410 1469 2455 distinguitur
1501 2410 1547 2444 ab
1582 2409 1655 2444 alio
1683 2409 1719 2443 L.

235 2458 376 2502 Cincio,
410 2459 513 2493 cuius
545 2459 633 2493 libri
665 2461 930 2494 enumerantur
955 2458 1043 2493 CIV.
1083 2458 1147 2502 qui
1180 2458 1376 2502 scriptores
1409 2457 1465 2491 usi
1499 2457 1571 2491 sint
1597 2456 1721 2499 CVIII,

232 2506 361 2541 Liuius
389 2504 509 2549 CVIII,
536 2506 737 2551 Dionysius
764 2506 899 2550 CXIII.)
938 2506 1017 2540 Rei.
1040 2509 1190 2540 40—43.

187 2553 228 2595 Q.
241 2553 460 2588 Claudius
473 2553 806 2598 Quadrigarius
822 2552 1240 2588 CCLXXXV—CCCIV.
1267 2554 1376 2597 (quae
1395 2552 1472 2586 eius
1492 2553 1595 2586 aetas
1610 2551 1720 2586 fuerit

234 2600 464 2636 CCLXXXV.
503 2612 595 2645 quas
621 2612 679 2636 res
706 2601 896 2646 scripserit
921 2600 1170 2643 CCLXXXVL
1198 2611 1271 2644 qua
1297 2600 1441 2634 ratione
1469 2598 1718 2634 CCLXXXVI.

233 2659 349 2694 genus
371 2649 557 2683 scribendi
578 2647 706 2684 CCXC.
747 2649 810 2693 qui
831 2647 882 2683 Cl.
903 2648 961 2682 usi
981 2648 1056 2682 sint
1083 2647 1245 2690 CCXCII,
1273 2647 1399 2681 Liuius
1424 2646 1603 2688 CCXCIIL
1631 2646 1719 2681 Dio-

233 2696 359 2739 nysius
397 2695 567 2730 CCXCIV
596 2697 680 2730 adn.
702 2701 733 2731 5.
785 2707 881 2740 quae
916 2696 1126 2740 fragmenta
1163 2695 1281 2730 eiecta
1319 2695 1391 2728 sint
1427 2693 1587 2737 CCCIII.)
1637 2693 1716 2728 Rel.

275 2862 302 2894 1)
321 2862 442 2887 Indices
462 2863 485 2887 I.
506 2862 545 2887 11.
566 2870 593 2887 u.
616 2862 643 2887 d.
663 2863 793 2888 Ioannes
815 2863 930 2893 Kayser
950 2861 1127 2886 Misniensis
1149 2861 1319 2893 renouauit,
1340 2863 1458 2886 sextum
1479 2861 1608 2886 addidit.

257 2915 335 2941 Hist.
350 2915 434 2941 Rom.
454 2915 507 2940 rel.
522 2916 546 2947 Ι,
566 2915 612 2941 ed.
632 2916 755 2941 Peter.
775 2915 832 2940 Ed.
847 2915 899 2940 alt.
1394 2911 1435 2941 21
