2002 3342
709 201 751 243 Q.
778 200 947 235 FAssivs
974 200 1146 235 Picron
1536 214 1693 245 Lxxxv

161 313 449 366 uituperandus
469 314 580 351 uisus
602 317 671 350 est.
706 324 794 350 nam
818 323 881 350 res
903 311 1157 362 amplificatas
1179 316 1216 350 et
1238 310 1409 350 detortas
1430 313 1506 350 iam
1528 313 1567 350 in
1590 324 1692 350 com-

161 380 366 418 mentariis
393 378 562 416 familiae
590 389 682 415 suae
710 378 918 415 inuenerat
938 376 1239 427 exemplumque
1272 377 1446 415 imitatus
1477 382 1536 415 est
1568 378 1693 428 ponti-

162 445 279 483 ficum
307 440 404 497 (uid.
427 455 455 481 s.
478 456 514 494 p.
530 438 643 496 XXI),
671 454 748 480 non
777 441 883 480 solus
904 441 973 480 sed
995 442 1111 480 etiam
1140 442 1261 479 ceteri
1283 442 1498 492 scriptores
1519 443 1692 491 gentium

162 509 363 555 nobilium.
405 509 554 560 patriae
587 512 718 546 autem
752 506 907 545 laudem
950 519 1038 545 eum
1076 506 1177 545 ultra
1212 508 1421 545 ueritatem
1457 508 1612 545 auxisse
1645 519 1693 546 ne

161 574 344 626 Polybius
383 573 541 625 quidem
579 573 754 623 exceptis
795 571 946 611 duobus
986 571 1082 610 locis
1119 573 1155 610 ei
1195 571 1432 622 exprobrare
1469 584 1587 610 ausus
1623 577 1693 611 est.

249 639 467 690 Antequam
489 644 619 677 tamen
641 637 688 676 ad
710 649 775 676 eos
796 638 1024 688 scriptores,
1039 635 1183 687 quibus
1204 635 1315 674 Fabii
1334 636 1502 675 Pictoris
1524 636 1694 676 Graecae

160 704 348 743 historiae
374 705 414 741 in
440 702 622 742 manibus
650 703 814 753 suerint,
847 701 1113 740 recensendos
1139 713 1366 752 pergamus,
1393 701 1469 739 hoc
1498 701 1694 741 disseren-

162 768 253 808 dum
275 770 362 819 erit,
389 781 476 819 quo
503 769 607 806 iure
635 780 732 818 quas
753 767 854 805 infra
874 768 1079 818 posuimus
1100 765 1353 817 reliquiaS‚
1381 765 1434 804 ad
1458 766 1570 805 illas
1598 773 1694 805 ret-

159 833 427 872 tulerimus.
468 832 537 871 sed
565 831 612 871 de
639 831 774 871 uerbis
802 844 847 870 ex
874 830 1033 882 Polybio
1062 827 1127 884 (fr.
1150 829 1219 870 21.
1246 828 1314 870 22.
1343 827 1418 885 25)
1447 837 1485 870 et
1511 831 1694 883 Dionysio

159 894 238 952 (5¹³.
266 897 303 937 6.
332 895 369 937 S.
396 895 434 936 9.
466 896 531 936 11.
562 895 626 936 14.
658 893 731 951 16)
764 902 922 948 praeter
954 896 1196 946 Pluessium‚
1230 897 1297 947 qui
1330 897 1370 934 in
1402 896 1474 934 hac
1508 908 1549 935 re
1577 898 1695 936 nimis

159 965 400 1003 coniecturis
426 959 646 1015 indulsit¹)‚
673 974 787 1000 nemo
817 961 1021 1012 dubitabit,
1047 974 1121 999 nec
1147 963 1280 1000 minus
1306 961 1403 1000 mihi
1431 973 1518 1000 esse
1543 968 1694 1000 certum

159 1028 319 1068 uidetur
344 1029 501 1067 Liuium
528 1024 594 1080 (fr.
619 1024 684 1066 10.
709 1025 774 1065 13.
799 1024 864 1066 17.
888 1024 953 1066 18.
978 1025 1044 1065 19.
1066 1025 1142 1078 26)
1171 1026 1330 1065 Graecis
1358 1026 1564 1065 annalibus
1585 1027 1695 1070 Fabii

158 1107 273 1133 usum
296 1107 394 1144 esse,
415 1106 505 1132 cum
526 1094 570 1131 fr.
587 1090 643 1131 23
664 1092 826 1131 Fabium
848 1092 1094 1143 historicum,
1116 1093 1184 1143 qui
1205 1091 1403 1130 Gallorum
1424 1091 1526 1130 bello
1549 1104 1580 1130 a.
1596 1088 1694 1131 225.

159 1157 244 1199 529
281 1159 508 1198 interfuerit
532 1181 590 1185 -
618 1169 815 1196 consensu
848 1158 953 1195 enim
988 1156 1117 1196 Orosii
1154 1163 1191 1196 et
1224 1157 1403 1208 Eutropii
1436 1157 1539 1196 Liuii
1574 1157 1696 1196 uerba

157 1237 229 1263 nos
262 1225 393 1275 legere
427 1223 615 1262 discimus
641 1245 711 1273 —-‚
744 1222 789 1260 fr.
812 1220 867 1261 26
894 1222 1059 1261 Fabium
1092 1222 1296 1274 aequalem
1325 1222 1417 1261 belli
1445 1222 1694 1261 Hannibalici

160 1302 201 1329 se
223 1295 423 1329 auctorem
444 1288 590 1327 habere
614 1288 761 1326 diserte
784 1287 897 1337 dicat,
925 1287 970 1326 fr.
995 1285 1049 1326 10
1071 1293 1109 1326 et
1131 1285 1183 1326 17
1207 1289 1443 1339 scriptorem
1469 1289 1696 1339 antiquissi-

158 1367 283 1406 mum,
317 1355 362 1393 fr.
387 1351 440 1393 13
467 1354 609 1392 Pisone
643 1353 905 1404 antiquiorem
939 1352 1109 1404 appellet
1141 1349 1229 1405 (qui
1258 1350 1324 1403 10,
1339 1350 1377 1403 9,
1395 1351 1448 1391 12
1477 1354 1593 1392 etiam
1626 1366 1694 1392 ue-

159 1421 301 1458 tustior
327 1424 464 1458 auctor
490 1431 606 1470 quam
632 1418 764 1457 Macer
790 1430 833 1456 ac
859 1417 1017 1456 Tubero
1046 1414 1223 1472 dicitur),
1250 1418 1296 1457 fr.
1321 1416 1373 1457 18
1402 1419 1441 1456 in
1469 1419 1695 1469 antiquissi-

158 1486 233 1524 mis
261 1483 520 1536 scriptoribus
553 1488 688 1535 ponat,
716 1484 762 1522 fr.
787 1480 840 1522 19
868 1488 1016 1534 autem,
1049 1482 1117 1522 ubi
1145 1483 1381 1534 simpliciter
1415 1495 1505 1522 euni
1531 1483 1694 1522 Fabium

160 1550 265 1601 dicit,
287 1550 405 1589 alium
427 1548 604 1588 eiusdem
625 1549 797 1587 nominis
819 1548 1060 1587 intellexisse
1080 1549 1147 1587 uix
1168 1550 1220 1587 sit
1240 1547 1440 1587 credibile.
1472 1548 1569 1587 adde
1591 1548 1695 1600 quod

158 1615 204 1654 fr.
230 1612 282 1654 13
316 1614 522 1665 Tarquinii
555 1613 724 1665 Superbi
758 1613 964 1652 manubias
996 1613 1221 1652 Pometinas
1255 1614 1494 1664 scriptorum
1528 1612 1695 1652 Graeco-

256 1742 289 1786 1)
315 1740 450 1774 Mirum
477 1741 576 1774 enim
602 1740 641 1774 in
666 1740 819 1774 modum
839 1738 986 1784 Polybii
1012 1739 1129 1773 uerba
1155 1739 1341 1783 quaedam
1367 1739 1478 1774 torsit
1504 1740 1574 1784 (De
1596 1739 1692 1774 Cinc.

157 1807 191 1839 p.
208 1795 282 1838 15),
314 1796 356 1828 ut
387 1793 605 1829 recentioris
631 1793 740 1828 Fabii
766 1793 924 1828 Pictoris
952 1792 1096 1827 Latinis
1129 1792 1328 1827 annalibus
1363 1803 1444 1827 eum
1474 1804 1583 1827 usum
1616 1803 1695 1827 esse

158 1847 439 1882 demonstraret.
480 1849 567 1882 sunt
599 1857 642 1881 ea
667 1846 784 1881 uerba
815 1846 930 1881 haece
963 1846 1019 1891 (fr.
1042 1847 1116 1889 25):
1149 1844 1251 1887 τίνος
1283 1846 1329 1891 δὴ
1361 1846 1470 1892 χάριν
1503 1846 1696 1891 ἐμνήσθην

160 1899 303 1946 Φαβίου
328 1901 393 1935 καὶ
423 1906 496 1935 τῶν
529 1898 592 1935 ὑπ’
622 1898 769 1935 ἐκείνου
794 1899 1075 1945 γεγραμμένωνς
1109 1900 1175 1945 οὐχ
1209 1898 1318 1934 ἕνεκα
1343 1904 1410 1944 τῆς
1440 1898 1696 1944 πιθανότητος

156 1960 231 1989 τῶν
265 1953 467 1998 εἰρημένων
496 1975 537 1978 -
566 1952 657 1988 ἀλλὰ
691 1959 756 1999 τῆς
790 1959 862 1988 τῶν
896 1950 1240 1999 ἀναλαμβανόντων
1270 1953 1338 1993 τὰς
1369 1951 1515 1988 ἐκείνου
1547 1952 1696 1998 βίβλους

157 2007 412 2052 ὑπομνήσεως,
448 2005 511 2042 ἵνα
542 2006 590 2051 μὴ
622 2007 733 2050 πρὸς
763 2006 843 2051 τὴν
875 2005 1138 2050 ἐπιγραφὴν
1170 2005 1262 2040 ἀλλὰ
1294 2004 1388 2048 πρὸς
1418 2006 1464 2040 τὰ
1496 2005 1694 2050 πράγματα

158 2060 348 2107 βλέπωσιν.
387 2060 481 2095 ’ἔνιοι
506 2059 575 2104 γὰρ
603 2061 670 2094 οὐκ
694 2061 754 2095 ἐπὶ
773 2059 820 2095 τὰ
840 2058 1019 2104 λεγόμενα
1040 2059 1373 2104 συνεπιστήσαντες
1393 2056 1470 2093 ἀλλ’
1495 2056 1556 2094 ἐπ’
1580 2057 1695 2094 αὐτὸν

158 2112 224 2150 τὸν
247 2113 401 2158 λέγοντα
421 2114 485 2148 καὶ
504 2111 681 2159 λαβόντες
700 2115 741 2148 ἐν
766 2117 827 2160 νῷ,
853 2112 951 2149 διότι
975 2112 1091 2147 κατὰ
1116 2113 1221 2153 τοὺς
1247 2113 1436 2158 καιροὺς
1463 2111 1482 2147 ὁ
1509 2111 1696 2156 γράφων

158 2167 315 2213 γέγονε
347 2167 423 2202 καὶ
455 2172 532 2202 τοῦ
566 2166 810 2211 συνεδρίου
843 2172 1016 2211 μετεῖχε
1048 2171 1133 2201 τῶν
1163 2164 1408 2211 Ῥωμαίων,
1444 2171 1521 2200 πᾶν
1554 2165 1696 2206 εὐθέως

157 2222 336 2266 ἡγοῦνται
360 2218 400 2255 τὸ
427 2218 624 2265 λεγόμενον
651 2218 723 2255 ὑπὸ
749 2221 882 2255 τούτου
908 2218 1050 2254 πιστόν.
1090 2230 1134 2254 ex
1161 2231 1203 2255 eo
1231 2219 1330 2254 enim
1356 2219 1456 2263 quod
1483 2218 1547 2263 qui
1573 2219 1694 2262 magis

157 2274 310 2309 titulum
343 2285 455 2318 quam
486 2284 545 2308 res
576 2274 805 2318 respicerent
837 2273 958 2308 eidem
991 2274 1114 2307 essent
1146 2284 1230 2307 cum
1263 2273 1315 2307 eis
1348 2272 1412 2316 qui
1445 2272 1578 2315 Fabio,
1611 2284 1694 2307 cum

158 2328 232 2363 illis
263 2327 373 2362 rebus
407 2326 575 2371 aequalis
608 2328 720 2371 atque
754 2328 904 2361 senator
935 2326 1084 2367 fuisset,
1122 2338 1303 2360 summam
1336 2326 1444 2360 fidem
1476 2326 1693 2367 tribuerent,

158 2381 341 2416 conclusit
373 2391 416 2415 ex
447 2380 529 2424 ipso
562 2380 649 2414 libri
681 2379 792 2414 titulo
824 2380 909 2414 illos
936 2379 1156 2425 cognouisse
1188 2384 1221 2415 et
1253 2380 1342 2414 bello
1367 2380 1511 2414 Punico
1539 2380 1695 2414 secundo

157 2436 366 2479 scriptorem
386 2435 596 2476 interfuisse
616 2438 648 2468 et
666 2434 890 2469 senatorium
909 2434 1033 2476 fuisse.
1074 2444 1157 2467 cum
1179 2434 1304 2467 autem
1324 2434 1366 2467 ut
1386 2432 1441 2466 ita
1461 2431 1568 2466 Fabii
1583 2431 1694 2466 Grae-

160 2499 225 2524 cae
251 2487 431 2522 historiae
463 2487 755 2522 inscriberentur
781 2487 860 2521 fieri
886 2498 959 2521 non
984 2486 1187 2531 potuisset,
1219 2487 1262 2520 ut
1287 2496 1375 2520 uero
1401 2485 1524 2529 libris,
1558 2485 1693 2529 quibus

157 2541 265 2576 Fabii
291 2541 423 2585 proaui
449 2540 602 2575 annales
629 2540 760 2575 Latine
786 2540 885 2575 uersi
911 2540 1042 2574 inserti
1069 2541 1185 2581 erant,
1212 2539 1323 2574 fidem
1349 2540 1509 2584 pararet,
1536 2539 1694 2573 Fabium

157 2594 401 2630 recentiorem
434 2594 526 2628 haec
555 2594 594 2628 in
626 2593 738 2628 titulo
770 2593 939 2638 posuisse
971 2592 1050 2627 ueri
1083 2594 1181 2627 esset
1213 2592 1352 2635 simile,
1386 2603 1407 2626 a
1433 2591 1588 2636 Polybio
1620 2603 1694 2625 non

161 2648 320 2684 Graecos
347 2647 500 2682 annales
524 2647 680 2682 Pictoris
705 2647 808 2681 illius
835 2647 994 2691 antiqui,
1022 2645 1086 2680 sed
1107 2646 1260 2680 Latinos
1282 2645 1389 2680 Fabii
1415 2645 1630 2680 recentioris
1656 2644 1694 2678 in

160 2714 267 2737 usum
294 2703 447 2735 uocatos
474 2711 564 2734 esse.
604 2702 643 2734 at
669 2701 736 2735 illa
763 2702 807 2736 de
833 2701 944 2736 titulo
972 2712 1097 2736 eorum
1125 2699 1334 2741 annalium,
1361 2699 1426 2742 qui
1452 2709 1495 2733 ex
1522 2698 1606 2733 aliis
1633 2709 1694 2731 ex-

162 2755 291 2800 scripti
319 2756 436 2797 erant,
464 2755 590 2800 opinio
618 2756 837 2800 argumento
864 2757 967 2789 caret
993 2757 1107 2798 atque
1133 2753 1247 2788 etiam
1273 2753 1342 2794 eis,
1371 2762 1466 2796 quae
1492 2764 1527 2796 p.
1550 2755 1593 2785 14
1620 2751 1693 2785 dis-

161 2808 387 2854 putauit‚}ut
406 2808 585 2852 Dionysio
605 2808 712 2842 Fabii
733 2808 890 2843 Graecas
911 2808 1086 2842 historias
1107 2807 1256 2852 ignotas
1277 2806 1391 2840 fuisse
1412 2805 1694 2847 demonstraret,

161 2872 292 2896 uereor
317 2863 358 2896 ut
384 2861 512 2896 multis
538 2862 776 2906 persuaserit.
