2002 3342
283 211 500 241 cccxxxu
616 196 677 230 DE
706 195 1011 230 SCRIPTORVM
1039 195 1162 230 vrris
1189 195 1249 230 ET
1278 195 1485 231 SCRIPTJS

283 321 324 347 se
353 310 568 358 sumpsisse
602 308 685 358 ipse
714 307 922 358 profitetur
949 306 1114 358 Gellius,
1148 309 1265 346 etiam
1295 307 1446 358 reliqua
1473 307 1521 346 ad
1548 319 1636 346 eum
1663 308 1812 347 referre

282 386 358 412 non
385 373 620 423 dubitamus,
646 373 881 423 praesertim
902 385 991 411 cum
1014 371 1088 410 duo
1110 368 1199 425 (60.
1221 368 1297 426 62)
1324 374 1364 411 111
1389 372 1524 411 63116111
1546 372 1811 424 exemplorum

283 439 513 477 collectione
538 435 772 490 (formarum
791 441 971 487 steposci,
999 439 1205 487 memorati,
1233 434 1441 491 similium)
1468 436 1652 476 effuderit
1677 439 1717 476 in
1738 450 1814 489 qua

284 516 406 542 unum
434 502 529 541 illud
557 498 652 556 (57)
680 515 699 541 a
720 501 847 540 Probo
875 502 1100 541 adnotatum
1129 514 1215 541 esse
1242 503 1326 554 ipse
1353 506 1532 551 testatur,
1557 504 1719 541 tertium
1748 498 1813 556 (fr.

283 564 358 621 59)
381 569 550 606 amicum
572 567 755 619 aliquem,
778 565 991 606 ‘bominem
1012 567 1180 606 lectione
1200 567 1323 606 multa
1343 564 1590 618 exercitum’,
1610 568 1812 618 proferen-

283 640 361 672 tem
395 634 518 683 fingit.
558 638 689 671 cetera
723 638 853 671 autem
881 632 1075 683 exempla,
1109 645 1207 683 quae
1240 632 1431 672 librorum
1464 634 1640 671 numeris
1667 638 1814 684 carent,

283 711 517 749 quamquam
545 703 651 736 certa
678 710 795 736 causa
817 710 895 736 non
924 703 1049 736 exstat
1077 710 1147 736 cur
1174 698 1219 735 ab
1242 697 1316 736 alio
1345 703 1501 737 auctore
1523 696 1646 736 Gellio
1672 697 1814 736 tradita

283 775 369 802 esse
392 763 578 814 dicamus,
600 768 731 802 tamen
752 762 855 801 haud
876 769 1024 801 temere
1042 762 1233 801 Mercklin
1256 760 1298 815 (l.
1314 776 1342 802 s.
1358 776 1394 814 p.
1410 760 1494 802 645
1510 759 1614 815 sqq.)
1636 763 1771 813 fragm.
1789 761 1811 801 1

284 828 450 867 Gellium
472 828 632 867 Masurii
654 827 790 866 Sabini
817 827 930 866 libris
956 827 1243 867 memorialium
1274 828 1418 867 debere
1446 829 1665 879 suspicatus
1692 827 1815 866 multa

283 895 461 944 exempla
489 893 603 932 celati
628 895 754 944 ipsius
781 894 952 931 auctoris
980 892 1157 944 aliusque
1185 893 1388 932 substituti
1415 893 1579 943 collegit.

371 959 533 997 Restant
565 960 780 1010 scriptores
808 958 971 1009 aliquot,
1006 959 1073 1008 qui
1099 959 1194 1009 quin
1221 959 1351 1009 ipsum
1376 959 1573 997 Antiatem
1599 971 1677 996 11011
1703 957 1814 996 uide-

283 1026 380 1074 rint,
413 1037 527 1063 nemo
563 1023 771 1073 dubitabit,
806 1023 1119 1074 Censor-imm,
1151 1036 1171 1062 a
1204 1036 1280 1074 quo
1314 1036 1404 1062 cum
1437 1023 1558 1062 multa
1585 1029 1666 1061 tum
1697 1025 1814 1061 etiam

281 1090 446 1128 Antiatis
474 1090 696 1127 testimonia
725 1085 789 1141 (fr.
815 1086 866 1126 18
890 1101 921 1126 c.
943 1088 1029 1126 adn.
1052 1086 1120 1126 22.
1142 1084 1217 1141 235)
1247 1101 1293 1126 ex
1315 1088 1487 1127 Varrone
1514 1087 1701 1126 translata
1728 1099 1814 1126 esse

282 1156 365 1206 ipse
388 1155 637 1205 significauit,
659 1153 926 1204 Charisius,
949 1154 1015 1204 qui
1037 1152 1112 1191 duo
1134 1154 1311 1204 exempla
1334 1167 1379 1192 ex
1403 1153 1571 1192 diuersis
1592 1153 1703 1191 libris
1725 1165 1815 1191 con·

281 1221 413 1258 iuncta
441 1215 529 1273 (14.
552 1216 627 1272 58)
657 1232 685 1257 S.
714 1232 750 1258 u.
779 1221 995 1258 nouissime
1027 1218 1207 1269 protulit,
1240 1219 1520 1258 Priscianus
1553 1220 1647 1257 item
1681 1231 1727 1257 ex
1758 1217 1814 1256 di-

280 1286 410 1324 uersis
431 1284 495 1335 (l'r.
515 1283 579 1323 16.
602 1280 689 1337 61),
717 1284 956 1323 Arnobius
977 1281 1035 1337 (6.
1060 1281 1145 1338 13),
1172 1284 1441 1323 Macrobius
1468 1280 1525 1338 (4.
1547 1281 1605 1336 5),
1633 1286 1700 1335 qui
1719 1285 1816 1322 item

281 1350 383 1389 bina.
423 1351 485 1388 hic
512 1362 633 1388 unum
663 1346 808 1403 (siz-l),
835 1355 879 1388 ut
904 1351 987 1401 ipse
1016 1355 1198 1401 testatur,
1227 1351 1424 1400 excerpsit
1451 1362 1497 1388 ex
1522 1349 1611 1387 Iulii
1638 1348 1815 1399 Modesti,

282 1415 423 1466 Hygini
444 1415 587 1466 liberti,
604 1414 649 1453 de
672 1415 781 1453 feriis
802 1414 921 1467 libro,
937 1417 1059 1454 ceteri
1075 1427 1241 1466 quorum
1262 1415 1466 1453 beneficiis
1488 1427 1557 1453 sua
1579 1416 1818 1465 acceperint,

281 1494 359 1519 111111
385 1480 525 1532 liquet,
559 1480 628 1519 sed
655 1482 688 1518 si
714 1481 883 1519 Antiatis
910 1493 1008 1531 opus
1034 1493 1159 1532 usque
1188 1480 1234 1519 ad
1261 1480 1501 1518 Hadrianum
1530 1479 1701 1529 durauit,
1731 1484 1816 1518 tum

280 1546 342 1584 1111·
377 1547 547 1597 scriptor
575 1543 843 1584 einuenustus'
881 1545 1040 1584 Claudio
1070 1544 1230 1597 ‘lepido'
1259 1547 1379 1584 cessit
1410 1550 1574 1596 propter
1606 1546 1816 1596 antiquita·

281 1617 359 1650 tem
375 1613 619 1650 resuscitato.
652 1612 784 1662 itaque
801 1610 903 1662 apud
919 1610 1089 1650 Nonium
1104 1611 1412 1661 scholiastasque
1428 1610 1670 1661 Vergilianos
1686 1610 1816 1648 omnia

282 1678 366 1716 eius
392 1678 560 1727 uestigia
589 1673 779 1729 desuntff)
817 1676 856 1714 id
884 1676 988 1727 quod
1014 1689 1091 1715 non
1120 1677 1280 1715 fortuito
1309 1676 1454 1714 sactum
1475 1681 1543 1714 est.
1583 1688 1672 1714 nam
1701 1681 1740 1713 111
1769 1687 1814 1713 ex

280 1741 440 1780 Duridis
462 1747 500 1780 et
520 1741 727 1792 Phylarchi
747 1741 925 1780 historiis
948 1740 1088 1780 Graeci
1110 1741 1238 1780 dedita
1266 1753 1383 1792 opera
1411 1753 1474 1779 res
1502 1746 1540 1779 et
1568 1741 1723 1779 1101111113
1751 1752 1815 1778 ex-

282 1812 534 1858 cerpserunt,
566 1807 632 1844 uix
659 1819 847 1857 umquam
874 1806 1092 1845 locutiones
1120 1806 1308 1857 quasdam
1334 1812 1496 1857 propter
1522 1811 1653 1844 11013111
1681 1817 1815 1844 earum

283 1873 546 1922 securitatem,
574 1873 629 1910 sic
656 1871 821 1910 Romani
848 1872 1094 1922 grammatici
1115 1871 1409 1922 singularitates
1431 1870 1613 1909 dictionis
1635 1872 1676 1909 in
1698 1883 1815 1908 311113-

282 1931 384 1976 libus
412 1938 580 1975 netustis
608 1936 822 1975 tractandis
845 1939 1125 1988 conquirentes
1146 1936 1342 1975 Valerium
1363 1936 1621 1986 neglexerunt
1643 1941 1708 1974 aut
1729 1947 1817 1974 raro

282 2005 514 2053 tetigerunt:
537 2014 608 2052 per
629 2015 669 2040 se
686 2008 816 2040 autem
832 2002 929 2041 illud
944 2008 1026 2041 tum
1048 2001 1261 2049 constabat,
1284 2014 1372 2040 cum
1395 2014 1457 2039 res
1478 2003 1582 2052 ipsas
1604 2002 1734 2052 quiuis
1749 2002 1816 2051 qui

281 2067 461 2119 uidisset,
487 2067 630 2106 litteris
657 2067 844 2106 mandare
870 2074 1022 2119 posset,
1051 2069 1167 2105 etiam
1195 2068 1400 2105 materiam
1428 2079 1473 2105 ex
1501 2067 1581 2105 uita
1608 2066 1816 2104 obseruata

283 2138 478 2183 sumptam
512 2134 778 2183 scriptamque
813 2145 1060 2171 communem
1088 2132 1333 2183 liberamque
1362 2144 1467 2182 esse,
1494 2132 1658 2170 formam
1686 2137 1815 2170 autem

283 2197 517 2236 calamistris
551 2200 721 2237 inustam
755 2197 840 2236 aliis
875 2197 1135 2248 scriptoribus
1163 2199 1203 2236 in
1230 2210 1322 2236 suos
1349 2196 1469 2235 libros
1496 2197 1711 2235 transferre
1738 2208 1816 2234 non

282 2263 414 2302 licere.
453 2265 585 2314 itaque
607 2263 743 2302 Liuius
770 2276 840 2314 pro
862 2265 1027 2302 Antiatis
1054 2262 1188 2302 uerbis
1216 2275 1284 2301 sua
1311 2263 1441 2313 posuit
1469 2267 1507 2300 et
1535 2274 1603 2300 sua
1628 2267 1710 2300 arte
1731 2274 1816 2299 ora-

284 2330 429 2366 tionem
457 2328 600 2367 editam
628 2328 774 2367 infecit.
815 2330 921 2379 atqui
949 2328 1101 2367 Claudii
1126 2333 1325 2366 uestustas
1354 2326 1526 2378 dicendi,
1557 2339 1673 2377 quam
1702 2326 1817 2364 affec-

284 2400 452 2443 tauerat,
493 2399 643 2432 tantum
684 2407 703 2431 3
744 2393 1028 2432 consuetudine
1068 2393 1223 2444 uulgari
1260 2392 1513 2443 discesserat,
1551 2397 1594 2430 ut
1629 2391 1817 2430 Hadriani

284 2464 408 2497 aetate
448 2472 467 2496 a
507 2460 773 2509 grammaticis
807 2464 943 2497 erutus
977 2459 1206 2509 frequenter
1238 2462 1519 2508 excel-peretur
1550 2462 1665 2507 atque
1700 2458 1816 2495 etiam

284 2525 452 2562 maiores
479 2529 611 2574 partes
639 2523 686 2562 ad
711 2523 881 2562 uerbum
909 2524 1247 2573 exscriberentur,
1274 2535 1370 2573 quas
1397 2524 1431 2561 si
1458 2535 1546 2561 cum
1574 2522 1684 2560 Liuio
1712 2534 1816 2560 com-

283 2590 574 2639 parauerimUS,
611 2601 806 2640 perpauca
841 2589 991 2627 Claudii
1024 2590 1190 2639 uestigia
1228 2589 1529 2639 conspiciemus.
1581 2587 1628 2626 de
1663 2587 1816 2625 Valerio

382 2700 415 2739 1)
441 2697 647 2731 Mommsen
668 2698 713 2732 R.
735 2699 780 2732 F.
801 2698 832 2731 II
851 2709 886 2742 p.
902 2701 970 2731 430
991 2697 1182 2732 Aurelium
1205 2697 1391 2731 Victorem
1415 2695 1454 2729 in
1480 2695 1575 2730 libro
1603 2696 1648 2729 de
1674 2696 1741 2729 uir.
1762 2694 1815 2729 ill.

285 2752 434 2795 praeter
449 2750 595 2784 Liuium
611 2750 723 2784 etiam
744 2752 935 2785 Antiatem
957 2750 1187 2785 consuluisse
1209 2749 1366 2784 coniecit
1385 2749 1474 2793 (uid.
1491 2749 1574 2783 adn.
1592 2749 1638 2782 ad
1653 2753 1723 2783 45³.
1740 2751 1816 2793 48);

286 2806 325 2838 at
346 2804 376 2837 si
402 2803 603 2838 Valeriana
636 2804 818 2848 quaedam
850 2805 889 2838 in
917 2815 957 2838 eo
983 2804 1080 2838 libro
1106 2803 1360 2846 inueniuntur,
1389 2814 1455 2847 per
1481 2802 1596 2836 alium
1622 2813 1664 2836 eo
1691 2801 1817 2836 delata

286 2859 388 2899 sunt3
416 2867 502 2890 nam
528 2857 599 2901 ipsi
627 2857 779 2891 annales
805 2868 923 2901 usque
950 2857 997 2890 ad
1023 2857 1128 2891 illam
1155 2858 1314 2891 aetatem
1342 2856 1405 2890 uix
1431 2856 1570 2890 seruati
1596 2856 1691 2889 sunt.
