2002 3342
275 214 489 243 cchxxn
611 198 673 232 DE
700 196 1005 231 SCRIPTORVM
1031 196 1156 230 vms
1182 196 1243 230 ΕΤ
1270 196 1476 230 sommas

275 312 427 349 mansit.
463 310 725 347 auctoritas
748 309 832 346 eius
854 308 983 358 magni
1005 320 1024 345 a
1046 307 1229 357 Dionysio
1251 308 1451 345 aestimata
1473 313 1511 345 et
1531 312 1691 357 propter
1712 318 1801 345 acre

274 376 447 415 studium
475 375 718 425 antiquitatis
746 373 838 411 exili
864 372 993 410 littera
1027 371 1292 422 expediendae
1319 368 1445 424 (Varr.
1468 371 1515 410 de
1537 371 1559 409 1.
1582 371 1604 410 1.
1628 367 1725 425 7,2)
1762 373 1802 410 in

275 441 409 479 eodem
439 440 522 477 loro
549 451 625 489 quo
647 438 739 476 Cato
767 439 918 488 positus
947 433 1048 488 estl)
1076 438 1350 487 consentitque
1375 449 1463 475 cum
1490 437 1575 475 eius
1602 435 1715 474 laude
1739 435 1802 474 Li-

274 508 363 544 uius
392 501 457 558 (l'r.
480 504 543 557 6¹),
571 505 638 554 qui
665 503 785 541 libros
812 502 954 540 linteos
981 502 1026 540 ab
1055 514 1099 540 eo
1122 513 1200 539 non
1227 501 1353 540 solum
1380 500 1574 539 adhibitos
1596 500 1665 539 sed
1686 502 1802 539 etiam

276 571 484 621 diligenter
505 570 747 607 examinatos
768 579 855 606 esse
875 568 1094 618 profitetur.
1131 566 1325 604 Licinium
1346 567 1450 604 enim
1472 567 1646 604 imitatus
1666 577 1802 604 monu-

274 641 496 674 mentorum
523 634 710 672 historiae
738 634 913 671 cuiusuis
941 632 1097 682 generis
1119 632 1299 669 curiosus
1322 631 1403 669 fuit.
1436 631 1508 669 alia
1530 632 1615 669 eius
1636 631 1803 669 auctori-

276 702 365 739 tatis
386 700 608 738 testimonia
631 698 783 748 desunt,
799 698 983 748 quoniam
1005 697 1134 735 omnis
1149 697 1234 734 eius
1250 701 1355 734 certa
1370 697 1540 746 cognitio
1556 696 1692 746 paucis
1708 695 1804 733 locis

275 766 510 804 continetur.
538 776 627 802 nam
649 763 814 801 Liuius
841 764 881 800 in
910 762 1021 800 libris
1042 761 1089 799 IV
1111 767 1151 799 et
1171 760 1203 798 X
1226 761 1390 811 singulis
1411 761 1507 799 locis
1528 757 1594 813 (fr.
1610 758 1647 799 ὃ.
1665 757 1708 813 7)
1736 773 1805 798 110-

274 832 452 869 minatim
482 841 570 868 eum
598 829 745 878 citauit,
771 840 900 878 neque
926 840 1019 865 num
1047 827 1087 864 in
1115 830 1333 877 auctorum,
1360 839 1457 877 quos
1484 826 1712 876 frequenter
1738 825 1803 863 ad-

275 895 414 946 hibuit,
427 907 590 933 numero
606 892 810 944 ponendus
826 894 873 930 sit
882 894 941 942 ,in
956 897 1061 930 tanta
1077 892 1385 942 fragmentorum
1397 893 1585 930 tenuitate
1599 889 1805 930 diiudicari

275 966 414 1013 potest.
444 960 542 998 libro
558 958 715 1010 quidem
732 957 763 995 X
779 971 810 996 c.
826 956 891 1008 11,
904 954 942 1008 9,
957 957 1025 995 ubi
1047 957 1171 996 famae
1194 955 1408 1006 cuiusdam,
1423 967 1537 1006 quam
1554 961 1666 993 antea
1679 949 1746 1008 (fr.
1760 950 1805 1006 7)

276 1039 321 1065 ex
350 1026 500 1064 Licinio
527 1025 656 1063 Macro
684 1029 722 1062 et
747 1022 955 1061 Tuberone
981 1022 1215 1074 protulerat,
1243 1022 1440 1071 meminit,
1467 1022 1583 1059 etiam
1610 1019 1805 1058 Licinium

276 1092 401 1131 solum
436 1096 524 1129 ante
558 1102 599 1129 se
632 1089 777 1127 habere
810 1090 937 1138 potuit
964 1084 1062 1141 (uid.
1090 1100 1208 1139 supra
1235 1101 1270 1139 p.
1293 1082 1497 1139 CCCLXI),
1527 1097 1600 1124 nec
1633 1087 1673 1123 in
1706 1084 1806 1122 libro

277 1157 393 1195 XVIII
420 1155 669 1195 Tuberonem
697 1155 938 1204 exscriptum
967 1165 1053 1191 esse
1087 1166 1157 1204 pro
1186 1159 1292 1191 certo
1320 1152 1600 1190 affirmauerim
1629 1145 1736 1203 (adn.
1758 1149 1806 1188 ad

277 1224 321 1260 fr.
344 1218 402 1275 8).
443 1221 703 1270 similiterque
733 1218 779 1257 de
800 1218 1026 1269 Dionysio
1055 1231 1118 1257 res
1145 1231 1186 1257 se
1214 1217 1341 1267 habet,
1369 1218 1435 1267 qui
1461 1217 1501 1254 in
1528 1215 1627 1254 libro
1650 1216 1664 1253 I
1685 1215 1806 1254 semel

277 1285 341 1339 (fr.
365 1283 409 1339 3)
445 1298 534 1324 eum
568 1286 720 1335 citauit,
758 1285 938 1334 quamuis
975 1285 1059 1322 eius
1095 1283 1337 1333 diligentiam
1370 1281 1643 1320 admiraretur.
1682 1280 1807 1318 obfuit

276 1352 475 1390 Tuberoni
509 1351 720 1400 antiquitas
747 1354 786 1387 et
811 1349 995 1387 ieiunitas
1023 1349 1229 1398 sermonis,
1256 1360 1345 1386 cum
1371 1348 1412 1384 in
1434 1346 1715 1397 compositione
1739 1357 1806 1395 po·

276 1419 473 1455 tissimum
500 1415 713 1454 uerborum
741 1414 946 1452 delectatio
974 1413 1150 1464 uulgaris
1177 1414 1228 1451 ita
1255 1414 1382 1464 posita
1409 1417 1524 1461 esset,
1554 1416 1597 1449 ut
1622 1422 1671 1448 ne
1698 1409 1807 1460 Poly-

276 1483 384 1521 bium
413 1480 572 1532 quidem
600 1492 815 1530 omnesque
845 1492 910 1517 eos
938 1480 1162 1530 scriptores,
1190 1479 1257 1529 qui
1284 1477 1330 1516 ab
1356 1477 1527 1516 Isocrate
1549 1475 1809 1525 desciuerant,

278 1559 514 1599 quemquam
536 1545 731 1596 legentem
746 1557 871 1596 usque
894 1544 941 1582 ad
962 1545 1080 1582 finem
1098 1544 1307 1595 peruenire
1322 1555 1437 1594 posse
1453 1541 1601 1580 diceret
1622 1536 1689 1594 (de
1705 1552 1809 1579 com-

276 1626 358 1664 pos.
375 1611 483 1651 uerb.
500 1609 608 1662 4,30
628 1624 664 1662 p.
681 1608 737 1649 20
749 1606 843 1664 Vs.).
882 1611 935 1648 ita
956 1621 1070 1648 nemo
1091 1614 1180 1647 ante
1201 1608 1389 1647 Hadriani
1408 1612 1574 1646 aetatem
1595 1607 1680 1645 eius
1700 1618 1809 1644 men-

278 1680 425 1716 tionem
449 1678 551 1727 secit,
578 1682 661 1714 tum
684 1676 940 1714 Suetonius
963 1670 1027 1728 (fr.
1047 1672 1147 1713 lOA.
1173 1669 1264 1727 11);
1292 1675 1407 1712 etiam
1431 1671 1631 1721 Gellius,
1659 1670 1809 1709 Claudii

278 1743 526 1793 Quadrigarii
558 1741 789 1791 admirator,
825 1742 899 1779 tria
932 1741 1148 1790 fragmenta
1184 1734 1370 1792 (18.9)
1403 1750 1449 1776 ex
1483 1750 1526 1775 eo
1563 1737 1809 1787 excerpsisse

279 1809 372 1847 satis
398 1807 545 1857 habuit,
573 1812 688 1857 atque
712 1805 814 1856 apud
834 1807 1076 1856 posteriores
1103 1805 1378 1855 grammaticos
1400 1804 1483 1841 eius
1503 1803 1669 1852 uestigia
1692 1803 1809 1840 etiam

278 1874 457 1911 tenuiora
479 1877 581 1922 sunt,
608 1871 710 1922 apud
732 1870 999 1909 Charisium
1022 1870 1066 1909 fr.
1089 1868 1126 1920 Ξ),
1155 1869 1375 1908 Seruium
1396 1866 1434 1918 2,
1461 1867 1660 1905 Nonium
1685 1866 1718 1905 1.
1745 1864 1811 1916 10,

278 1951 348 1989 per
375 1942 649 1988 argumentum
676 1942 805 1974 tamen
832 1935 931 1974 nihil
958 1935 1098 1985 obstat,
1125 1929 1334 1985 quominus
1356 1923 1432 1971 'duo
1454 1933 1683 1982 fragmenta,
1710 1943 1809 1981 quae

278 2003 376 2041 libro
411 2015 487 2041 non
528 2002 657 2041 addito
697 2001 769 2039 sub
809 2000 1029 2039 Tuberonis
1072 2001 1302 2039 auctoritate
1343 1998 1390 2037 ad
1428 2010 1499 2036 nos
1531 2002 1810 2048 peruenerunt,

278 2081 400 2107 unum
429 2067 531 2116 apud
553 2067 735 2105 Seruium
757 2061 866 2119 (13),
893 2066 1060 2104 alterum
1088 2064 1189 2116 apud
1210 2064 1402 2102 Donatum
1423 2059 1488 2116 (fr.
1509 2058 1595 2115 12),
1623 2074 1667 2100 ex
1692 2061 1811 2099 histo-

281 2136 349 2172 riis
377 2139 559 2184 excerpta
588 2145 673 2171 esse
701 2144 914 2171 sumamus,

368 2199 472 2237 Vssit
497 2200 618 2249 igitur
644 2198 795 2248 fulgore
823 2209 893 2235 suo
914 2197 1080 2247 Augusti
1106 2201 1224 2246 aetas,
1252 2196 1284 2233 si
1308 2194 1412 2245 quod
1439 2206 1536 2245 opus
1564 2205 1810 2232 communem

281 2266 364 2303 eius
385 2264 663 2314 inferiorisque
679 2262 825 2301 saeculi
845 2263 1022 2300 uirorum
1039 2261 1241 2299 doctorum
1258 2259 1555 2298 admirationem
1576 2258 1810 2308 obtinuerat,

280 2336 322 2367 ut
341 2329 525 2367 Horatius
547 2328 689 2367 Lucilii
716 2333 881 2378 saturas,
902 2327 1096 2378 Vergilius
1123 2326 1239 2364 Ennii
1267 2324 1435 2363 annales.
1468 2325 1629 2374 aequior
1655 2324 1810 2361 fortuna

282 2394 494 2433 comoediis
528 2394 676 2432 Latinis
710 2392 919 2443 adriserat,
952 2394 993 2430 in
1026 2404 1101 2443 quo
1135 2391 1356 2429 litterarum
1390 2401 1534 2440 genere
1571 2388 1811 2427 Graecorum

282 2459 459 2510 exemplo
488 2459 716 2497 confirmata
744 2457 935 2496 aduersus
962 2458 1099 2496 florem
1126 2456 1344 2494 iuuentutis
1370 2453 1574 2493 ueteribus
1602 2454 1812 2504 suffragata

282 2530 341 2563 est
363 2525 624 2574 Varronisque
647 2535 782 2562 eorum
809 2523 1072 2573 patrocinium
1094 2521 1165 2560 sub
1187 2521 1359 2571 Augusto
1381 2518 1606 2558 recentibus
1628 2517 1813 2569 operibus

284 2589 405 2627 deleri
438 2601 515 2627 non
542 2589 680 2639 potuit.
720 2599 848 2638 neque
875 2599 969 2626 uero
998 2586 1173 2625 eiusdem
1204 2585 1379 2624 doctrina
1406 2584 1578 2634 Pisonis,
1611 2583 1812 2633 Heminae,

379 2698 408 2739 1}
444 2695 495 2730 Cf.
524 2695 695 2739 Dionysii
726 2695 876 2729 laudem
903 2694 1108 2729 Tuberonis
1136 2704 1247 2738 supra
1272 2705 1306 2737 p.
1324 2705 1458 2726 ccctxx
1487 2693 1813 2726 commemoratam

283 2750 336 2793 (fr.
361 2752 392 2792 3)
420 2751 457 2783 eb
484 2747 632 2783 Catonis
659 2749 716 2792 (fr.
739 2753 768 2783 6.
793 2751 850 2792 17)
885 2748 1057 2792 ἐπιμελὴς
1082 2745 1296 2792 γενόμενος,
1331 2745 1362 2780 εἰ
1394 2744 1458 2779 καί
1486 2758 1541 2784 τις
1573 2744 1697 2787 ἄλλος,
1729 2744 1813 2787 περὶ

281 2803 348 2847 τὴν
380 2802 597 2846 σνναγωγὴν
629 2807 694 2845 τῆς
720 2800 1079 2846 ἀρχαιολογουμένης
1113 2799 1284 2843 ἱστορίας.
1326 2799 1414 2833 dicit
1440 2798 1555 2843 igitur
1581 2797 1813 2832 Tuberonem

282 2856 389 2900 quasi
415 2856 573 2890 alterum
600 2854 786 2889 Catonem.
