2002 3342
371 219 410 262 Q.
432 219 560 254 FABII
585 219 800 254 PICTORIS
827 219 1051 254 G-RAECAE
1078 220 1346 255 HISTORIAE.
1387 222 1430 256 fr.
1454 226 1496 257 16
1656 223 1710 264 31

181 328 250 371 ἐπὶ
278 330 328 370 τὰ
355 330 609 383 γελοιότερα
628 327 957 382 μεταφέροντες.
1001 329 1187 381 δηλοῦσι
1209 327 1256 370 δὲ
1278 328 1349 371 καὶ
1371 331 1419 371 αἱ
1436 338 1524 372 τῶν
1548 332 1712 386 θριάμ-

177 396 272 447 βων
304 394 468 436 εἴσοδοι
499 394 690 435 παλαιὰν
721 393 791 434 καὶ
825 393 1060 446 ἐπιχώριον
1092 391 1231 435 οὖσαν
1251 393 1476 447 Ῥωμαίοις
1509 397 1589 450 τὴν
1614 396 1711 450 κέρ-

178 475 314 511 τομον
340 457 411 500 καὶ
439 458 678 512 σατυρικὴν
703 458 897 500 παιδιάν.
945 458 1112 513 ε’φεῖται
1139 460 1219 512 γὰρ
1249 466 1339 509 τοῖς
1366 461 1607 515 κατάγουσι
1634 463 1715 511 τὰς

181 526 300 573 νίκας
328 525 539 578 ἰαμβίζειν
571 539 616 564 τε
648 522 719 564 καὶ
752 523 1077 565 κατασκώπτειν
1109 526 1212 573 τοὺς
1239 524 1613 579 ἐπιφανεστάτους
1639 528 1714 568 ἄν·

142 607 156 632 5
180 590 287 644 δρας
313 590 461 638 αὐτοῖς
487 589 810 642 στρατηλάταις.
838 613 896 618 -

268 655 394 696 ,Μετὰ
426 654 474 695 δὲ
505 655 609 702 τοὺς
645 655 805 708 χοροὺς
839 653 1025 703 τούτους
1062 655 1319 707 κιθαρισταί
1354 670 1400 696 τε
1439 654 1600 711 ἀθρόοι
1638 657 1710 698 καὶ

178 719 360 773 αὐληταὶ
385 718 539 761 πολλοὶ
566 716 854 773 παρεξῄεσαν·
900 717 971 759 καὶ
1004 717 1092 772 μετ’
1126 720 1286 769 αὐτοὺς
1319 721 1365 762 οἳ
1394 736 1438 762 τε
1470 722 1523 763 τα
1547 726 1712 774 θυμια-

176 787 304 838 τήρια
335 785 602 836 κομίζοντες,
642 783 709 837 ἐφ’
748 780 810 825 ὧν
842 783 1047 837 ἀρώματα
1085 785 1155 826 καὶ
1189 787 1432 839 λιβανωτὸς
1462 786 1564 841 παρ’
1602 788 1715 841 ὅλην

177 849 284 892 ὁδὸν
311 848 545 902 ἐθυμιᾶτο,
581 849 653 890 καὶ
680 849 720 890 οἱ
748 850 799 890 τὰ
824 856 1015 904 πομπεῖα
1040 849 1367 904 παραφέροντες
1393 851 1609 905 ἀργυρίου
1637 852 1709 894 καὶ

122 934 155 958 10
176 916 362 968 χρυσίου
394 913 663 968 πεποιημένα
694 914 746 956 τά
778 930 822 956 τε
856 915 950 969 ἱερὰ
981 915 1051 955 καὶ
1081 916 1133 956 τὰ
1160 917 1358 969 δημόσια.
1408 920 1634 958 τελευταῖα
1661 916 1710 959 δὲ

174 980 353 1021 πάντων
368 981 410 1020 αἱ
431 987 520 1020 τῶν
539 983 660 1021 θεῶν
681 980 845 1028 εἰκόνες
863 979 1112 1034 ἐπόμπευον
1127 981 1261 1035 ὤμοις
1281 981 1353 1022 ὑπ’
1381 981 1558 1036 ἀνδρῶν
1579 984 1712 1037 φερό-

174 1060 317 1098 μεναι,
342 1044 516 1099 μορφάς
540 1060 585 1086 τε
613 1043 762 1097 ὁμοίας
787 1044 1057 1100 παρέχουσαι
1083 1052 1178 1095 ταῖς
1202 1045 1303 1101 παρ’
1326 1045 1504 1100 ’Έλλησι
1525 1050 1710 1089 πλαττο«

175 1109 327 1164 μέναις
350 1109 420 1151 καὶ
443 1110 601 1158 σκευὰς
621 1108 692 1151 καὶ
713 1110 912 1165 σύμβολα
933 1110 1003 1151 καὶ
1027 1111 1205 1165 δωρεάς,
1222 1108 1284 1153 ὧν
1305 1111 1476 1166 εὑρεταὶ
1490 1113 1562 1154 καὶ
1583 1113 1710 1167 δοτῆ-

175 1190 246 1228 ρες
267 1175 525 1227 ἀνθρώποις
551 1174 724 1217 ἕκαστοι
751 1176 1085 1230 παραδίδονται,
1113 1177 1165 1218 οὐ
1192 1178 1333 1231 μόνον
1353 1178 1464 1226 Διὸς
1484 1176 1710 1233 καὶ”Ηρας

123 1258 155 1283 15
175 1239 247 1282 καὶ
273 1239 457 1294 Ἀθηνᾶς
483 1239 554 1282 καὶ
583 1242 868 1290 Ποσειδῶνος
900 1240 971 1282 καὶ
1004 1248 1093 1282 τῶν
1126 1243 1291 1295 ἄλλων,
1331 1241 1634 1297 οὓς”Ἐλληνες
1660 1243 1714 1285 ε’ν·

118 1584 152 1609 20

117 1909 150 1934 25

116 2236 148 2260 30

173 1312 265 1354 τοῖς
285 1306 455 1347 δώδεκα
474 1310 600 1355 θεοῖς
619 1310 987 1359 καταριθμοῦσιν,
1009 1307 1117 1348 ἀλλὰ
1136 1306 1207 1349 καὶ
1229 1315 1317 1348 τῶν
1336 1308 1708 1362 προγενεστέρων,

175 1369 216 1421 ἐξ
251 1365 313 1413 ὧν
346 1372 387 1412 οἱ
421 1371 590 1412 δώδεκα
621 1370 722 1413 θεοὶ
754 1374 1113 1425 μυθολογοῦνται
1146 1371 1376 1425 γενέσθαι,
1418 1375 1596 1428 Κρόνου
1635 1373 1708 1415 καὶ

169 1434 284 1485 Ῥέας
309 1435 381 1478 καὶ
407 1435 593 1489 Θέμιδος
619 1437 690 1478 καὶ
712 1439 885 1490 Λητοῦς
907 1436 979 1478 καὶ
1000 1440 1190 1492 [Μοιρῶν
1210 1438 1282 1479 καὶ
1303 1439 1609 1493 Α’Μνημοσύνης
1635 1440 1708 1481 καὶ

173 1508 262 1542 τῶν
287 1502 433 1543 ἄλλων
460 1501 680 1555 ἁπάντων,
707 1502 825 1543 ὅσων
852 1502 972 1543 ἐστὶν
999 1503 1093 1555 ἱερὰ
1119 1501 1190 1543 καὶ
1217 1502 1370 1557 τεμένη
1391 1502 1492 1559 παρ’
1508 1502 1706 1558 Ἕλλησι·

171 1565 242 1607 καὶ
264 1574 352 1608 τῶν
372 1567 572 1621 ὕστερον,
593 1567 664 1622 ἀφ’
693 1564 747 1609 οὗ
768 1569 848 1621 τὴν
875 1567 1014 1622 ἀρχὴν
1036 1569 1148 1617 Ζεὺς
1169 1567 1402 1622 παρέλαβε,
1421 1572 1705 1623 μυθολογου-

170 1631 315 1685 μένων
343 1631 569 1686 γενέσθαι,
597 1634 906 1687 Περσεφόνης,
930 1634 1210 1686 Εἰλειθυίας,
1237 1636 1464 1687 Νυμφῶν,
1490 1637 1706 1688 αΜουσῶν,

165 1694 326 1750 Ὡρῶν,
361 1699 583 1751 Χαρίτων,
611 1699 860 1751 Διονύσου,
893 1698 964 1739 καὶ
997 1697 1114 1740 ὅσων
1146 1697 1345 1752 ἡμιθέων
1378 1698 1628 1752 γενομένων
1661 1701 1715 1742 αἶ’

169 1761 306 1816 ψυχαὶ
345 1763 397 1802 τὰ
433 1763 578 1816 θνητὰ
617 1762 911 1804 ἀπολιποῦσαι
949 1763 1126 1817 σώματα
1163 1765 1223 1813 εἰς
1263 1764 1459 1818 οὐρανὸν
1496 1763 1708 1807 ἀνελθεῖν

171 1825 374 1881 λέγονται
405 1826 476 1868 καὶ
509 1829 634 1880 τιμὰς
667 1831 815 1883 λαχεῖν
846 1827 999 1883 ὁμοίας
1030 1832 1173 1881 θεοῖς,
1206 1827 1495 1884 “Ηρακλέους,
1531 1828 1706 1884 Ἀσκλη-

170 1898 297 1945 πιοῦ,
324 1893 638 1947 Διοσκούρων,
660 1892 855 1947 Ἑλένης,
882 1895 1054 1946 Πανὸς,
1086 1895 1232 1935 ἄλλων
1258 1897 1441 1948 μυρίων.
1473 1919 1522 1924 —
1553 1906 1708 1937 συντε-

170 1960 402 2011 λεσθείσης
434 1959 482 2000 δὲ
513 1964 589 2012 τῆς
620 1965 794 2013 πομπῆς
827 1957 1110 2013 ἐβουθύτουν
1141 1959 1280 2008 εὐθὺς
1307 1960 1352 2000 οἵ
1375 1975 1419 2000 τε
1446 1959 1605 2002 ὕπατοι
1631 1960 1705 2002 καὶ

169 2029 257 2063 τῶν
285 2022 436 2075 ἱερέων
463 2017 529 2072 οἷς
556 2024 694 2078 ὅσιον,
721 2025 793 2065 καὶ
819 2023 841 2065 ὁ
868 2031 956 2065 τῶν
982 2027 1246 2078 θυηπολιῶν
1271 2026 1432 2079 τρόπος
1453 2023 1475 2066 ὁ
1498 2024 1629 2074 αὐτὸς
1650 2023 1710 2079 ἧν

169 2092 230 2144 τῷ
255 2085 353 2142 παρ’
385 2089 500 2142 ἡμῖν.
550 2089 868 2143 χερνιψάμενοί
892 2104 936 2131 τε
962 2090 1044 2144 γὰρ
1073 2088 1198 2131 αὐτοὶ
1225 2088 1296 2130 καὶ
1324 2090 1375 2131 τὰ
1404 2090 1499 2145 ἱερὰ
1524 2094 1708 2147 καθαρῷ

169 2153 530 2206 περιαγνίσαντες
562 2153 691 2194 ὕδατι
728 2153 800 2195 καὶ
833 2157 1117 2208 Δημητρίους
1154 2157 1350 2209 καρποὺς
1390 2154 1710 2210 ἐπιρράναντες

169 2216 315 2258 αὐτῶν
353 2225 447 2266 ταῖς
485 2221 714 2271 κεφαλαῖς,
752 2216 899 2260 ἔπειτα
936 2219 1267 2271 κατευξάμενοι,
1305 2221 1440 2261 θύειν
1477 2221 1574 2261 τότε
1611 2228 1705 2270 τοῖς

167 2281 403 2337 ὑπηρέταις
434 2283 543 2324 αὐτὰ
577 2283 791 2326 ἐκέλευον.
837 2291 926 2326 τῶν
959 2284 1007 2325 δὲ
1034 2285 1074 2325 οἱ
1101 2282 1182 2338 μὲν
1208 2283 1392 2334 ἑστῶτος
1424 2282 1487 2326 ἔτι
1513 2291 1592 2327 τοῦ
1619 2286 1705 2327 θύ-

168 2363 301 2399 ματος
327 2349 520 2404 σκυτάλη
546 2351 649 2398 τοὺς
676 2349 926 2404 κροτάφους
951 2347 1126 2402 ἔπαιον,
1160 2350 1205 2390 οἱ
1228 2346 1275 2390 δὲ
1301 2351 1532 2399 πίπτοντες
1561 2350 1706 2392 ὑπετί-

167 2416 310 2454 θεσαν
336 2413 412 2462 τὰς
438 2414 658 2468 σφαγίδας
677 2414 749 2455 καὶ
768 2415 875 2467 μετὰ
894 2420 1024 2456 τοῦτο
1046 2413 1271 2468 δείραντές
1291 2430 1335 2455 τε
1356 2415 1428 2456 καὶ
1448 2417 1705 2469 μελίσαντες

169 2476 364 2533 ἀπαρχὰς
397 2477 646 2533 ἐλάμβανον
677 2478 719 2529 ἐξ
753 2478 936 2521 ἑκάστου
970 2480 1224 2534 σπλάγχνου
1256 2478 1328 2520 καὶ
1363 2480 1527 2529 παντὸς
1565 2481 1708 2523 ἄλλου

262 2635 284 2672 5
313 2635 572 2686 στρατηλάτας
594 2637 724 2675 Vrbin.
826 2639 849 2675 8
879 2635 975 2686 ὅλην
1000 2635 1072 2687 τὴν
1100 2635 1192 2675 ὁδὸν
1212 2638 1410 2685 Kiessliny
1510 2640 1561 2676 12
1591 2636 1700 2689 ἔχου-

168 2705 232 2731 σαι
258 2694 455 2742 Kiessle'wy
590 2697 643 2733 14
676 2695 962 2746 παραδέδονται
987 2697 1186 2744 Kiesslinq
1323 2698 1377 2735 20
1410 2692 1482 2746 ἀφ’
1513 2691 1568 2735 ὧν
1598 2699 1698 2736 Clzz‘s.

176 2754 307 2792 Vrbin.
431 2757 482 2792 21
523 2754 776 2805 Φερσεφόνης
812 2757 911 2795 ΟῘιὶε.
941 2756 1072 2794 Vrbin.
1203 2756 1256 2792 25
1286 2751 1467 2807 Ἑλένης]
1501 2758 1698 2807 Σειληνοῦ

167 2813 366 2859 Kisssslinsl
391 2812 570 2864 Σελήνης
595 2815 744 2862 Jacoby
838 2818 890 2853 27
919 2813 938 2853 ὁ
967 2815 1055 2852 add.
1079 2815 1209 2852 Vrbin.
1304 2817 1356 2853 29
1385 2815 1583 2867 δήμητρος
1610 2817 1702 2854 libri

167 2884 263 2910 corr.
283 2873 460 2910 Mainake
583 2875 647 2912 31.
671 2876 722 2912 32
753 2872 772 2912 ὃ
799 2872 1076 2925 μὲν--ἔπαιεν
1101 2875 1195 2911 coni.
1219 2875 1413 2923 Kiesslmy
