2002 3342
713 616 764 671 Q.
803 616 1033 664 AELivs
1073 615 1366 681 TVBE301)

360 723 562 762 Aeliorum
583 723 836 763 Tuberonum
864 723 1008 762 familia
1033 729 1071 762 et
1091 725 1194 762 uitae
1217 724 1479 775 simplicitatis
1501 726 1805 776 seueritatisque

270 796 309 828 et
336 789 538 828 doctrinae
565 789 868 840 litterarumque
896 788 1008 827 laude
1036 801 1107 839 per
1134 788 1333 839 complura
1361 789 1514 828 saecula
1542 790 1691 841 floruit,
1720 792 1800 841 pri-

269 867 453 906 musque,
482 854 528 893 de
556 867 632 906 quo
661 860 904 905 compertum
934 853 1164 904 habeamus,
1192 852 1234 898 Q.
1256 854 1388 892 Aelius
1408 854 1582 906 Tubero,
1614 855 1801 894 Aemiliae

268 920 443 958 Africani
468 921 633 958 minoris
661 921 809 958 sororis
837 919 958 969 filius,
986 918 1025 956 L.
1048 918 1203 957 Aemilii
1230 918 1338 957 Pauli
1366 932 1504 970 nepos,
1534 920 1728 959 inclaruit.
1767 922 1801 959 is

272 986 458 1036 princeps
478 984 743 1023 Romanorum
770 989 895 1023 totum
918 996 958 1022 se
980 982 1183 1022 addixerat
1204 985 1348 1022 stoicae
1367 986 1472 1023 uitae
1493 997 1537 1023 ac
1559 984 1804 1036 disciplinae,

269 1061 395 1100 usque
423 1049 537 1100 adeo,
563 1056 607 1088 ut
632 1062 711 1088 non
739 1049 864 1088 solum
894 1048 998 1087 domi
1026 1061 1190 1087 seuerus
1217 1062 1261 1087 ac
1288 1061 1429 1100 parcus
1457 1055 1562 1089 esset
1588 1050 1656 1088 sed
1683 1051 1800 1089 etiam

269 1114 443 1166 publice,
477 1127 565 1154 cum
594 1116 766 1154 Africani
799 1126 904 1153 mors
936 1114 1177 1153 honestanda
1213 1121 1333 1166 esset,
1367 1127 1560 1153 summam
1587 1121 1801 1154 ostentaret

268 1180 571 1231 simplicitatem.
602 1182 642 1218 in
665 1192 706 1219 re
727 1179 881 1231 publica
904 1179 1030 1218 stabat
1051 1179 1097 1217 ab
1118 1179 1385 1230 optimatibus,
1411 1185 1455 1219 ut
1469 1180 1553 1219 Tib.
1569 1180 1802 1232 Gracchum,

268 1258 357 1283 cum
386 1246 470 1283 eius
498 1246 647 1283 amicus
674 1246 831 1294 fuisset,
865 1257 948 1283 rem
981 1258 1016 1296 p.
1043 1251 1252 1283 nexantem
1281 1244 1575 1296 derelinqueret
1601 1251 1639 1284 et
1664 1250 1799 1296 postea

266 1311 307 1348 in
329 1310 467 1348 Gaium
495 1311 656 1349 fratrem
682 1310 785 1349 haud
813 1311 958 1348 frustra
986 1309 1210 1360 complures
1234 1311 1431 1349 orationes
1457 1310 1630 1349 haberet.
1670 1322 1797 1361 neque

268 1380 417 1425 tamen,
450 1381 492 1414 ut
526 1377 579 1414 ait
606 1375 761 1427 Cicero,
795 1377 989 1414 maiorum
1022 1375 1237 1414 honoribus
1270 1374 1509 1427 respondere
1541 1377 1678 1427 potuit.
1718 1381 1800 1414 erat

268 1442 372 1479 enim
393 1446 437 1479 ut
456 1442 537 1479 uita
559 1443 616 1479 sic
637 1443 753 1479 etiam
777 1443 952 1479 oratione
975 1441 1110 1492 durus,
1137 1441 1321 1492 incultus,
1348 1440 1544 1491 horridus,
1571 1453 1698 1492 neque
1718 1440 1797 1492 pla-

268 1507 350 1544 cuit
377 1508 498 1544 stoica
527 1508 611 1545 eius
638 1508 794 1545 iactatio
824 1505 985 1557 populo,
1019 1508 1086 1557 qui
1114 1507 1198 1544 eius
1225 1507 1455 1557 sapientiam
1483 1507 1523 1544 in
1550 1512 1675 1545 morte
1700 1505 1801 1544 Afri-

267 1572 355 1609 cani
389 1571 622 1610 celebranda
650 1577 728 1610 tam
756 1573 931 1623 grauiter
957 1571 1063 1623 tulit,
1095 1577 1139 1610 ut
1163 1577 1372 1622 praeturae
1401 1583 1469 1622 spe
1498 1583 1586 1610 eum
1614 1570 1800 1610 deiceret.

266 1648 360 1675 num
392 1642 528 1687 postea
561 1649 646 1676 eam
681 1637 845 1688 adeptus
878 1639 928 1676 sit
961 1642 1000 1676 et
1032 1636 1079 1675 ad
1112 1649 1308 1676 summum
1342 1636 1532 1675 honorem
1563 1636 1799 1687 escenderit,

265 1702 339 1740 etsi
360 1701 599 1753 Pomponius
627 1698 694 1755 (de
716 1704 811 1753 orig.
834 1704 907 1741 iur.
923 1699 998 1756 40)
1026 1702 1065 1740 id
1093 1701 1265 1753 tradidit,
1291 1703 1510 1754 nescimus,
1537 1714 1664 1752 neque
1693 1703 1796 1740 enim

265 1766 367 1817 apud
395 1766 643 1818 Ciceronem,
678 1769 741 1806 cui
773 1767 961 1818 pleraque
996 1767 1042 1806 de
1077 1779 1120 1805 eo
1154 1766 1341 1805 debemus
1369 1763 1495 1820 (Brut.
1517 1764 1697 1817 31,117.
1727 1778 1797 1817 pro

266 1831 416 1870 Muren.
436 1829 504 1883 36,
522 1830 587 1871 75.
616 1832 717 1872 Lael.
737 1831 803 1883 11,
818 1830 886 1871 37.
909 1830 976 1881 27,
995 1829 1111 1885 101),
1137 1844 1303 1883 usquam
1325 1833 1409 1870 eius
1429 1833 1727 1882 magistratuum
1756 1832 1799 1870 fit

264 1898 423 1948 mentio,
450 1899 527 1936 nisi
555 1910 643 1936 eum
671 1898 872 1937 tribunatu
900 1898 1075 1936 functum
1104 1893 1240 1950 esse.³)

353 1962 474 2001 Multo
506 1965 633 2002 maius
661 1965 746 2002 eius
774 1964 847 2002 fuit
873 1975 1016 2001 nomen
1043 1964 1083 2000 in
1110 1962 1272 2013 litteris,
1302 1962 1445 2013 quibus
1473 1962 1555 2000 dies
1582 1968 1799 2012 noctesque

266 2039 417 2066 summa
445 2041 534 2067 cum
562 2028 796 2068 adsiduitate
825 2041 983 2080 operam
1011 2027 1126 2066 dabat
1151 2023 1250 2080 (Cic.
1273 2027 1319 2066 de
1341 2040 1395 2066 or.
1417 2025 1455 2078 3,
1471 2024 1642 2079 23‚87).
1681 2032 1796 2077 atque

268 2094 440 2144 primum
468 2093 627 2144 quidem
656 2093 837 2133 audiebat
861 2093 1043 2132 Publium
1064 2092 1237 2132 Mucium
1265 2098 1304 2132 et
1329 2091 1494 2131 Brutum
1522 2098 1561 2131 et
1585 2091 1797 2142 Manilium,

264 2159 331 2208 qui
364 2159 425 2196 ius
459 2158 574 2197 ciuile
609 2159 871 2198 fundauerant
898 2155 1103 2212 (Pompon.
1126 2158 1147 2197 l.
1171 2171 1199 2197 s.
1223 2155 1291 2212 s.),
1324 2164 1407 2197 tum
1438 2170 1534 2197 uero
1567 2157 1795 2196 Panaetium

264 2222 551 2274 philosophum,
578 2225 682 2263 inter
703 2226 816 2263 cuius
838 2224 1051 2276 discipulos
1072 2225 1328 2275 praecipuum
1350 2223 1477 2262 locum
1499 2223 1679 2274 obtinuit,
1706 2235 1795 2261 cum

262 2300 340 2326 non
374 2288 499 2327 solum
533 2290 617 2328 eius
645 2289 906 2341 condiscipuli
934 2290 1001 2329 sed
1029 2291 1146 2328 etiam
1180 2290 1264 2339 ipse
1290 2288 1498 2327 Panaetius
1531 2287 1652 2326 libros
1679 2299 1795 2338 quos-

265 2352 351 2391 dam
380 2353 427 2391 ad
455 2366 544 2392 eum
571 2351 815 2409 miserint3),
850 2354 986 2393 Cicero
1022 2360 1151 2393 autem
1178 2355 1215 2392 ei
1240 2359 1371 2404 partes
1398 2353 1585 2404 quasdam
1613 2352 1796 2403 colloquii

263 2416 310 2456 de
338 2430 379 2456 re
406 2418 562 2469 publica
589 2420 758 2459 instituti
783 2415 1017 2474 tribueritfi)

359 2528 392 2570 1)
420 2526 502 2562 Vid.
525 2527 608 2561 adn.
631 2528 678 2561 ad
700 2540 733 2572 p.
750 2540 847 2563 cccn.

358 2581 392 2623 2)
418 2579 533 2614 Recte
565 2581 662 2614 enim
696 2580 853 2615 Schuetz
879 2581 981 2615 Brut.
1009 2581 1031 2615 l.
1060 2592 1087 2615 s.
1114 2592 1180 2624 pro
1206 2579 1463 2622 triumuiratu,
1497 2589 1591 2623 quae
1625 2578 1793 2613 codicum

263 2632 447 2676 scriptura
474 2633 654 2678 explicari
680 2635 822 2678 nequit,
850 2634 1045 2670 substituit
1071 2633 1314 2668 tribunatum.
1342 2653 1384 2658 —
1408 2631 1459 2667 Cf.
1481 2632 1599 2667 Zeller
1621 2632 1742 2667 Gesch.
1758 2631 1793 2666 d.

259 2697 312 2730 yr.
335 2686 470 2721 Philos.
491 2686 541 2720 m
563 2687 601 2721 1³
619 2699 655 2731 p.
671 2691 738 2722 535
751 2699 804 2731 sq.

358 2740 393 2782 3)
421 2739 493 2774 Cic.
515 2740 560 2774 de
582 2740 675 2774 offic.
699 2744 731 2783 3,
748 2745 802 2783 15,
818 2744 872 2776 63,
913 2741 958 2775 de
978 2741 1039 2776 fin.
1061 2745 1093 2783 4,
1111 2744 1141 2783 9,
1158 2744 1213 2775 23.
1250 2739 1396 2774 Tuscul.
1418 2744 1450 2782 4,
1466 2744 1499 2783 2,
1513 2744 1533 2774 4
1567 2738 1612 2773 ef.
1634 2737 1738 2772 acad.
1760 2741 1793 2779 2,

259 2795 411 2834 44‚135.

358 2847 393 2890 4)
420 2845 474 2881 De
499 2857 537 2880 re
563 2858 598 2890 p.
616 2852 646 2889 1,
664 2850 718 2889 19,
734 2850 789 2882 31.
818 2847 865 2881 ad
887 2847 927 2889 Q.
948 2847 990 2882 fr.
1013 2851 1045 2891 3,
1061 2851 1093 2892 5,
1110 2851 1140 2881 1.
1169 2847 1216 2882 ad
1236 2847 1313 2882 Att.
1329 2851 1362 2890 4,
1379 2850 1432 2891 16,
1449 2850 1478 2880 2.
