2002 3342
650 200 688 234 P.
711 200 933 234 RVTILIVS
960 201 1054 234 RVF
1063 201 1116 234 Vs
1534 215 1649 244 CCLV

119 309 352 364 inte1·l'uit¹),
380 311 521 362 quibus
549 311 587 349 id
615 311 813 362 agebatur,
841 317 883 349 ut
912 311 1212 362 prouincialium
1241 313 1442 362 angustiae
1466 318 1504 351 et
1525 314 1653 363 inopia

119 376 356 427 leuaremur,
395 376 702 415 defenderentur
735 382 863 414 autem
898 376 1197 427 publicanorum
1232 379 1411 416 iniuriae.
1454 390 1569 428 quam
1606 377 1654 415 ob

121 454 203 480 rem
231 443 306 480 etsi
332 454 474 480 nouem
502 454 659 479 menses
689 441 875 480 Scaeuola
896 441 1010 479 Asiae
1038 443 1208 492 praefuit
1235 438 1333 495 (Cic.
1356 442 1403 480 ad
1429 443 1504 481 Att.
1525 440 1564 493 ἶ),
1590 441 1654 490 17,

118 504 178 560 ὑ),
213 513 341 546 tamen
377 520 421 544 eo
454 506 569 544 breui
595 512 771 557 tempore
806 508 1059 557 continentia,
1092 508 1252 557 iustitia,
1286 507 1520 546 liberalitate
1547 509 1653 546 Asia-

118 584 258 611 norum
292 584 465 610 amorem
500 576 650 610 tantum
686 571 761 609 sibi
795 571 1040 622 conciliauit,
1072 577 1115 610 ut
1149 573 1188 610 in
1222 574 1307 611 eius
1334 573 1522 611 honorem
1550 572 1654 611 diem

117 638 260 676 festum
285 638 424 676 Mucia
446 638 696 675 nominarent
721 632 1000 689 (Pseudo-Asc.
1023 637 1044 675 l.
1067 634 1116 682 5.)
1145 646 1183 675 et
1203 650 1328 688 usque
1350 638 1396 676 ad
1417 638 1654 677 Mithridatis

120 709 285 741 aetatem
313 702 560 741 celebrarent
586 699 684 754 (Cic.
706 702 814 740 Verr.
835 699 1060 754 2‚21‚51).
1106 714 1184 740 non
1209 704 1342 741 minus
1369 709 1499 742 autem
1526 703 1653 754 publi-

120 780 308 806 canorum
330 767 462 806 odium
490 769 530 806 in
552 780 593 806 se
616 769 810 806 contraxit
837 764 935 820 (Cic.
958 767 1004 806 ad
1027 769 1113 805 l'am.
1138 766 1174 818 1,
1190 764 1227 818 9,
1243 765 1310 806 26.
1344 781 1415 819 pro
1435 768 1564 807 Plano.
1590 768 1654 818 13,

117 830 205 885 33),
233 834 298 884 qui
327 846 415 872 cum
442 832 587 871 iudicia
615 838 698 871 tum
725 845 847 884 penes
874 834 1027 883 equites
1055 838 1205 883 essent,
1239 839 1277 871 et
1304 833 1410 885 odia,
1443 833 1586 884 quihus
1614 836 1654 872 in

116 897 306 937 Rutilium
328 904 442 949 atque
465 900 504 936 in
527 898 757 937 Scaeuolam
784 897 1012 948 flagrabant,
1042 898 1154 936 facile
1177 898 1326 949 expleri
1348 904 1386 937 et
1407 900 1653 950 optimatium

117 969 266 1014 partem
302 963 499 1002 debilitari
532 963 743 1014 adssigique
776 975 891 1014 posse
926 963 1105 1001 arbitrati
1137 963 1346 1014 Rutilium,
1380 965 1446 1015 qui
1486 965 1524 1002 in
1564 965 1653 1002 Asia

116 1030 354 1067 remansisse
366 1025 399 1081 Σ’)
435 1035 473 1067 et
505 1028 641 1067 eadem
669 1041 744 1079 qua
778 1028 929 1067 Mucius
956 1028 1232 1067 heneuolentia
1259 1030 1505 1080 prouinciam
1532 1029 1653 1068 admi-

115 1095 305 1132 nistrasse
333 1094 502 1145 uidetur,
531 1107 561 1132 a.
585 1092 651 1132 92.
677 1091 762 1132 662
789 1093 854 1132 uel
882 1091 949 1132 93.
972 1090 1102 1146 6613)
1131 1093 1440 1145 repetundarum
1461 1107 1572 1133 reum
1600 1094 1654 1132 se-

115 1172 216 1198 cere.
258 1159 304 1197 de
332 1161 415 1210 ipso
450 1165 579 1197 autem
614 1159 779 1209 iudicio,
813 1161 887 1197 etsi
915 1161 1145 1210 saepissime
1174 1172 1263 1198 cum
1289 1159 1435 1198 Rutilio
1462 1162 1653 1198 uirtutem

114 1226 239 1275 ipsam
261 1226 300 1263 in
322 1224 482 1263 exilium
504 1226 665 1263 missam
687 1237 772 1263 esse
799 1230 1108 1276 conqueruntur,
1133 1237 1329 1275 perpauca
1350 1231 1507 1264 ueteres
1530 1227 1654 1276 scrip-

114 1297 220 1329 tores
260 1291 473 1329 memoriae
508 1289 730 1341 prodidere.
783 1291 972 1328 inmissus
1011 1291 1133 1340 igitur
1171 1303 1191 1328 a
1230 1290 1452 1341 publicanis
1492 1291 1654 1341 Apicius

114 1355 283 1406 quidam,
311 1357 377 1406 qui
404 1361 566 1406 propter
593 1355 788 1394 luxuriam
818 1355 915 1394 male
937 1354 1121 1394 audiebat
1142 1352 1298 1408 (Athen.
1314 1354 1353 1406 4,
1369 1353 1424 1394 66
1446 1369 1481 1407 p.
1500 1353 1582 1394 168
1599 1353 1653 1409 d),

114 1420 259 1459 Rutilio
293 1433 370 1459 non
405 1420 530 1459 solum
563 1421 685 1459 multa
719 1421 853 1459 furtim
882 1433 928 1459 ex
955 1422 1160 1471 prouincia
1188 1420 1313 1460 ablata
1343 1426 1653 1472 corruptumque

114 1488 280 1537 pecunia
302 1485 347 1524 ab
370 1498 415 1524 eo
431 1485 473 1531 Q.
490 1486 659 1525 Mucium
683 1485 938 1536 exprobrauit
959 1482 1086 1538 (Cass.
1101 1486 1211 1524 Dion.
1228 1486 1273 1524 fr.
1291 1484 1358 1536 95),
1377 1482 1420 1539 1)
1443 1486 1512 1525 sed
1534 1488 1650 1525 etiam

115 1558 249 1602 stupra
282 1564 326 1589 ac
358 1550 555 1589 lubidines
588 1548 688 1604 (Cic.
716 1564 786 1602 pro
820 1551 930 1589 Font.
961 1549 1026 1601 17,
1054 1547 1148 1604 38),
1182 1551 1251 1590 sed
1291 1564 1379 1589 cum
1412 1558 1649 1602 perorasset,

113 1616 294 1666 Rutilius,
321 1622 365 1654 ut
391 1622 475 1654 erat
501 1617 739 1667 integritatis
763 1623 801 1654 et
821 1617 1072 1655 innocentiae
1095 1629 1187 1655 suae
1210 1616 1285 1655 sibi
1307 1619 1501 1667 conscius,
1529 1629 1652 1668 paene

114 1682 330 1731 Socratico,
364 1687 405 1720 ut
439 1682 492 1720 ait
518 1681 783 1726 Quintilianus
810 1678 899 1734 (11,
924 1680 959 1732 1,
984 1677 1075 1734 12),
1109 1694 1252 1732 genere
1289 1681 1530 1721 defensionis
1556 1695 1653 1721 usus

113 1744 206 1785 ‘non
240 1746 354 1784 modo
388 1746 550 1797 supplex
585 1746 783 1785 iudicibus
817 1759 904 1785 esse
939 1746 1081 1797 noluit,
1116 1746 1185 1786 sed
1212 1759 1260 1785 ne
1289 1749 1466 1786 ornatius
1493 1747 1652 1798 quidem

113 1817 178 1851 aut
205 1811 368 1850 liberius
396 1824 551 1850 causam
581 1811 658 1850 dici
684 1824 793 1850 suam
822 1824 939 1863 quam
971 1812 1135 1863 simplex
1166 1813 1265 1851 ratio
1285 1814 1466 1851 ueritatis
1488 1810 1652 1851 ferebat’

113 1874 257 1931 (Cicer.
287 1877 333 1915 de
367 1882 462 1915 orat.
493 1876 528 1928 1,
556 1874 624 1928 53,
657 1874 755 1916 229.
795 1878 842 1916 cf.
870 1876 981 1916 Oros.
1009 1874 1048 1928 5,
1079 1875 1144 1928 17,
1176 1875 1266 1930 12),
1300 1883 1339 1917 et
1371 1890 1459 1917 cun]
1495 1891 1539 1916 eo
1566 1879 1652 1929 ipso

116 1949 291 1993 tempore
314 1942 627 1993 eloquentissimi
647 1943 725 1981 uiri
746 1942 946 1993 florerent,
972 1942 1012 1980 L.
1035 1942 1200 1981 Crassus
1222 1948 1259 1982 et
1279 1943 1327 1982 M.
1347 1944 1540 1982 Antonius
1562 1956 1651 1981 con-

211 2065 243 2107 1)
270 2063 370 2097 Haec
404 2063 502 2097 enim
534 2062 693 2097 tradidit
724 2063 853 2097 Liuius
879 2074 954 2107 per.
979 2066 1039 2105 ΤΟ,
1074 2074 1233 2107 quocum
1266 2063 1358 2097 facit
1383 2063 1567 2097 Diodorus
1595 2067 1651 2105 37,

113 2122 145 2158 5„
163 2122 198 2151 1:
226 2117 457 2160 ἐκπεμφθεὶς
483 2115 552 2161 γὰρ
581 2116 632 2157 εἰς
657 2116 723 2160 τὴν
747 2113 872 2150 Ἀσίαν
899 2117 1100 2161 στρατηγὸς
1126 2116 1384 2160 ἐπιλεξάμενος
1408 2116 1473 2151 τὸν
1501 2116 1652 2159 ἄριστον

113 2176 185 2204 τῶν
217 2168 335 2214 φίλων
367 2170 574 2215 σύμβουλον
608 2169 768 2204 Κόιντον
789 2167 967 2204 Ῥοτίλιον
998 2169 1074 2214 μετ’
1106 2170 1222 2204 αὐτοῦ
1249 2169 1450 2214 συνήδρευε
1477 2169 1650 2215 βουλευό-

113 2236 222 2267 μενος
254 2224 317 2258 καὶ
348 2222 474 2258 πάντα
506 2222 714 2257 διατάττων
746 2223 809 2257 καὶ
842 2222 978 2265 κρίνων
1010 2222 1056 2257 τὰ
1089 2222 1184 2258 κατὰ
1215 2223 1283 2268 τὴν
1316 2222 1508 2267 ἐπαρχίαν.
1560 2234 1650 2267 prae

113 2277 214 2312 hisce
245 2276 470 2311 testimoniis
497 2277 724 2320 spernendus
751 2278 807 2310 est
838 2276 1185 2311 Pseudo-Asconius
1219 2280 1266 2321 (p.
1296 2280 1362 2310 122
1391 2276 1449 2310 Or.
1477 2280 1545 2310 202
1567 2275 1649 2320 St.):

113 2331 241 2365 Huius
275 2330 506 2375 [Scaeuolae]
543 2335 711 2374 quaestor
746 2330 912 2365 Rutilius
948 2330 1075 2372 Rufus
1110 2329 1308 2364 damnatus
1343 2334 1409 2372 est,
1441 2330 1536 2373 quod
1570 2342 1650 2364 cum

108 2389 276 2428 praetore
303 2385 518 2418 consenserit
542 2395 625 2425 suo,
658 2395 702 2418 ne
722 2384 918 2427 publicani
944 2383 1088 2427 aliquid
1114 2388 1259 2428 ayerent
1287 2384 1325 2416 in
1347 2385 1543 2426 prouincia
1570 2395 1650 2417 sua.

210 2438 244 2481 2)
272 2436 426 2471 Secutus
449 2448 528 2470 sum
549 2436 765 2470 Haakhium
793 2437 931 2481 <Pauly
953 2437 1183 2481 Realencykl.
1204 2436 1254 2470 VI
1283 2440 1298 2469 1
1328 2448 1362 2480 p.
1385 2437 1478 2480 587),
1506 2436 1569 2479 qui
1602 2436 1650 2470 ad

114 2490 210 2524 hanc
243 2490 466 2524 sententiam
498 2490 671 2534 peruenit
703 2489 850 2524 collatis
883 2490 1007 2524 uerbis
1040 2489 1234 2532 Pomponii
1261 2490 1321 2533 (de
1348 2490 1438 2533 orig.
1460 2489 1528 2523 iur.
1557 2494 1587 2531 2,
1604 2494 1649 2524 40

113 2555 148 2588 p.
176 2548 196 2576 4
229 2543 428 2588 Momms.):
463 2544 505 2577 P.
533 2543 701 2578 Rutilius
734 2544 877 2585 Rufus,
910 2544 974 2587 qui
1008 2543 1144 2577 Romae
1176 2544 1302 2577 consul
1339 2548 1371 2578 et
1402 2544 1512 2578 Asiae
1544 2555 1650 2587 pro-

114 2597 267 2631 com-ul
303 2597 388 2639 fuit.
427 2596 542 2630 etiam
581 2596 651 2630 hoc
689 2596 776 2629 inde
814 2596 925 2631 facile
962 2596 1180 2640 explicatur,
1217 2595 1315 2639 quod
1352 2596 1514 2630 Rutilius
1552 2606 1649 2630 anno

115 2650 263 2683 demum
291 2654 345 2683 92.
374 2653 439 2684 662
468 2661 489 2683 a
514 2649 725 2694 publicanis
751 2660 834 2683 reus
862 2649 983 2683 factus
1011 2651 1076 2691 est,
1109 2660 1193 2682 cum
1219 2649 1294 2682 iam
1321 2649 1427 2682 annis
1454 2650 1649 2683 minimum

116 2705 256 2746 septem
284 2706 370 2737 ante
397 2703 539 2737 Mucius
567 2714 609 2737 ex
636 2703 725 2736 Asia
751 2702 981 2737 decessisset.

211 2757 244 2799 3)
275 2755 345 2789 Hie
372 2766 489 2790 annus
517 2758 754 2800 computatus
782 2758 837 2790 est
865 2767 907 2790 ex
934 2756 1014 2790 loeo
1042 2767 1114 2800 quo
1141 2755 1267 2789 Liuius
1296 2757 1385 2800 (per.
1408 2758 1465 2800 70)
1501 2755 1649 2790 illorum

116 2819 295 2842 annorum
322 2820 378 2843 res
404 2819 629 2853 persequens
650 2809 831 2843 Rulilium
857 2809 894 2843 in
923 2808 1074 2843 exilium
1102 2808 1256 2842 missum
1283 2820 1362 2844 esse
1382 2811 1574 2843 memorat.
1603 2809 1646 2842 cf.

115 2861 274 2903 Fischer,
303 2863 447 2905 Zeittaf.
469 2863 516 2896 ad
543 2875 574 2897 a.
598 2867 640 2897 93
667 2875 702 2906 p.
726 2866 805 2897 170.
