2002 3342
700 191 746 225 M.
770 190 970 225 PORCIVS
998 191 1120 226 CATO
1499 206 1673 236 cxxxlx

134 304 383 355 giniensibus
422 302 566 341 bellum
607 304 747 340 initum
785 308 905 352 esset,
945 303 1073 341 uictae
1110 308 1259 352 essent,
1301 304 1445 342 factum
1488 316 1593 353 csse,
1634 311 1674 342 ut

137 382 272 408 earnm
299 369 461 407 historia
489 367 600 406 libris
627 367 749 406 altero
777 373 812 405 et
841 369 958 406 tertio
987 365 1316 407 al)solueretur.¹›

226 435 359 485 ltaque
393 435 450 471 sic
482 438 666 472 statuam:
713 432 808 471 Cum
843 432 935 471 Cato
970 445 1001 471 a.
1033 430 1126 471 189.
1155 430 1240 472 565
1275 446 1320 472 ex
1354 434 1536 473 Antiochi
1572 434 1675 473 bello

136 500 298 538 Romam
332 511 517 537 reuersus
551 504 588 536 et
621 510 651 536 a.
682 495 776 536 184.
805 495 892 535 570
925 510 1091 536 censura
1120 498 1278 537 functus
1306 500 1345 537 in
1375 500 1457 537 foro
1491 499 1674 551 domique

133 567 259 603 otium
287 565 531 615 negotiosum
560 569 702 613 ageret,
730 569 772 601 ut
799 568 881 601 erat
903 560 1200 614 ‘cupidissimus
1223 562 1473 615 litterarum’⁷
1505 565 1673 616 amplam

137 642 270 668 rerum
304 629 541 667 Graecarum
575 635 613 667 et
644 628 867 667 Italicarum
907 629 1111 666 scientiam
1152 628 1227 667 sihi
1265 631 1436 680 parauit,
1477 632 1589 669 cuius
1631 637 1673 669 ut

136 697 252 734 etiam
293 696 401 733 ciues
439 695 651 746 participes
691 699 824 732 essent
862 693 1014 731 indoles
1054 695 1139 732 eius
1179 694 1340 733 ferebat.
1392 695 1512 734 multa
1553 697 1676 746 igitur

136 761 295 812 scripsit
329 759 540 810 ediditque.
585 759 704 798 Perse
739 764 869 797 autem
903 757 950 796 ad
984 758 1156 810 Pydnam
1189 761 1295 798 uicto
1328 759 1514 799 Romanis
1550 760 1675 799 doctis

135 827 346 877 imperium
375 826 631 863 constitutum
659 824 958 875 perfectumque
986 836 1072 862 esse
1100 825 1231 863 uisum
1260 837 1346 863 esse
1376 827 1486 864 testis
1522 832 1581 864 est
1605 826 1675 864 Po-

134 891 274 942 lybius,
301 892 368 942 qui
394 896 477 928 tum
504 902 566 928 res
594 889 640 928 ab
669 891 780 928 initio
808 889 900 928 belli
928 888 1176 928 Hannibalici
1202 902 1328 941 usque
1356 890 1403 929 ad
1430 904 1541 929 suam
1570 897 1672 930 aeta-

134 962 214 995 tem
240 956 427 1007 persequi
454 954 660 993 consilium
688 961 846 1006 ceperat
873 951 1091 1008 (Susemihl
1119 956 1234 994 Ales..
1257 956 1399 995 Litter.
1425 956 1468 1005 ΙΙ,
1496 969 1531 1006 p.
1556 954 1673 1009 106),

134 1027 178 1060 ut
205 1022 322 1059 etiam
349 1020 487 1059 Catoni
514 1020 626 1059 facile
654 1022 693 1059 in
720 1025 893 1059 mentem
920 1022 1059 1059 uenire
1086 1021 1257 1071 potuerit
1287 1019 1434 1059 Graeco
1467 1034 1576 1060 more
1612 1034 1675 1060 res

133 1086 293 1125 urbium
326 1086 567 1137 Italicarum,
601 1098 699 1137 quae
733 1085 846 1125 bellis
879 1086 1038 1124 Punicis
1073 1087 1360 1124 contaminatae
1389 1086 1435 1125 ad
1463 1088 1673 1138 imperium

134 1151 352 1190 Romanum
381 1151 622 1202 aspirabant,
651 1150 696 1189 ab
724 1151 943 1201 originibus
970 1156 1161 1202 repetere.
1207 1163 1298 1189 nam
1325 1152 1365 1190 in
1394 1151 1601 1190 scribenda
1630 1165 1672 1190 ea

134 1217 297 1256 historia
325 1229 365 1255 se
393 1218 470 1254 iam
497 1229 597 1255 anno
622 1213 716 1255 168.
738 1214 824 1255 586
853 1222 1054 1255 uersatum
1082 1229 1169 1255 esse
1197 1217 1282 1267 ipse
1309 1217 1350 1255 in
1378 1216 1477 1255 libro
1499 1217 1673 1256 secundo

133 1278 199 1335 (fr.
224 1279 300 1335 49)
329 1282 578 1331 significauit.
624 1282 754 1332 itaque
788 1283 821 1320 si
854 1283 997 1332 uiginti
1030 1282 1111 1321 fere
1145 1283 1257 1320 annis
1289 1288 1378 1333 post
1411 1284 1602 1334 septimus
1637 1285 1673 1322 ei

133 1348 331 1398 originum
358 1346 459 1385 liber
484 1348 524 1385 in
551 1346 733 1385 manibus
762 1352 856 1397 erat,
883 1347 957 1385 hoc
983 1352 1114 1386 autem
1142 1349 1330 1398 temporis
1358 1347 1566 1386 interuallo
1595 1360 1673 1386 non

132 1412 260 1450 solum
293 1412 426 1451 multis
459 1413 588 1451 causis
629 1411 831 1451 districtus
871 1418 955 1451 erat
994 1412 1062 1451 sed
1102 1414 1219 1451 etiam
1259 1412 1332 1451 alia
1372 1425 1489 1464 opera
1525 1413 1673 1452 diuersi

133 1479 291 1529 generis
313 1479 544 1528 composuit,
573 1477 741 1528 denique
764 1479 797 1516 si
819 1483 1004 1528 quattuor
1023 1477 1311 1528 posterioribus
1332 1477 1443 1516 libris
1466 1479 1672 1529 inscriptio

133 1555 272 1594 parum
298 1542 438 1581 idonea
466 1555 552 1581 esse
578 1544 655 1581 iam
678 1543 858 1581 Cornelio
880 1542 1022 1594 Nepoti
1050 1548 1088 1582 et
1109 1543 1223 1581 Festo
1249 1538 1332 1596 (uel
1354 1544 1489 1582 Verrio
1512 1541 1670 1597 Flacco)

133 1609 219 1646 uisa
247 1614 303 1646 est
333 1609 446 1658 eique
474 1620 575 1647 noua
604 1608 846 1659 praefatione
872 1608 1045 1647 incohati
1073 1615 1163 1647 sunt
1184 1605 1250 1661 (sr.
1276 1605 1362 1661 TU,
1390 1610 1563 1659 origines
1591 1622 1669 1647 non

132 1685 211 1711 uno
240 1679 375 1711 tenore
403 1674 570 1724 scriptas
598 1679 636 1712 et
662 1673 878 1724 publicatas
906 1685 992 1712 esse
1021 1675 1210 1724 sequitur.
1223 1669 1256 1727 ²)

223 1738 432 1777 Maximum
461 1744 590 1777 autem
617 1739 691 1777 hoc
720 1738 931 1777 discrimen
960 1740 1197 1790 intercessit,
1226 1739 1328 1790 quod
1349 1740 1389 1777 in
1410 1745 1549 1791 quarto
1571 1739 1671 1778 libro

132 1803 284 1842 diuersi
325 1803 443 1842 riuuli
482 1803 624 1843 studiis
664 1803 964 1855 eruditioneque
1003 1805 1143 1843 nutriti
1185 1804 1461 1844 confluxerunt
1500 1805 1670 1857 Catoque

132 1881 267 1907 rerum
292 1868 357 1907 uel
384 1882 480 1920 quas
508 1871 627 1908 certis
654 1869 954 1908 auctoritatibus
981 1871 1242 1921 comperisset
1274 1869 1338 1909 uel
1365 1883 1461 1922 quas
1495 1872 1578 1922 ipse
1614 1872 1673 1910 ui-

230 1998 261 2040 1)
289 1996 395 2030 Hanc
416 1995 639 2030 sententiam
659 1995 829 2040 pluribus
850 1995 1112 2040 explicandam
1135 1999 1170 2030 eb
1189 1996 1408 2031 firmandam
1434 1996 1674 2041 A.W⁷agener

133 2049 156 2083 1.
179 2061 204 2083 s.
228 2050 403 2094 suscepit,
431 2059 550 2094 neque
576 2051 701 2084 tamen
727 2049 913 2093 probauit,
952 2050 1081 2093 itaque
1109 2049 1339 2084 Bormannus
1368 2050 1390 2085 l.
1413 2063 1439 2085 s.
1461 2050 1499 2084 in
1520 2050 1675 2096 quibus-

134 2103 220 2137 dam
246 2103 356 2137 rebus
382 2102 630 2137 Niebuhrium
662 2108 811 2136 secutus
845 2114 928 2137 cum
961 2114 1006 2137 ex
1032 2103 1125 2137 serie
1154 2114 1277 2137 rerum
1303 2103 1555 2138 Romanarum
1581 2103 1670 2138 reli-

129 2156 240 2200 quias
267 2157 454 2201 originum
481 2155 654 2191 collocari
681 2167 788 2200 posse
817 2156 1039 2201 desperaret,
1067 2157 1136 2191 hoc
1162 2157 1399 2201 potissimum
1427 2157 1559 2192 Catoni
1586 2169 1672 2202 pro-

130 2209 297 2254 positum
324 2209 437 2244 fuisse
465 2209 625 2252 censuit,
664 2212 706 2243 ut
732 2209 845 2243 situm
872 2211 908 2243 et
940 2221 1059 2244 mores
1098 2210 1339 2254 populorum,
1378 2211 1442 2255 qui
1469 2214 1548 2245 tum
1588 2222 1670 2245 cum

132 2263 310 2298 Romanis
338 2262 527 2297 coniuncti
548 2264 681 2305 essent,
709 2262 935 2298 describeret
956 2265 1266 2307 componeretque
1287 2275 1399 2308 quam
1420 2276 1516 2299 nunc
1538 2264 1670 2299 ethno-

131 2316 330 2362 graphiam
370 2316 642 2361 appellaremus
681 2316 830 2360 imperii
863 2317 1038 2358 Romani,
1077 2317 1291 2362 primusque
1332 2317 1427 2352 liber
1462 2318 1672 2352 contineret

128 2370 294 2414 origines
322 2370 520 2412 Romanas,
548 2369 730 2404 secundus
759 2371 796 2404 et
821 2370 954 2404 tertius
982 2370 1091 2405 urbes
1117 2369 1281 2413 Italicas,
1309 2373 1462 2415 quartus
1490 2371 1669 2412 Siciliam,

130 2423 288 2458 fortasse
322 2423 435 2458 etiam
469 2422 679 2457 Sardiniam
713 2428 748 2457 et
782 2423 985 2465 Corsicam,
1019 2423 1171 2468 quintus
1206 2426 1243 2458 et
1276 2426 1401 2459 sextus
1434 2424 1603 2469 Illyriam
1637 2428 1674 2458 et,

132 2476 409 2519 Macedoniam,
443 2476 622 2521 septimus
648 2476 887 2521 Hispaniam:
928 2478 991 2512 sed
1020 2478 1089 2511 hoc
1122 2477 1317 2512 inuentum
1347 2477 1492 2512 Vahlen
1519 2479 1670 2522 (Ztschr.

128 2531 160 2572 f.
188 2535 326 2565 oesterr.
352 2530 483 2575 Gymn.
512 2533 602 2564 1859
630 2542 664 2574 p.
687 2533 755 2564 480
771 2534 864 2575 sqq.)
899 2532 936 2564 et
968 2531 1102 2565 Iordan
1129 2531 1182 2576 (in
1210 2530 1389 2566 Fleckeis.
1418 2543 1500 2566 ann.
1530 2531 1602 2565 1101.
1632 2535 1674 2565 79

134 2595 168 2628 p.
196 2586 397 2627 424—433)
431 2583 507 2617 iam
543 2584 631 2617 satis
666 2583 845 2628 grauibus
882 2584 1111 2629 argumentis
1149 2584 1437 2630 redarguerunt;
1477 2597 1562 2618 nam
1602 2585 1674 2619 hae

130 2637 342 2671 sententiae
369 2639 405 2671 et
433 2648 516 2671 cum
544 2637 607 2679 eis,
635 2647 730 2681 quae
758 2637 803 2672 de
830 2637 1038 2682 originibus
1065 2638 1112 2672 ab
1134 2638 1298 2682 antiquis
1321 2638 1564 2682 scriptoribus
1592 2649 1676 2682 pro·

132 2690 216 2724 dita
243 2692 346 2733 sunt,
373 2692 409 2724 et
435 2701 519 2724 cum
544 2689 635 2734 ipsis
661 2689 830 2734 reliquiis
857 2691 940 2736 plus
967 2691 1137 2726 minusue
1165 2692 1395 2736 discrepant,
1426 2703 1545 2735 neque
1573 2692 1673 2735 quis-

136 2753 248 2786 quam
275 2743 327 2777 eis
353 2745 532 2788 patronus
559 2743 713 2778 exstibit.

233 2798 265 2840 2)
292 2795 509 2840 Nipperdey
536 2796 583 2830 ad
610 2796 703 2841 Nep.
720 2802 751 2840 3,
768 2802 798 2832 3.
830 2798 952 2843 Bergk
977 2800 1103 2843 Opusc.
1121 2799 1153 2832 II
1172 2811 1207 2843 p.
1226 2802 1302 2833 748.
1331 2798 1447 2832 Seeck
1471 2800 1674 2833 Kalenrler-

133 2849 224 2891 tafel
250 2861 284 2893 p.
309 2853 388 2884 178.
