2002 3342
691 197 731 231 L.
752 197 942 232 CASSIVS
969 197 1160 232 HEMINA
1555 211 1697 241 CLx1x

161 306 394 358 tradantur’,
432 307 616 358 idemque
652 309 689 346 in
724 309 804 346 uita
832 307 976 346 Vitellii
1011 320 1042 346 c.
1070 306 1116 358 2,
1156 321 1244 347 cum
1271 308 1314 353 Q.
1336 307 1496 358 Elogius
1523 308 1698 347 Vitelliae

161 374 297 424 stirpis
318 374 510 423 originem
533 372 579 411 ad
602 372 695 411 deos
716 372 946 421 rettulisset,
968 385 988 410 3
1004 372 1136 411 Cassio
1154 373 1302 412 Seuero
1321 379 1520 412 auctorem
1542 375 1699 424 generis

160 438 358 477 Vitellium
385 437 615 476 libertinum
643 443 819 476 sutorem
845 439 1221 476 ueteramentarium
1254 438 1453 489 proditum
1481 451 1567 477 esse
1595 451 1698 477 com-

160 508 363 553 memorat,
391 501 520 541 ‘cuius
549 502 652 540 tilius
677 502 920 541 sectionibus
941 508 979 541 et
999 504 1218 553 cognituris
1238 503 1401 542 uberius
1422 503 1698 554 compendium

158 574 324 607 nanctus
352 579 398 606 ex
418 567 584 606 muliere
606 567 773 618 uulgari,
797 567 979 606 Antiochi
1001 567 1205 606 cuiusdam
1235 569 1449 607 furnariam
1477 570 1698 607 exercentis

161 633 251 683 filia,
283 634 456 684 equitem
482 631 701 671 Romanum
734 631 965 683 genuisset'.
1011 632 1107 671 haec
1141 638 1271 671 tamen
1304 634 1356 672 ita
1390 635 1547 684 sapiunt
1574 634 1698 672 Cassii

160 699 299 737 Seueri
331 699 499 736 oratoris
532 697 768 748 lubidinem,
802 695 894 748 ‘qua
926 699 1035 736 uiros
1069 698 1314 749 feminasque
1348 698 1536 737 inlustres
1562 711 1698 749 proca-

160 763 273 802 cibus
300 764 459 814 scriptis
488 761 774 801 diss'amauerat'
803 760 913 815 (Tac.
941 775 1027 801 ann.
1059 761 1095 811 1,
1125 761 1179 802 72
1206 764 1252 801 cf.
1279 761 1319 814 4,
1346 761 1440 816 ²21),
1474 770 1516 802 ut
1548 764 1651 802 hunc
1678 778 1697 801 a

162 829 349 867 Suetonio
372 827 518 867 dictum
541 840 627 866 esse
649 829 869 866 communis
891 829 1022 879 opinio
1044 829 1106 866 sit.
1140 828 1204 866 hic
1225 834 1355 866 autem
1377 828 1482 867 solus
1505 828 1550 867 de
1567 828 1698 867 Cassia

160 898 276 944 gente
299 893 438 932 Seueri
465 894 697 944 cognomine
723 894 891 943 insignis
920 899 990 932 est.
1028 893 1156 932 Etiam
1184 894 1315 932 minus
1343 893 1381 932 C.
1404 894 1583 932 Cassium
1607 894 1698 932 Par-

159 971 356 1009 mensem,
395 959 463 1009 qui
498 959 571 997 suit
607 959 647 996 in
684 957 863 997 Caesaris
898 958 1201 1010 percussoribus
1238 964 1276 997 et
1308 972 1328 997 a
1361 960 1495 997 Cassio
1532 959 1698 998 Etrusco

161 1020 311 1077 (Horat.
333 1028 402 1062 sat.
427 1021 463 1074 1,
486 1020 552 1073 10,
574 1020 651 1076 62)
679 1023 861 1062 diuersus
883 1024 966 1074 l'uit,
994 1029 1152 1074 praeter
1178 1025 1351 1062 carmina
1376 1025 1491 1062 etiam
1514 1024 1698 1063 historias

160 1088 383 1127 condidisse
409 1087 612 1139 probabile
641 1094 710 1127 est.
757 1090 824 1139 qui
857 1090 962 1127 enim
988 1088 1085 1127 illud
1113 1090 1295 1140 opinatus
1323 1095 1423 1139 erat,
1450 1089 1610 1128 Vossius
1639 1085 1697 1142 (in

159 1153 324 1205 append.
352 1153 399 1192 ad
431 1153 518 1192 libr.
540 1153 591 1192 ΙΙΙ
623 1153 668 1192 (16
702 1154 791 1192 hist.
820 1152 922 1207 Lat.)
959 1167 1037 1192 uno
1074 1153 1158 1192 loco
1196 1154 1312 1192 Plinii
1349 1154 1539 1193 naturalis
1578 1155 1698 1193 histo-

159 1220 240 1258 riae
273 1215 362 1272 (31,
392 1216 464 1272 11)
500 1220 735 1257 sententiam
773 1232 882 1258 suam
922 1221 1108 1258 tirmauit:
1154 1221 1319 1269 Cydnus
1363 1221 1531 1259 Ciliciae
1569 1223 1698 1259 amnis

148 1286 396 1334 podaqricis
432 1286 633 1332 medetur,
670 1287 776 1323 sicut
815 1291 988 1334 apparet
1020 1287 1192 1335 epistula
1231 1286 1344 1324 Cassi
1376 1286 1609 1324 Parmensis
1645 1287 1701 1323 ad

160 1351 215 1389 M.
237 1351 468 1389 Antonium.
508 1355 546 1387 at
565 1350 630 1388 uix
660 1351 824 1399 cogitari
849 1355 990 1401 potest,
1016 1363 1091 1401 qua
1118 1351 1324 1388 occasione
1352 1350 1451 1388 hanc
1479 1350 1698 1401 epistulam,

160 1427 235 1466 qua
262 1415 353 1454 talia
380 1414 694 1464 continebantur,
722 1415 928 1454 annalibus
951 1416 1169 1454 inseruerit
1191 1414 1360 1465 Cassius,
1388 1415 1534 1454 nedum
1557 1428 1602 1454 ex
1624 1416 1697 1454 hoc

159 1480 244 1519 loco
273 1486 339 1519 aut
365 1493 410 1518 ex
438 1479 511 1518 alia
539 1479 723 1530 epistula,
757 1493 832 1531 qua
858 1481 1033 1531 Augusto
1062 1481 1219 1531 generis
1246 1480 1530 1531 ignobilitatem
1559 1493 1697 1532 expro-

160 1545 302 1596 brauit,
330 1545 489 1584 annales
516 1545 562 1583 ab
590 1558 635 1583 60
663 1547 908 1597 conscriptos
936 1559 1023 1584 esse
1051 1545 1280 1596 colligamus
1307 1542 1374 1598 (cf.
1394 1545 1595 1584 Weichert
1622 1546 1644 1584 1.
1667 1559 1696 1584 s.

159 1624 195 1662 p.
217 1608 334 1663 283).
380 1610 527 1649 Deinde
561 1621 607 1649 ex
643 1622 808 1649 numero
843 1611 1123 1650 historicorum
1160 1611 1363 1649 eiciendus
1400 1617 1459 1649 est
1496 1611 1697 1662 Longinus

160 1675 335 1727 quidam,
367 1676 433 1726 qui
461 1675 683 1726 complures
710 1677 818 1714 uiros
848 1675 981 1715 doctos
1007 1678 1180 1715 uexauit.
1226 1676 1323 1715 11360
1350 1678 1456 1714 6111111
1484 1677 1621 1715 Cicero
1650 1676 1696 1715 de

159 1746 253 1779 orat.
284 1739 319 1791 1,
347 1738 414 1791 60,
442 1738 528 1779 256
557 1736 608 1793 (a.
637 1738 704 1779 91.
733 1738 839 1794 663)
867 1742 1079 1780 Antonium
1113 1741 1338 1793 loquentem
1372 1742 1480 1780 facit:
1522 1743 1697 1791 Reliqua

158 1817 257 1845 uero
284 1809 442 1845 etiamsi
467 1807 681 1854 adiuuant,
709 1808 921 1846 historiam
949 1809 1040 1846 dico
1067 1813 1105 1846 et
1122 1808 1389 1856 prudentiam
1417 1810 1520 1846 iuris
1537 1809 1698 1856 publici

159 1877 196 1910 et
223 1874 478 1920 antiquitatis
497 1869 527 1923 †
548 1874 626 1910 iter
636 1868 669 1923 ¹)
697 1878 735 1911 et
755 1875 1029 1922 exemplorum
1054 1875 1223 1922 copiam,
1249 1875 1284 1911 si
1304 1874 1466 1921 quando
1488 1884 1587 1922 opus
1607 1876 1697 1919 erit,

159 1949 184 1975 a
210 1939 302 1976 uiro
329 1939 476 1986 optimo
503 1942 541 1976 et
567 1939 655 1976 istis
680 1939 803 1976 rebus
829 1940 1152 1987 instructissimo,
1175 1938 1380 1987 familiari
1405 1949 1489 1976 meo
1511 1938 1695 1986 Lonqino

157 2003 385 2050 mutuabor,
413 2000 662 2053 eundemque
690 2003 775 2041 sine
804 2002 921 2041 dubio
949 2004 989 2041 in
1010 2005 1139 2041 animo
1162 2002 1275 2041 habet
1299 2003 1435 2041 Cicero
1457 2004 1497 2041 in
1519 2004 1695 2041 oratione

158 2079 229 2117 pro
250 2066 407 2105 Plancio
429 2066 559 2105 habita
583 2062 670 2120 (24,
692 2064 786 2121 58):
821 2069 869 2106 In
897 2080 987 2117 quo,
1020 2069 1143 2115 Cassi,
1169 2071 1206 2107 si
1233 2070 1306 2107 tibi
1332 2071 1390 2107 ita
1417 2071 1696 2118 respondeam,

158 2135 334 2171 nescisse
360 2133 405 2171 id
418 2135 614 2181 poputum
636 2133 863 2172 Romanum
883 2146 1012 2182 neque
1034 2133 1164 2183 fuisse
1190 2136 1260 2182 qui
1285 2135 1331 2172 id
1353 2135 1469 2172 nobis
1488 2141 1695 2183 narraret,

154 2200 397 2246 praesertim
422 2203 580 2236 mortuo
607 2198 809 2246 Lonqino,
841 2210 940 2247 non,
972 2204 1016 2237 ut
1047 2202 1209 2248 opinor,
1243 2200 1465 2249 admirere,
1499 2211 1588 2237 cuni
1621 2211 1696 2247 690

158 2265 243 2312 ipse
268 2274 347 2301 non
376 2264 600 2302 abhorrens
627 2275 651 2301 a
677 2265 812 2302 studio
839 2267 1095 2312 antiquitatis
1127 2276 1188 2302 me
1219 2265 1287 2302 liic·
1313 2266 1358 2303 id
1381 2277 1433 2303 ex
1459 2270 1498 2302 te
1514 2267 1694 2313 primum

101 2352 104 2353 ν
159 2329 322 2367 audisse
355 2330 570 2379 confitear,
609 2340 655 2366 ex
688 2328 830 2379 quibus
862 2328 998 2367 uerbis
1030 2328 1296 2379 intellegimus
1337 2329 1441 2368 hunc
1473 2328 1693 2379 Longinum

159 2399 247 2432 ante
275 2405 307 2431 a.
335 2390 403 2432 54.
432 2390 534 2442 700,
568 2406 644 2444 quo
672 2405 771 2432 anno
799 2394 936 2433 Cicero
964 2394 1167 2432 Plancium
1197 2394 1388 2444 defendit,
1423 2394 1525 2433 diem
1557 2407 1694 2445 supre-

159 2470 265 2497 mum
287 2457 445 2508 obiisse,
472 2464 678 2509 postquam
698 2459 867 2497 Antonio
889 2459 1073 2498 familiari
1100 2461 1176 2498 iam
1203 2471 1304 2498 anno
1326 2457 1393 2498 87.
1415 2457 1498 2498 667
1529 2472 1548 2498 3
1571 2459 1692 2497 Cinna

159 2522 318 2562 orbatus
345 2529 415 2562 est.
443 2523 511 2562 sed
538 2530 678 2562 neutro
706 2524 790 2563 loco
818 2525 985 2575 Longini
1012 2537 1154 2563 nomen
1182 2527 1222 2564 in
1249 2524 1361 2563 libris
1388 2537 1506 2563 manu
1534 2526 1694 2576 scriptis

159 2594 300 2639 exstat,
336 2601 425 2627 nam
459 2590 499 2627 in
531 2589 738 2628 I‘lauciana
771 2590 959 2629 exhibent
991 2596 1057 2628 aut
1089 2591 1219 2630 Conco
1248 2596 1313 2629 aut
1339 2593 1444 2639 lonq.
1472 2596 1537 2629 aut
1563 2593 1693 2639 ῖο7196,

159 2654 199 2691 111
225 2652 325 2692 libro
354 2653 399 2692 de
427 2659 522 2692 orat.
548 2657 668 2703 ῖο7190
694 2655 891 2706 plerique,
929 2655 1004 2694 duo
1037 2656 1187 2704 (307196,
1227 2668 1272 2694 ex
1306 2655 1449 2707 quibus
1483 2657 1692 2706 scripturis

255 2752 288 2794 1)
315 2751 483 2785 notitiam
511 2750 662 2785 Ellendt
687 2753 895 2786 memoriam
923 2751 1024 2786 Koch
1051 2753 1190 2787 litteras
1215 2753 1329 2794 Marx,
1357 2753 1424 2787 iter
1449 2756 1480 2786 et
1506 2751 1609 2785 uncis
1638 2751 1690 2784 in-

160 2803 271 2838 clusit.
297 2803 337 2838 G.
360 2803 548 2838 Friedrich
575 2804 658 2838 coll.
682 2809 712 2847 1,
740 2808 772 2846 5,
796 2809 854 2847 183
888 2809 944 2849 46,
966 2809 1046 2840 201.
1091 2805 1193 2840 Brut.
1215 2809 1271 2847 59,
1294 2809 1372 2839 ⁶214.
1419 2805 1510 2839 orat.
1534 2809 1589 2846 34,
1613 2809 1690 2838 120.

160 2859 216 2899 50,
238 2860 304 2890 169
332 2856 490 2900 aliisque
517 2857 700 2892 Ciceronis
727 2857 829 2901 locis,
855 2862 888 2892 et
915 2859 1165 2902 ‘antiquitatis
1190 2859 1271 2893 iter'
1301 2857 1442 2903 Stangl.
