2002 3342
613 203 650 236 L.
673 202 870 236 COELIVs
898 201 1175 236 ANTIPATER
1519 218 1659 247 CCXIII

222 314 274 352 De
308 315 391 364 ipso
425 320 553 352 autem
582 313 712 351 Coelio
746 325 939 363 perpauca
971 319 1170 364 comperta
1197 313 1397 352 babemus
1444 316 1517 352 l'uit
1544 316 1664 365 igitur

132 379 322 417 oriundus
349 384 463 429 gente
491 377 644 428 plebeia
673 377 734 415 illa
763 377 921 428 quidem
950 377 1018 416 sed
1045 375 1222 431 nobilis)
1263 392 1350 417 nam
1374 379 1475 430 quod
1505 381 1663 418 t'uerunt

132 446 198 495 qui
226 456 314 482 euni
341 449 501 494 propter
520 444 716 494 Antipatri
744 455 959 491 cognomen
987 442 1034 481 ad
1061 443 1264 482 libertinos
1293 444 1560 495 detruderent,
1588 445 1661 482 loci

132 509 235 547 illius
263 509 490 547 Suetoniani
523 510 761 546 inmemores
795 509 972 556 fuerunt,
1006 521 1081 558 quo
1108 511 1279 558 primum
1307 512 1481 548 omnium
1512 509 1661 548 liberti-

132 586 269 611 norum
298 572 337 611 L.
356 572 598 611 Voltacilium
620 573 815 611 Pitholum
844 574 911 612 (In.
932 573 1107 624 Pompeii
1128 573 1255 624 Magni
1283 576 1513 625 magistrum
1541 575 1661 613 bisto-

132 640 227 677 riam
255 638 429 676 scribere
454 651 587 676 orsum
610 650 695 676 esse
717 650 762 676 ex
784 637 932 689 Nepote
956 638 1143 676 discimus
1170 636 1263 676 <non
1291 641 1367 677 nisi
1394 639 1440 678 ab
1467 640 1661 678 honestis-

130 705 228 741 simo
256 703 377 741 scribi
405 703 559 741 solitam
586 703 632 741 ad
660 704 698 742 id
728 701 896 754 tempus’
920 700 1046 757 (Suet.
1063 703 1108 741 de
1131 716 1251 754 gram.
1274 710 1311 742 et
1332 705 1429 743 rhet.
1446 703 1499 742 27
1523 718 1558 756 p.
1577 703 1659 743 124

131 766 219 822 niz).
259 774 325 807 aut
351 770 438 819 quis
466 768 530 806 illa
557 774 681 807 aetate
715 768 943 807 libertinum
977 771 1016 807 in
1044 770 1127 807 soro
1154 774 1355 807 uersatum
1383 782 1470 807 esse
1497 769 1659 809 credet?

130 847 217 872 narn
240 834 395 872 Coelius
417 835 456 872 in
479 834 598 872 Bruto
625 840 787 885 propter
810 834 1074 885 eloquentiam
1096 839 1133 872 et
1154 840 1278 872 artem
1299 837 1508 873 oratoriam
1531 835 1658 873 locum

129 899 298 949 aliquem
325 898 485 937 obtinet.
527 898 695 950 denique
723 899 827 938 idem
849 899 981 938 docuit
1002 901 1098 938 iuris
1119 901 1323 938 scientiam
1347 905 1384 938 et
1405 913 1493 939 cum
1515 900 1658 938 multos

129 971 210 1002 tuin
238 964 278 1002 L.
301 965 483 1002 Crassum
513 964 726 1015 discipulos
758 965 894 1003 habuit
921 960 1048 1017 (Brut.
1070 965 1092 1003 l.
1114 978 1143 1003 s.
1165 961 1277 1018 s.)²'),
1310 965 1445 1016 idque,
1476 967 1541 1016 qui
1576 971 1656 1004 tum

128 1042 211 1067 mos
248 1035 347 1080 erat,
383 1035 421 1067 et
453 1029 631 1080 exemplo
665 1042 734 1068 suo
768 1031 914 1068 forensi
949 1036 987 1068 et
1021 1031 1223 1069 consultus
1258 1032 1458 1081 responsis
1493 1030 1538 1069 de
1571 1032 1657 1069 iure

129 1094 238 1132 datis.
279 1094 438 1133 Graecis
471 1100 601 1133 autem
634 1094 774 1133 studiis
808 1108 897 1134 eum
932 1097 1133 1146 ingenium
1167 1108 1281 1134 suuni
1316 1095 1534 1134 excoluisse
1568 1109 1656 1135 cuni

127 1161 232 1197 omni
259 1161 343 1197 eius
370 1159 523 1198 liberali
549 1159 770 1198 eruditione
798 1166 992 1211 appareat,
1020 1166 1058 1199 et
1084 1163 1242 1211 generis
1264 1161 1421 1199 dicendi
1446 1161 1511 1199 illa
1532 1167 1656 1199 aetate

126 1225 258 1263 usitati
295 1231 333 1263 et
368 1225 588 1263 litterarum
625 1226 877 1276 cognitionis,
914 1238 988 1276 qua
1025 1227 1243 1265 instructus
1277 1227 1393 1264 etiam
1429 1226 1657 1265 Hannibalis

126 1289 294 1328 asseclas
328 1290 546 1340 explorauit
579 1296 616 1328 et
648 1291 687 1328 in
721 1303 836 1328 usum
873 1303 986 1329 suum
1021 1293 1234 1342 conuertit,
1271 1297 1353 1330 tum
1387 1291 1487 1342 quod
1521 1291 1656 1330 relicta

126 1361 346 1393 ceterorum
380 1355 659 1394 historicorum
686 1354 951 1394 Romanorum
983 1357 1065 1404 uia,
1098 1369 1173 1407 qua
1200 1369 1264 1395 res
1292 1356 1338 1395 ab
1367 1356 1477 1395 urbis
1505 1358 1655 1407 origine

127 1426 305 1470 repetere
342 1420 533 1471 solebant,
572 1433 694 1459 unum
730 1420 875 1459 bellum
912 1423 1192 1472 grauissimum
1228 1423 1475 1473 maximeque
1512 1434 1655 1472 anceps

124 1485 363 1536 Thucydidis
400 1485 576 1537 exemplo
614 1491 742 1524 motus
778 1485 1030 1524 scribendum
1067 1483 1296 1540 suscepit-⁹⁵)
1342 1487 1416 1525 fuit
1451 1493 1579 1525 autem
1616 1486 1654 1525 id

124 1549 269 1589 bellum
291 1550 531 1589 Hannibalis.
577 1564 665 1589 nam
694 1550 796 1602 quod
824 1551 972 1602 Cicero,
999 1551 1067 1590 ubi
1095 1550 1354 1602 ‘prooemium
1382 1552 1473 1590 belli
1500 1550 1652 1590 Punici'

125 1617 261 1653 citauit
288 1612 362 1667 (or.
385 1614 452 1666 69,
474 1614 558 1654 229
587 1617 632 1654 fr.
658 1613 718 1668 l),
752 1616 851 1654 bella
878 1618 1056 1655 numeris
1082 1630 1159 1655 non
1189 1617 1382 1668 distinxit,
1419 1630 1654 1668 superuaca-

123 1693 240 1719 neum
267 1680 306 1718 id
333 1694 419 1719 esse
448 1681 567 1731 duxit,
595 1694 683 1719 cum
712 1687 793 1719 tum
816 1681 937 1720 Coelii
964 1682 1150 1720 historiae
1176 1683 1217 1720 in
1237 1682 1452 1721 multorum
1472 1682 1654 1721 manibus

123 1742 306 1796 essent4),
330 1751 410 1784 tum
432 1759 527 1785 uero
547 1747 644 1796 ipsis
664 1746 840 1797 reliquiis
863 1746 1165 1797 demonstratur,
1182 1759 1348 1798 quarum
1370 1752 1412 1786 ut
1433 1748 1652 1786 certissima

218 1898 250 1939 1)
276 1895 317 1929 in
337 1896 622 1940 magistratibus
643 1896 744 1930 illius
765 1896 899 1930 aetatis
920 1895 958 1930 L.
975 1895 1090 1930 Coelii
1107 1897 1295 1941 Antipatri
1315 1908 1449 1931 nomen
1469 1909 1652 1940 nusquam

120 1948 317 1983 inuenitur.
362 1960 447 1983 nam
475 1949 573 1993 quod
601 1949 744 1983 Closset
769 1962 804 1994 p.
826 1953 893 1984 475
922 1960 1004 1983 eum
1031 1952 1209 1995 uergente
1242 1950 1389 1985 saeculo
1422 1950 1524 1984 urbis
1552 1954 1651 1985 sexto

119 2004 249 2035 natum
275 2014 353 2036 esse
380 2004 417 2037 et
444 2014 475 2038 a.
498 2007 576 2037 137.
599 2006 664 2036 617
693 2005 931 2047 quaesturam
958 2003 1241 2038 administrasse
1269 2004 1498 2047 adfirmauit,
1528 2003 1651 2049 Pighii

120 2055 354 2089 coniecturae
380 2059 518 2091 temere
546 2056 715 2091 credidit.

215 2113 249 2153 2)
277 2109 373 2143 Caue
388 2111 514 2143 tamen
529 2109 696 2144 Coelium
717 2110 816 2144 domi
838 2110 967 2144 Crasso
988 2110 1102 2144 fuisse
1117 2110 1303 2145 existimes
1326 2121 1409 2145 eum
1426 2110 1540 2145 studii
1561 2110 1650 2144 iuris

119 2161 239 2195 ciuilis
266 2164 303 2196 et
329 2162 557 2197 hortatorem
583 2166 620 2197 et
640 2163 874 2208 magistrum,
901 2163 965 2207 qui
993 2164 1225 2208 significatur
1249 2175 1271 2198 a
1291 2163 1465 2198 Cicerone
1492 2164 1536 2198 de
1557 2166 1648 2198 orat.

121 2219 150 2255 1,
173 2218 228 2258 55,
250 2219 328 2250 234.
368 2216 399 2250 is
426 2216 499 2250 fuit
525 2216 560 2250 C.
582 2216 731 2259 Aculeo,
758 2216 797 2250 id
824 2217 923 2260 quod
949 2218 1049 2251 recte
1075 2217 1219 2252 monuit
1238 2217 1392 2251 Meltzer
1411 2229 1447 2261 p.
1468 2221 1499 2252 8.
1537 2217 1582 2252 cf.
1604 2217 1648 2251 de

119 2271 209 2303 orat.
233 2273 262 2311 1,
284 2272 339 2311 43,
363 2274 440 2304 191.
469 2274 501 2312 2,
524 2274 554 2314 1,
577 2274 608 2304 2.

212 2325 247 2367 3)
274 2322 378 2364 Quod
411 2324 537 2358 tamen
565 2323 705 2368 Sieglin
738 2336 773 2368 p.
795 2327 838 2357 55
855 2335 946 2367 sqq„
977 2324 1036 2358 cui
1063 2323 1102 2357 E.
1125 2323 1289 2358 Zarncke
1316 2325 1394 2359 Der
1420 2325 1588 2367 Einfluss
1613 2324 1647 2358 d,

116 2376 244 2419 qrieclz.
266 2377 356 2411 Litt.
384 2389 417 2420 p.
441 2380 484 2410 37
501 2388 579 2420 sqq.
607 2377 785 2410 adsensus
813 2379 883 2419 est,
916 2379 957 2410 ut
983 2377 1213 2421 prooemium
1239 2377 1317 2412 eius
1343 2389 1365 2411 a
1384 2376 1507 2411 Coelio
1535 2377 1648 2411 etiam

117 2429 337 2473 exscriptum
360 2441 438 2464 esse
459 2431 740 2473 demonstraret,
760 2430 857 2464 Liuii
877 2431 1010 2464 tertiae
1033 2430 1183 2465 deca-dis
1204 2431 1392 2474 prooemio
1414 2434 1454 2464 ut
1475 2430 1648 2465 Coeliano

117 2492 203 2515 usus
231 2485 301 2524 est,
338 2483 406 2517 hoc
439 2486 702 2528 argumentum
728 2483 870 2517 nullum
899 2486 971 2526 est,
1009 2486 1119 2527 atque
1153 2484 1266 2518 etiam
1299 2484 1381 2518 aliis
1413 2484 1520 2526 locis,
1556 2495 1646 2528 quos

117 2535 254 2578 adfert,
287 2536 516 2581 Thucydidis
542 2537 705 2571 imitatio
733 2537 832 2581 apud
859 2537 1006 2570 Liuium
1034 2537 1236 2582 conspicua.
1262 2539 1333 2580 est,
1366 2549 1439 2572 non
1472 2537 1646 2572 continuo

116 2589 227 2623 etiam
255 2589 369 2624 Coelii
397 2591 591 2635 probatur⁷
625 2591 729 2625 cuius
758 2591 952 2625 uerborum
978 2590 1158 2634 reliquiae
1186 2591 1373 2625 tenuiores
1399 2593 1502 2633 sunt,
1534 2601 1645 2634 qua-m

116 2646 154 2675 ut
185 2654 250 2687 pro
284 2644 387 2678 Liuio
421 2644 459 2677 in
492 2644 562 2678 hac
589 2644 806 2688 quaestione
839 2644 1010 2678 substitui
1040 2645 1193 2688 possint.
1241 2644 1364 2678 Etiam
1390 2643 1646 2688 Xenophontis

116 2695 312 2740 descriptio
345 2709 493 2741 pugnae
527 2697 751 2732 Cunaxensis
785 2696 891 2731 Liuio
927 2697 1131 2732 Cirtensem
1168 2697 1394 2732 describenti
1427 2700 1496 2742 (30,
1520 2701 1560 2731 11
1578 2698 1644 2740 sq.)

115 2749 282 2793 exemplo
303 2749 374 2784 fuit
396 2750 588 2793 (Zielinski
614 2752 687 2786 Die
708 2752 833 2786 {etz-ten
853 2751 966 2786 Jahre
985 2750 1047 2785 des
1066 2752 1211 2786 zweiten
1231 2762 1324 2794 pem.
1340 2752 1474 2796 Krieys
1495 2763 1527 2795 p.
1547 2753 1643 2794 150);

115 2801 160 2835 de
186 2802 308 2836 Coelio
336 2803 429 2837 nihil
458 2805 614 2840 constat.

208 2858 242 2899 4>
268 2855 368 2890 Brut.
390 2856 412 2889 l.
437 2868 461 2891 s,
489 2858 652 2900 scriptor,
686 2869 787 2900 quem
823 2857 871 2891 ad
904 2858 1049 2892 modum
1078 2857 1228 2900 uidetis,
1258 2859 1333 2901 fuit
1359 2878 1403 2882 ——
1429 2857 1641 2891 luculentus.
