2002 3342
265 250 347 279 VIII
833 234 1232 271 PROLEGOMENON

266 353 406 398 genter
444 347 710 397 perscriptum
746 351 784 384 et
818 347 988 397 posteris
1023 345 1210 385 traditum
1248 359 1334 385 esse
1371 346 1627 398 concedetur,
1667 353 1799 386 tamen

266 414 384 450 etiam
414 411 460 450 de
488 411 644 450 illorum
673 423 865 449 annorum
898 411 1126 450 consulibus
1153 424 1290 450 omnes
1324 413 1538 463 scriptores
1571 414 1707 463 paucis
1735 425 1799 452 ex-

267 478 392 528 ceptis
419 489 497 515 11011
524 478 655 515 minus
689 477 793 514 inter
825 488 866 515 se
901 478 1153 515 consentiunt
1186 489 1302 527 quam
1340 476 1386 515 de
1419 479 1639 528 posteriore
1674 483 1801 517 aetate

268 538 505 594 (Mommsen
534 541 675 580 Cllron.
706 537 866 595 195).¹)

356 605 469 645 Nunc
496 606 671 656 tandem,
705 607 889 657 quoniam
921 608 1027 645 uiam
1055 611 1110 645 tot
1136 606 1350 645 obstaculis
1377 606 1619 646 obstructam
1646 609 1802 658 aperui-

266 684 366 722 mus,
387 677 431 710 ut
451 671 497 709 ad
522 673 629 722 ipsos
651 671 847 710 annales
869 672 1153 722 pontificum
1174 673 1466 723 perueniamus,
1487 673 1657 723 primum
1675 672 1803 723 qualis

268 737 388 775 fuisse
417 736 601 775 uideatur
621 749 756 775 eorum
779 738 887 787 origo
909 736 1183 787 exponendum
1205 742 1275 775 est.
1308 736 1525 775 Mommsen
1547 739 1651 775 enirn
1668 733 1735 791 (H.
1752 738 1802 776 R.

266 798 301 840 19
327 815 362 853 p.
386 798 493 855 463)
522 803 634 840 initio
663 803 775 852 quasi
808 801 1057 840 corollarium
1085 801 1279 852 quoddam
1307 803 1630 852 grauissimarum
1667 815 1803 841 rerum

267 874 468 918 gestarum
496 872 752 917 conspectum
780 866 954 905 additum
984 878 1070 905 esse
1098 867 1207 905 fastis
1232 866 1505 905 consularibus
1527 868 1693 918 censuit,
1718 873 1802 906 tum

237 974 239 976 ,
269 931 441 982 demum,
481 944 570 970 cum
598 932 789 970 fastorum
815 944 949 982 margo
977 931 1267 970 adnotationem
1295 944 1372 970 non
1401 938 1575 982 caperet,
1601 933 1708 971 iuxta
1737 945 1805 971 eos

268 997 382 1036 aliam
409 996 593 1047 tabulam,
620 998 661 1035 in
689 1009 764 1048 qua
792 996 865 1035 soli
892 996 1052 1035 annales
1079 996 1361 1048 scriberentur,
1388 1010 1409 1036 a
1435 997 1688 1048 pontificibus
1716 1010 1806 1036 esse

268 1062 453 1113 adfixam,
486 1075 602 1113 quam
629 1063 896 1100 coniecturam
924 1063 1018 1100 satis
1044 1061 1232 1112 probasse
1259 1061 1335 1100 sibi
1360 1062 1471 1100 uisus
1498 1067 1557 1100 est
1581 1062 1804 1101 tabularum

267 1127 512 1179 paschalium
537 1127 714 1178 exemplo
736 1127 960 1178 multosque
981 1133 1146 1165 nanctus
1169 1133 1239 1177 est,
1267 1128 1334 1178 qui
1359 1126 1423 1165 uel
1451 1133 1713 1177 sequerentur
1740 1127 1805 1166 uel

268 1193 314 1232 ab
345 1206 390 1231 eo
416 1192 713 1243 exordirentur,
746 1193 918 1243 primum
945 1191 1199 1230 Huebnerum
1228 1187 1283 1245 (p.
1310 1189 1397 1231 419
1414 1188 1510 1246 sq),
1546 1193 1613 1243 qui
1638 1192 1712 1231 hoc
1740 1193 1804 1231 ad-

270 1258 381 1309 didit,
409 1259 494 1296 eius
523 1259 581 1296 rei
606 1259 775 1308 uestigia
801 1257 991 1308 quaedam
1019 1269 1222 1308 apparere,
1250 1270 1339 1296 cum
1366 1258 1406 1295 in
1434 1257 1544 1296 fastis
1573 1256 1807 1308 Capitolinis

269 1329 306 1362 et
333 1323 544 1362 Venusinis
578 1323 820 1374 adscriptum
858 1329 963 1361 esset
999 1322 1204 1361 consulum
1237 1322 1483 1373 nominibus,
1519 1322 1623 1373 quod
1656 1322 1806 1362 bellum

269 1388 341 1427 sub
375 1389 431 1427 eis
467 1394 694 1439 susceptum
722 1393 843 1437 esset,
876 1392 920 1426 ut
945 1389 1088 1426 bellum
1118 1388 1320 1426 Gallicum
1353 1388 1599 1436 Cisalpinam
1628 1383 1679 1441 (a.
1707 1385 1806 1427 225.

269 1451 354 1492 529
383 1466 418 1504 p.
438 1451 495 1491 24
523 1452 561 1491 C.
577 1453 603 1491 Ι.
621 1453 660 1491 L.
675 1449 741 1506 12),
768 1455 801 1492 b.
824 1454 1095 1502 Philippicwn
1123 1449 1240 1505 (200.
1263 1449 1349 1491 554
1371 1465 1408 1503 p.
1425 1449 1514 1506 25),
1541 1454 1574 1491 b.
1597 1454 1808 1492 Antiochi-

268 1531 363 1557 num
390 1514 441 1570 (a.
473 1515 566 1557 191.
596 1516 681 1557 563
709 1531 743 1569 p.
766 1514 853 1570 25),
880 1520 915 1556 b.
937 1519 1145 1557 Persicum
1174 1515 1290 1571 (171.
1318 1514 1404 1556 583
1432 1530 1467 1568 p.
1490 1513 1580 1569 25),
1607 1513 1807 1572 similia.²)

271 1583 411 1622 deinde
440 1583 482 1622 O.
505 1583 629 1622 Seeck
657 1580 698 1636 (l.
721 1596 749 1622 s.
771 1596 806 1634 p.
828 1578 1025 1637 57-75)
1054 1583 1185 1633 fastos,
1213 1584 1253 1621 in
1275 1582 1419 1634 quibus
1446 1595 1584 1620 omnes
1607 1582 1690 1622 dies
1712 1595 1808 1622 enu-

270 1650 409 1687 merati
437 1653 586 1699 essent,
620 1649 731 1687 initio
759 1649 852 1686 anni
880 1660 899 1686 a
927 1647 1181 1699 pontificibus
1213 1649 1254 1686 in
1287 1649 1386 1686 atrio
1421 1649 1552 1698 regiae
1584 1649 1811 1699 propositos

271 1719 310 1752 et
334 1726 407 1765 per
435 1713 610 1764 singulos
639 1713 722 1752 dies
749 1713 797 1752 ad
824 1725 891 1752 eos
918 1712 1197 1764 significandos
1225 1714 1337 1764 quasi
1364 1718 1486 1763 notas,
1514 1714 1548 1751 si
1569 1712 1663 1763 quid
1685 1726 1808 1764 quon-

271 1778 358 1817 dam
386 1778 641 1817 memorabile
669 1780 728 1817 eis
761 1784 916 1829 gestum
950 1784 1075 1829 esset,
1108 1777 1326 1829 adscriptas
1354 1790 1441 1817 esse
1469 1777 1648 1829 pluribus
1676 1778 1811 1829 dispu-

270 1845 384 1895 tauit,
412 1845 525 1882 cuius
553 1845 791 1883 sententiam
819 1843 1025 1882 Cichorius
1053 1841 1095 1896 (1.
1118 1856 1146 1882 s.
1169 1856 1201 1882 c.
1222 1840 1338 1882 2249
1357 1839 1461 1897 sqq.)
1489 1844 1543 1881 ita
1570 1844 1813 1895 immutauit,

271 1916 315 1948 ut
340 1911 452 1948 initio
481 1921 546 1948 eas
573 1922 648 1960 res,
676 1922 775 1960 quae
803 1908 849 1948 ad
870 1909 1078 1960 pontifices
1100 1910 1356 1960 pertinerent,
1384 1908 1587 1947 adnotatas
1609 1921 1695 1947 esse
1717 1921 1808 1947 cen—

272 1980 388 2025 seret,
415 1980 498 2013 tum
524 1974 725 2025 paulatim,
753 1987 843 2014 cum
870 1975 997 2013 omnis
1025 1975 1106 2013 uita
1131 1973 1306 2013 Romana
1331 1973 1489 2025 publica
1517 1986 1537 2012 a
1564 1975 1686 2012 sacris
1712 1986 1811 2025 pen-

274 2039 395 2090 deret,
423 2041 540 2078 etiam
562 2040 655 2078 alias
676 2039 891 2091 adiunctas,
918 2041 1194 2091 persuasitque
1214 2027 1288 2078 hoc
1301 2038 1599 2078 Wachsmuthio
1621 2036 1812 2092 (Ez'nlee'l.

273 2118 308 2156 p.
330 2102 414 2143 618
431 2100 546 2155 sqq),
575 2105 763 2143 Schanzio
784 2101 943 2158 (Roem.
965 2105 1313 2153 Literaturyesch.
1335 2104 1350 2142 1
1375 2100 1418 2143 13
1437 2117 1473 2156 p.
1488 2101 1544 2142 36
1561 2100 1649 2158 sq),
1676 2104 1810 2143 Wuel-

372 2256 404 2297 1)
431 2255 508 2288 Iam
541 2255 610 2289 hoc
643 2254 724 2289 1060
757 2265 888 2289 moneo
921 2255 1036 2289 fastos
1064 2253 1305 2299 (consulares)
1339 2255 1376 2288 et
1410 2252 1558 2287 tabulas
1590 2252 1810 2297 pontificum

273 2317 332 2340 me
365 2307 479 2341 etiam
512 2319 611 2342 nunc
644 2308 892 2352 distinguere,
932 2307 1003 2342 etsi
1035 2307 1075 2342 E.
1103 2307 1341 2342 Kornemann
1373 2306 1395 2341 ].
1418 2318 1446 2341 6.
1475 2306 1699 2340 contrariam
1728 2317 1811 2340 sen-

276 2360 430 2394 tentiam
458 2361 712 2405 disputatione
740 2373 806 2395 sua
833 2361 1011 2396 defendit.

371 2416 405 2458 2)
431 2413 545 2448 Plura
570 2415 609 2448 in
635 2415 718 2448 fast.
734 2414 870 2449 Venus.
893 2426 925 2449 a.
947 2418 1001 2449 34.
1025 2417 1198 2448 720—28.
1223 2417 1288 2448 726
1315 2426 1350 2458 p.
1373 2417 1427 2447 66.
1450 2434 1495 2438 —
1515 2413 1594 2448 Mos
1613 2412 1812 2457 postremis

274 2467 522 2511 temporibus,
563 2467 651 2501 dum
687 2467 855 2502 consules
893 2468 1115 2502 creabantur
1150 2469 1187 2502 et
1222 2466 1532 2509 numerabantur,
1568 2466 1630 2500 hio
1661 2465 1739 2500 illic
1771 2466 1810 2500 in

276 2530 402 2554 eorum
428 2521 533 2554 fastis
567 2521 681 2554 etiam
714 2520 872 2555 leuiores
909 2533 984 2564 reS,
1021 2520 1126 2556 uelut
1161 2521 1270 2565 signa
1305 2519 1500 2563 caelestia,
1534 2521 1656 2554 terrae
1687 2520 1813 2553 motus

276 2573 427 2617 aliaque
448 2573 628 2608 miracula
649 2574 859 2608 adnotandi
880 2575 1060 2608 remansit
1080 2574 1168 2619 (uid.
1192 2573 1372 2608 Chronica
1392 2572 1481 2608 min.
1502 2573 1539 2607 in
1560 2572 1812 2606 Monumentis

277 2625 396 2660 Germ.
418 2627 434 2660 Ι
460 2638 493 2670 p.
518 2631 584 2661 199
598 2630 703 2672 sqq.),
731 2628 795 2662 sed
815 2627 946 2671 primis
972 2627 1112 2662 liberae
1135 2627 1189 2661 rei
1214 2639 1250 2671 p.
1272 2626 1429 2660 saeculis
1450 2626 1545 2660 nihil
1564 2625 1733 2660 additum
1755 2627 1815 2659 est

277 2679 350 2714 nisi
377 2680 477 2724 quod
504 2681 551 2714 ad
578 2691 661 2715 eam
688 2681 889 2724 gerendam
915 2681 1130 2725 pertineret,
1157 2682 1238 2714 tum
1264 2684 1300 2717 (a
1322 2679 1542 2714 scholastico
1564 2678 1703 2722 aliquo)
1724 2678 1813 2712 anni

277 2733 376 2767 initii
410 2733 500 2767 belli
532 2733 743 2779 Iugurthini
779 2735 817 2768 et
852 2733 1052 2775 Catilinae,
1089 2733 1168 2766 nati
1202 2732 1405 2774 Ciceronis,
1441 2731 1626 2773 Sallustii,
1652 2731 1811 2775 Vergilii

278 2786 418 2830 aliique
458 2786 598 2822 similes
631 2798 748 2830 usque
782 2787 829 2820 ad
862 2786 1066 2827 Christum,
1105 2786 1193 2819 inde
1225 2786 1304 2820 eius
1338 2784 1568 2829 aliorumque
1601 2787 1812 2819 sanctorum

280 2840 471 2885 passiones
500 2840 653 2884 aliquot.
693 2839 732 2873 hi
758 2840 875 2884 igitur
900 2839 1005 2881 fasti,
1033 2839 1346 2883 quemadmodum
1373 2837 1465 2882 cycli
1491 2837 1703 2882 paschales,
1736 2848 1812 2872 me-

278 2893 418 2928 moriae
447 2893 681 2937 posteritatis
709 2893 917 2927 seruierunt
943 2893 1069 2936 eisque
1096 2895 1295 2927 cesserunt.
