2002 3342
716 678 767 723 P.
808 675 1105 723 RVTILIVS
1144 675 1347 721 RVFVS
1361 673 1394 739 ¹)

378 786 416 824 P.
439 785 610 824 Rutilius
638 784 775 835 Rufus,
802 785 868 835 qui
896 783 1000 821 nulla
1023 783 1253 821 auctoritate
1274 781 1392 832 uulgo
1421 781 1483 832 Sp.
1506 781 1529 818 f.
1552 780 1615 831 Sp.
1637 793 1673 818 n.
1697 779 1824 818 dictus

290 856 366 902 est,
401 852 572 902 primum
609 849 810 899 inclaruit,
847 861 936 887 cum
972 847 1154 886 tribunus
1191 846 1361 885 militum
1404 851 1508 884 esset
1549 847 1589 883 in
1629 845 1823 896 Scipionis

290 917 465 955 exercitu
493 915 539 953 ad
567 914 816 953 Numantiam
843 910 958 964 (App.
979 913 1077 951 Iber.
1101 909 1167 951 88.
1196 911 1273 950 Cic.
1297 911 1343 950 de
1370 923 1450 962 rep.
1474 909 1510 961 1,
1534 909 1599 961 11,
1624 906 1708 962 17).
1741 915 1824 948 tum

290 981 440 1032 legatus
456 986 540 1019 erat
554 980 596 1025 Q.
610 979 770 1018 Caecilii
787 978 931 1017 Metelli
947 977 1119 1016 consulis
1134 979 1173 1015 in
1188 977 1290 1015 bello
1302 976 1533 1027 Iugurthino
1546 971 1596 1028 (a.
1612 972 1706 1014 109.
1719 971 1824 1028 645>

291 1048 453 1097 eiusque
487 1047 597 1084 iussu
631 1044 854 1095 complures
888 1056 951 1082 res
984 1043 1151 1081 feliciter
1177 1043 1309 1092 gessit.
1350 1041 1418 1080 sed
1443 1054 1473 1079 a.
1499 1038 1591 1079 107.
1622 1038 1705 1079 647
1735 1052 1825 1078 con-

293 1111 462 1150 sulatum
489 1116 628 1161 petens
652 1123 671 1148 a
693 1109 840 1147 Scauro
868 1108 1050 1159 repulsus
1078 1113 1137 1146 est
1164 1115 1278 1158 atque
1308 1107 1451 1145 frustra
1473 1107 1726 1156 competitore
1747 1117 1826 1143 am-

290 1177 396 1215 bitus
424 1189 490 1214 reo
518 1176 617 1213 facto
646 1187 730 1213 eam
758 1173 955 1225 repulsam
982 1173 1121 1211 ulcisci
1149 1178 1312 1211 conatus
1337 1177 1397 1210 est
1424 1167 1492 1224 (cf.
1515 1183 1633 1222 supra
1653 1183 1689 1221 p.
1707 1165 1827 1223 CCL).

291 1241 432 1280 melius
454 1242 489 1279 ei
513 1253 575 1279 res
597 1241 717 1278 cessit
742 1240 859 1277 tertio
881 1251 981 1277 anno
1003 1243 1100 1289 post,
1128 1250 1204 1288 quo
1232 1249 1321 1275 cum
1349 1236 1416 1275 Cn.
1437 1236 1565 1274 Mallio
1593 1248 1682 1274 eum
1705 1235 1825 1273 hono—

293 1319 375 1345 rem
409 1306 573 1356 adeptus
608 1310 667 1343 est
700 1301 751 1349 (a.
776 1302 871 1342 105.
894 1299 1012 1357 649),
1045 1304 1196 1354 primus
1230 1315 1275 1341 ex
1310 1315 1378 1340 sua
1415 1307 1541 1352 gente.
1579 1300 1648 1339 sed
1685 1299 1828 1351 quibus

292 1370 478 1421 gradibus
515 1370 562 1408 ad
599 1369 846 1408 consulatum
883 1367 1116 1418 ascenderit,
1153 1369 1397 1417 ignoramus,
1433 1365 1529 1404 illud
1561 1378 1682 1404 unum
1720 1370 1828 1404 certo

293 1438 516 1487 accepimus
545 1430 644 1488 (Cic.
665 1447 736 1485 pro
758 1434 887 1472 Plane.
909 1431 977 1483 21,
993 1429 1081 1486 52),
1110 1445 1198 1471 611111
1219 1433 1260 1470 111
1286 1431 1488 1470 tribunatu
1508 1430 1677 1482 petendo
1699 1430 1829 1481 repul-

294 1514 375 1540 sam
412 1502 629 1552 accepisse3
667 1505 798 1538 cetera
837 1511 936 1550 quae
976 1497 1077 1549 apud
1113 1497 1321 1548 plerosque
1357 1496 1402 1535 de
1438 1496 1574 1535 Rutilii
1608 1501 1830 1547 quaestura,

293 1566 506 1616 tribunatu,
534 1571 718 1616 praetura
746 1563 963 1603 secundum
990 1563 1172 1614 Pighium
1200 1562 1404 1601 decantata
1425 1561 1610 1612 leguntur
1630 1562 1755 1599 omisi.
1784 1560 1831 1599 de

293 1634 378 1683 ipso
405 1637 535 1669 tamen
556 1629 761 1669 consulatu
788 1641 983 1680 perpauca
1010 1629 1224 1666 memoriae
1246 1626 1388 1665 tradita
1411 1631 1513 1665 sunt.
1540 1638 1630 1664 nam
1652 1638 1740 1664 cum
1762 1625 1830 1664 Cn.

292 1697 447 1736 Mallius
480 1695 626 1746 collega
659 1707 734 1733 una
771 1707 859 1733 cum
892 1693 935 1739 Q.
958 1693 1127 1732 Seruilio
1155 1692 1349 1743 Caepione
1375 1691 1611 1743 proconsule
1639 1693 1680 1729 in
1708 1690 1830 1729 Gallia

296 1762 508 1801 infeliciter
540 1766 675 1799 contra
710 1759 888 1798 Cimbros
923 1764 961 1797 et
987 1759 1186 1798 Teutonos
1212 1763 1416 1809 pugnaret,
1449 1758 1533 1807 ipse
1568 1757 1607 1794 in
1634 1755 1743 1794 Italia
1770 1768 1831 1794 re-

294 1828 440 1866 mansit
472 1832 522 1877 et,
555 1838 644 1864 cum
681 1836 859 1863 summus
893 1829 1023 1862 metus
1058 1823 1324 1861 Romanorum
1360 1823 1527 1872 animos,
1560 1833 1609 1859 ne
1646 1819 1831 1859 Germani

295 1892 411 1943 Alpes
441 1892 676 1941 transgressi
702 1891 742 1928 in
770 1889 919 1928 Italiam
949 1888 1245 1938 descenderent,
1278 1888 1502 1937 inuasisset,
1529 1891 1567 1924 et
1592 1898 1693 1924 nouo
1721 1898 1831 1924 exer-

297 1958 376 1995 citu
404 1958 627 2007 conscripto
655 1952 849 2009 (Frontin.
871 1960 1030 2005 strateg.
1052 1952 1091 2004 4,
1115 1953 1150 2003 1,
1175 1950 1247 2005 12)
1277 1958 1314 1991 et
1341 1952 1426 1991 aliis
1454 1951 1572 1990 rebus
1600 1947 1735 2005 (Gran.
1751 1950 1831 1989 Lic.

295 2035 331 2074 p.
356 2020 410 2060 14
436 2022 464 2060 F
469 2018 511 2073 l.)
540 2022 597 2059 rei
624 2034 659 2072 p.
681 2019 856 2071 prouidit
882 2019 1130 2070 militumque
1157 2019 1307 2056 animos
1335 2019 1387 2055 ita
1415 2017 1648 2055 confirmare
1670 2015 1834 2066 studuit,

295 2093 339 2126 ut
365 2086 623 2137 gladiatorum
652 2084 878 2124 doctoribus
906 2084 952 2123 de
979 2083 1071 2123 ludo
1104 2083 1171 2122 Cn.
1193 2083 1343 2121 Aurelii
1370 2082 1507 2120 Scauri
1541 2082 1741 2120 arcessitis
1772 2082 1833 2118 ui-

297 2152 404 2192 tandi
425 2158 540 2203 atque
561 2150 759 2190 inferendi
780 2151 881 2189 ictus
903 2149 1110 2188 subtiliore
1125 2149 1275 2187 ratione
1294 2147 1469 2198 legiones
1490 2146 1673 2185 inbueret
1688 2142 1832 2197 (Valer.

297 2218 394 2256 MaX.
415 2215 454 2267 2,
475 2215 513 2267 3,
534 2213 592 2269 2).
625 2221 830 2267 praeterea
865 2221 957 2253 tunc
991 2215 1075 2253 eius
1103 2214 1290 2264 auspiciis
1318 2212 1403 2251 data
1431 2217 1490 2250 est
1515 2211 1739 2250 Puteolanis
1765 2213 1835 2249 lex

290 2285 450 2333 parieti
476 2282 671 2332 faelendo
699 2284 740 2319 in
769 2293 870 2319 area
897 2292 1000 2328 quae
1027 2286 1084 2318 est
1112 2285 1206 2318 ante
1232 2280 1371 2317 aedem
1400 2278 1546 2326 Serapi
1571 2282 1684 2315 trans
1711 2279 1833 2326 uiam,

300 2360 398 2399 quae
426 2348 543 2385 etiam
571 2358 676 2384 nunc
704 2351 830 2384 exstat
849 2346 889 2383 in
917 2344 1044 2395 lapide
1067 2346 1191 2382 incisa
1218 2345 1258 2381 in
1286 2342 1325 2381 C.
1347 2342 1373 2380 l.
1396 2342 1437 2380 L.
1458 2342 1484 2380 l.
1505 2355 1541 2393 p.
1568 2338 1649 2380 163
1677 2353 1712 2379 n.
1734 2338 1833 2378 577.

390 2412 436 2450 Vt
467 2424 563 2450 uero
596 2423 668 2462 per
701 2416 821 2449 totam
854 2411 988 2460 uitam,
1021 2411 1072 2448 ita
1101 2411 1216 2447 etiam
1245 2421 1275 2447 3.
1301 2405 1395 2446 100.
1418 2404 1504 2446 654
1531 2411 1689 2445 senatus
1717 2411 1832 2456 atque

300 2477 516 2516 nobilitatis
551 2478 823 2515 auctoritatem
857 2474 1032 2514 defendit
1060 2480 1098 2513 et
1125 2487 1215 2513 611111
1242 2473 1387 2512 Scauro
1416 2478 1551 2510 contra
1578 2471 1833 2510 Saturninum

302 2555 407 2580 arma
435 2543 538 2593 cepit
562 2538 660 2593 (Cic.
682 2554 753 2592 pro
775 2540 868 2579 Rab.
889 2539 998 2591 perd.
1020 2552 1050 2579 r.
1074 2537 1110 2590 7,
1131 2536 1219 2591 21).
1252 2537 1381 2589 paullo
1402 2543 1490 2588 post
1510 2532 1561 2590 (c.
1583 2550 1614 2574 3.
1637 2533 1703 2574 98.
1726 2530 1833 2588 656)

302 2608 454 2658 legatus
484 2606 526 2652 Q.
555 2606 726 2645 Mucium
760 2605 987 2644 Scaeuolam
1021 2605 1248 2656 pontificem
1280 2601 1574 2653 proconsulem,
1608 2614 1696 2639 cum
1729 2604 1835 2639 esset

303 2674 388 2711 eius
415 2673 692 2722 amicissimus,
719 2672 759 2709 in
785 2671 916 2709 Asiam
943 2675 1102 2708 secutus
1129 2668 1310 2707 omnihus
1338 2668 1422 2706 eius
1449 2666 1624 2705 consiliis
1651 2671 1689 2704 et
1716 2664 1835 2704 rebus

402 2799 434 2841 1)
467 2797 549 2831 Vid.
584 2797 623 2832 E.
651 2797 737 2831 Pais
770 2796 1088 2841 L'autobioyrafia
1125 2795 1169 2829 ed
1203 2795 1230 2828 il
1257 2804 1420 2838 processo
1459 2792 1758 2836 Repetundarum
1795 2791 1837 2824 di

306 2852 348 2887 P.
371 2852 514 2886 Rutilio
537 2851 647 2893 Rufo.
672 2850 781 2885 Studi
805 2850 929 2885 stop-ici
944 2860 1011 2894 per
1035 2847 1239 2883 l'antichitct
1261 2847 1423 2881 classica.
1458 2846 1532 2880 Voz.
1552 2846 1579 2878 I
1594 2856 1635 2889 p.
1654 2845 1835 2879 85—122.
