2002 3342
602 176 627 210 Ι.
655 175 717 209 DE
744 175 1023 209 ANNALIBVS
1049 174 1254 209 MAXIMIS
1614 190 1692 218 ΧΧῙ

164 302 250 328 rum
278 288 497 328 tabularum
526 287 641 325 11116111
671 286 717 325 ab
751 288 901 336 origine
929 285 1039 324 urbis
1068 297 1130 323 res
1158 287 1346 335 repetitae
1380 282 1525 337 sunus)
1563 287 1693 336 itaque

164 356 280 393 etiam
302 355 341 392 in
363 354 433 391 boc
456 365 599 403 genere
620 352 815 390 Romanos
837 352 1075 389 Graecorum
1097 352 1314 388 imitatores
1342 357 1379 388 et
1407 351 1445 388 111
1468 352 1693 389 curiositate

163 418 371 457 adnotandi
394 425 432 457 et
453 420 491 456 in
514 417 673 456 audacia
696 415 904 468 supplendi
932 416 1053 455 fuisse
1075 415 1325 454 statuendum
1348 421 1418 462 est,
1447 415 1492 453 de
1518 421 1693 466 tempore

164 491 305 533 tamen,
332 496 408 535 quo
436 483 493 521 1111
518 483 614 521 haec
643 481 819 533 exempla
847 483 971 520 secuti
1000 487 1102 531 511111,
1129 480 1226 519 1111111
1253 481 1343 519 hinc
1372 480 1574 519 redundat.

252 549 332 587 Alia
361 555 421 587 est
447 549 637 599 quaestio,
664 560 738 598 qua
768 546 863 585 side
892 547 1152 598 pontifices
1180 558 1244 583 res
1263 545 1456 584 Romanas
1484 547 1523 584 in
1548 547 1693 584 ciuium

162 616 424 665 cognitionem
450 613 698 664 protulerint,
726 611 795 651 sed
823 614 939 650 etiam
961 611 1067 662 haec,
1095 623 1184 649 cnm
1205 624 1351 662 paucae
1374 623 1435 649 res
1458 624 1545 649 cuni
1567 611 1693 661 aliqua

163 679 437 731 probabilitate
465 678 511 716 ad
539 678 698 716 annales
725 678 915 716 maximos
937 675 1167 715 referendae
1189 678 1278 726 sint,
1306 688 1378 714 nec
1399 682 1586 726 quantum
1610 677 1694 714 61115

163 746 374 783 memoriae
402 756 500 795 qnae
527 743 639 781 nobis
667 748 726 781 est
752 742 905 792 tradita,
932 741 1196 792 pontificibus,
1223 747 1411 792 quantum
1438 741 1694 779 inferioribus

163 822 296 848 rernm
313 808 573 860 scriptoribus
590 807 842 846 tribuendum
864 809 925 858 sit,
948 807 1175 845 discernere
1195 808 1405 858 possimus,
1426 811 1534 844 certo
1550 812 1694 844 euentu

163 876 305 927 caruit3
338 887 466 925 neque
493 879 623 912 tamen
650 872 807 912 illorum
835 872 1014 923 dignitati
1041 873 1225 910 iniuriam
1252 872 1486 922 inferemus,
1519 872 1552 909 si
1579 883 1693 921 saepe

162 942 286 991 magis
313 939 492 991 publicae
521 938 658 977 salutis
686 944 752 976 aut
777 939 1023 989 optimatium
1052 950 1167 988 quam
1194 938 1373 975 ueritatis
1400 937 1592 975 rationem
1620 936 1695 974 sibi

161 1005 381 1044 habendam
415 1017 501 1043 esse
535 1003 745 1042 arbitratos
779 1016 844 1042 eos
879 1004 1144 1053 suspicamur,
1183 1014 1327 1053 resque
1366 1014 1443 1039 non
1482 1007 1524 1039 ut
1562 1007 1694 1051 gestae

162 1076 274 1110 erant
300 1070 368 1108 sed
394 1076 437 1109 ut
464 1082 528 1108 eas
561 1069 689 1108 uideri
721 1068 922 1119 uolebant,
962 1067 1008 1106 ab
1042 1069 1099 1106 eis
1131 1069 1351 1118 propositas
1384 1079 1482 1105 esse.
1535 1079 1624 1105 nam
1658 1073 1696 1105 et

161 1137 321 1175 mentiri
346 1136 439 1174 boni
465 1136 544 1173 uiri
572 1147 658 1173 esse
687 1139 769 1172 tum
797 1133 914 1184 uulgo
943 1129 1299 1183 existimabatur2t,
1325 1145 1453 1183 neque
1480 1131 1695 1183 mendacia,

161 1201 304 1253 quibus
336 1206 379 1239 ut
412 1206 477 1239 aut
510 1200 643 1238 odium
677 1199 879 1250 explerent
913 1205 979 1237 aut
1014 1200 1179 1249 gratiam
1218 1203 1527 1249 aucuparentur,
1566 1209 1614 1235 ne
1654 1198 1694 1235 in

160 1266 437 1317 hemerologiis
456 1265 615 1317 quidem
630 1266 915 1316 pepercissent,
931 1263 1171 1302 Censorinus
1186 1263 1440 1314 pontificibus
1456 1261 1694 1313 exprobrare

160 1333 312 1370 ueritus
346 1327 460 1385 est.3)
498 1330 678 1384 udenique
711 1331 751 1368 in
778 1330 967 1368 memoria
994 1329 1165 1367 Romana
1199 1327 1473 1367 constituenda
1502 1329 1579 1366 iam
1606 1333 1694 1366 ante

161 1397 279 1436 Mucii
306 1402 472 1436 aetatem
500 1408 545 1434 ex
574 1395 743 1434 Graecae
772 1395 956 1433 historiae
987 1395 1209 1444 cognitione
1241 1394 1471 1445 pontificum
1505 1392 1695 1432 iudicium

163 1462 415 1513 studiumque
453 1462 634 1500 ueritatis
674 1462 864 1499 infectum
903 1459 1181 1510 turbatumque
1221 1471 1307 1498 esse
1348 1458 1435 1497 aliis
1474 1458 1694 1497 litterarum

161 1527 373 1579 generibus
407 1527 642 1578 comparatis
674 1538 751 1564 non
788 1525 1022 1564 mirabimur
1053 1520 1316 1578 (Gesclziclitl.
1344 1525 1484 1563 [πίεν.
1512 1524 1527 1562 I
1562 1537 1598 1575 p.
1626 1522 1694 1563 80.

160 1593 192 1631 11
220 1606 255 1644 p.
282 1588 494 1645 180sq‹1.).

251 1657 328 1696 Sed
355 1670 443 1696 cum
471 1656 630 1695 annales
656 1657 818 1694 maximi
845 1668 979 1694 rerum
1000 1655 1265 1694 Romanorum
1287 1655 1553 1706 antiquissimi
1570 1655 1694 1693 fontes

258 1774 288 1817 1)
316 1772 400 1806 Vid.
429 1771 546 1806 Seeck
571 1772 662 1806 Klio
689 1770 746 1808 IV,
763 1782 799 1814 p.
821 1772 887 1804 292
905 1781 983 1814 sqq.
1011 1770 1248 1804 Kornemann
1276 1769 1299 1803 1.
1322 1781 1348 1803 s.
1375 1781 1410 1814 p.
1433 1772 1487 1804 69.

256 1827 290 1869 2)
318 1825 370 1859 Cf.
398 1825 588 1860 lValzrheit
612 1824 692 1858 und
717 1824 845 1858 Kunst
869 1835 906 1868 p.
927 1827 1005 1857 289.
1034 1826 1099 1857 331
1118 1835 1196 1867 sqq.
1225 1826 1304 1857 429.

256 1882 290 1922 3)
316 1879 370 1913 De
386 1879 445 1913 die
459 1880 533 1912 nat.
550 1882 606 1921 20,
622 1881 658 1912 6;
684 1878 788 1922 Quod
808 1877 976 1912 delictum
995 1881 1036 1911 ut
1050 1878 1300 1922 corriyeretur,
1317 1876 1554 1920 pontificibus
1568 1876 1692 1910 datum

160 1934 342 1979 neyotium
356 1943 546 1976 eorumque
559 1932 713 1966 arbitrio
727 1931 974 1965 intercalandi
989 1931 1082 1965 ratio
1091 1932 1281 1975 permissa.
1315 1930 1376 1964 sed
1394 1931 1522 1964 horum
1532 1931 1695 1973 plerique

160 1988 203 2023 ob
228 1987 353 2021 odium
378 1987 436 2021 uel
461 1987 638 2031 qratiam,
673 1996 742 2029 quo
769 1985 850 2029 quis
874 1985 1094 2030 mayistratu
1120 1984 1229 2018 citius
1256 1984 1371 2018 abiret
1397 1984 1583 2018 (liutiusue
1607 1984 1695 2025 fun-

159 2045 300 2086 geretur
335 2044 401 2074 aut
429 2039 571 2084 publici
604 2038 805 2082 redemptor
839 2049 883 2072 ca·
915 2038 1008 2072 anni
1039 2037 1293 2083 maynitudine
1324 2038 1364 2071 in
1389 2038 1490 2071 lucro
1515 2037 1696 2071 damnoue

160 2098 262 2136 esset,
294 2094 382 2138 plus
414 2094 580 2127 minusue
612 2103 655 2127 eac
687 2092 838 2126 libidine
869 2091 1120 2126 intercalando
1152 2102 1225 2126 rem
1257 2091 1328 2125 sibi
1359 2090 1408 2125 ad
1442 2090 1695 2135 corriyendum

160 2147 377 2182 mandatam
402 2147 499 2181 ultro
526 2147 615 2190 quia
641 2145 907 2190 deprauarunt,
934 2145 1024 2179 adeo
1049 2145 1258 2179 aberratum
1284 2147 1344 2186 est,
1370 2148 1411 2178 ut
1439 2144 1475 2178 C.
1498 2143 1633 2178 Caesar
1658 2144 1695 2177 et:

160 2212 194 2244 q.
222 2212 250 2234 s.
278 2211 321 2235 ex
347 2199 477 2235 eodem
509 2198 611 2233 fonte
639 2209 711 2242 quo
740 2197 961 2232 Censorinus
989 2197 1204 2242 (Varrone?)
1241 2209 1308 2231 sua
1341 2196 1511 2230 hausisse
1545 2196 1695 2230 uidetur

159 2253 369 2289 Macrobius
396 2255 465 2287 sat.
488 2256 589 2296 1,14,
606 2256 640 2286 1:
688 2253 815 2286 Verum
842 2252 916 2294 fuit
941 2255 1095 2296 tempus,
1123 2262 1205 2286 cum
1233 2255 1383 2296 propter
1406 2250 1695 2294 superstitionem

160 2308 390 2342 intercalatio
416 2307 532 2340 omnis
557 2306 691 2340 omissa
718 2309 784 2348 est,
823 2316 894 2339 non
925 2316 1122 2348 numquam
1146 2316 1233 2339 uero
1256 2316 1322 2349 per
1347 2304 1506 2349 qratiam
1530 2303 1694 2338 sacerdo-

160 2366 254 2403 tum,
291 2361 355 2404 qui
383 2360 596 2404 publicanis
625 2359 789 2403 proferri
819 2359 879 2393 uel
909 2359 1080 2392 imminui
1108 2359 1269 2392 consulto
1295 2358 1389 2392 anni
1415 2357 1490 2392 dies
1514 2357 1694 2396 uolebant,

160 2415 264 2449 modo
284 2414 405 2449 auctio
424 2413 529 2448 modo
547 2413 716 2448 retractio
736 2413 878 2447 dierum
892 2412 1133 2456 proueniebat
1151 2416 1182 2446 et
1202 2411 1266 2446 sub
1292 2412 1406 2454 specie
1432 2409 1694 2445 obseruationis

160 2468 355 2513 emeryebat
374 2467 490 2501 maior
509 2466 737 2509 confusionis
760 2466 909 2500 occasio.
947 2465 1009 2500 sed
1025 2468 1151 2508 postea
1173 2464 1210 2498 C.
1229 2464 1363 2499 Cacsar
1383 2464 1420 2497 et
1439 2474 1474 2506 q.
1489 2474 1515 2497 s.
1530 2462 1693 2507 (Sueton.

161 2519 261 2555 Caes.
283 2525 327 2554 40
358 2521 473 2563 fastos
505 2521 658 2554 correxit
689 2520 766 2554 iam
794 2519 940 2562 pridem
974 2519 1066 2552 uitio
1096 2518 1313 2561 pontificum
1346 2528 1410 2561 per
1448 2515 1694 2551 intercalandi

161 2574 343 2609 licentiam
370 2574 555 2617 turbatos).
593 2572 707 2607 Solin.
730 2576 760 2614 1,
781 2576 843 2606 43:
875 2572 977 2616 Quod
1002 2582 1083 2606 eum
1103 2573 1143 2605 in
1163 2572 1271 2606 initio
1292 2570 1454 2605 Romani
1468 2570 1693 2614 probassent,

160 2627 457 2671 contemplatione
482 2627 625 2661 numeri
645 2626 782 2670 parilis
808 2626 935 2668 offensi
954 2625 1151 2669 neqlectum
1171 2624 1274 2658 breui
1296 2623 1548 2668 perdiderunt,
1575 2626 1692 2656 trans-

162 2681 238 2715 lata
275 2682 316 2714 in
353 2680 551 2715 sacerdotes
588 2679 835 2714 intercalandi
868 2682 1058 2722 potestate,
1103 2678 1166 2721 qui
1197 2677 1409 2721 plerumque
1446 2675 1694 2720 qratificantes

161 2734 367 2769 rationibus
387 2733 673 2778 publicanorum
693 2742 763 2777 pro
789 2732 941 2767 libidine
959 2743 1028 2766 sua
1047 2731 1307 2765 subtrahebant
1327 2735 1486 2773 tempora
1507 2729 1693 2772 uetauye-

161 2787 249 2822 bant
275 2789 332 2830 (ex
358 2797 400 2821 60
426 2786 563 2830 partim
591 2786 638 2820 ad
664 2785 780 2820 uerba.
806 2785 989 2819 Ammian.
1016 2784 1128 2818 Mare.
1151 2787 1206 2825 26,
1229 2788 1259 2826 1,
1283 2785 1350 2827 12).
1403 2782 1446 2816 cf.
1475 2781 1693 2825 Μαι-1111111111,

161 2839 387 2875 Staatsverw.
408 2838 476 2873 1112
501 2851 536 2883 p.
558 2843 624 2873 286
641 2850 694 2882 sq.
