2002 3342
285 224 422 254 CCXVI
621 209 685 243 DE
714 209 1020 244 SCRIPTORVM
1047 209 1170 243 VITIS
1196 209 1257 243 ET
1285 210 1489 245 SCRIPTIS

283 322 382 360 libro
410 323 527 360 tertio
556 322 719 359 forsitan
747 322 825 359 iam
851 322 1082 372 peruenerit
1108 323 1230 359 oratio
1256 334 1380 372 usque
1409 321 1455 360 ad
1478 334 1648 373 pugnam
1669 322 1815 361 Senen-

283 399 366 426 sem
395 384 503 439 (30),
531 392 639 424 sexto
666 398 792 436 usque
820 385 867 424 ad
895 386 1090 436 Scipionis
1119 386 1330 425 aduentum
1357 388 1398 425 in
1424 388 1594 426 Africam
1618 384 1725 440 (41),
1753 388 1816 426 de-

282 454 401 503 nique
418 453 584 502 septimo
601 450 647 489 ad
663 450 756 489 belli
772 447 975 504 exitum.1)
1003 451 1210 502 Inscriptio
1226 453 1346 502 igitur
1359 452 1455 490 haee
1471 453 1612 491 euasit:
1629 451 1818 492 ‘L.C0elii

281 518 475 568 Antipatri
502 516 596 554 belli
622 516 761 555 Punici
789 516 951 555 alterius
978 515 1070 554 libri
1097 521 1248 567 septem
1276 516 1323 554 ad
1350 516 1390 554 L.
1411 515 1592 556 Aelium?

370 582 424 621 De
461 594 635 632 genere
673 581 866 620 dicendi
901 581 998 619 llaec
1035 587 1128 619 sunt
1163 581 1364 619 Ciceronis
1396 588 1555 633 practer
1582 583 1626 621 fr.
1652 581 1672 621 1
1708 585 1816 622 testi-

280 649 430 685 monia:
462 647 516 685 De
544 647 642 697 legg.
668 645 703 696 1,
725 645 762 697 2,
785 644 809 684 6
838 642 934 698 (quo
961 646 1046 684 loco
1075 646 1302 685 adhortatur
1329 646 1558 686 Ciceronem
1586 648 1748 699 Atticus,
1774 656 1818 687 ut

281 712 328 750 ad
349 713 554 751 historiam
576 708 863 765 aggrediatur):
887 713 1039 750 Faum'e'
1060 718 1193 750 aetate
1205 715 1446 751 coniunctus
1460 714 1677 762 Antipater
1686 716 1816 763 paulo

280 781 443 828 inslauc't
469 773 787 830 uehement2'2132)
815 778 1037 826 habuitque
1070 780 1180 816 uires
1212 781 1386 826 aqrestts
1413 780 1478 817 ille
1510 780 1669 827 quictem
1697 784 1817 827 atque

279 845 489 891 horridas,
522 845 610 881 sine
636 845 768 881 m'tore
796 853 846 880 ae
869 844 1102 892 palaestra,
1134 844 1207 881 secl
1238 848 1367 881 tamen
1397 845 1615 882 admonere
1641 846 1818 892 reliquos

277 911 417 957 potuit,
448 914 488 947 ut
516 910 760 947 adcuratius
785 908 1022 946 scriberent.
1068 906 1122 945 De
1150 912 1244 945 orat.
1260 905 1298 958 2,
1317 905 1454 958 1254
1483 905 1675 960 (loquitur
1699 909 1816 947 Anto-

280 968 407 1026 nius):
435 974 622 1011 Paullum
647 984 689 1010 se
716 975 848 1011 erexit
869 978 906 1010 et
926 974 1087 1011 addidit
1106 974 1304 1011 historiae
1324 976 1518 1012 maiorem
1544 985 1684 1012 sonum
1705 977 1818 1013 uocis

279 1041 346 1077 uir
372 1040 552 1087 optimus,
594 1038 731 1076 Crassi
752 1037 986 1086 familiaris,
1014 1039 1242 1086 Antipater.
1290 1041 1417 1077 ceteri
1442 1050 1521 1078 non
1549 1045 1817 1078 exornatores

278 1115 414 1142 rerum
439 1104 513 1141 secl
537 1104 826 1141 tantummodo
847 1107 1090 1141 narratores
1106 1103 1287 1152 fuerunt.
1299 1099 1332 1157 3)
1373 1105 1454 1151 Est,
1482 1107 1614 1152 inquit
1640 1104 1814 1153 Catulus,

280 1174 322 1206 ut
349 1170 468 1216 (licis,
501 1169 575 1207 sed
599 1170 672 1206 e‘ste
699 1170 783 1216 epse
816 1168 970 1206 Coelius
996 1180 1125 1215 neque
1152 1169 1340 1207 distinxit
1366 1170 1578 1208 historiam
1610 1172 1814 1208 uarietate

279 1236 458 1272 colorum
491 1244 619 1281 neque
653 1234 870 1271 uerborum
904 1234 1169 1271 collocatione
1201 1239 1238 1272 et
1272 1239 1407 1272 tractu
1442 1237 1640 1273 orationis
1672 1237 1753 1273 leni
1779 1240 1817 1273 et

279 1300 485 1347 aequabili
502 1300 725 1347 perpoliuz't
751 1299 855 1336 illua
879 1309 999 1346 opus;
1033 1299 1107 1336 sed
1130 1303 1174 1335 ut
1206 1299 1320 1337 homo
1353 1311 1481 1347 neque
1515 1301 1656 1338 doetus
1687 1311 1816 1347 neque

278 1366 454 1402 maxime
481 1368 600 1412 aptus
627 1363 683 1401 ad
709 1363 935 1411 dicendum,
962 1365 1069 1401 sieut
1090 1366 1234 1411 potuit,
1264 1365 1419 1402 dotauit
1426 1378 1442 1410 ;
1476 1366 1578 1403 uiez‘t
1604 1370 1748 1413 tamen,
1774 1370 1818 1403 ut

280 1431 393 1476 dicis,
413 1431 658 1478 superiores.
687 1427 794 1466 Brut.
812 1425 880 1477 26,
898 1425 999 1466 102:
1021 1427 1063 1466 L.
1085 1429 1243 1467 Coelius
1259 1430 1474 1478 Antipater
1492 1432 1681 1478 sempter,
1702 1441 1817 1478 quem

279 1495 334 1532 aa
358 1495 515 1532 modum
542 1495 707 1541 uidetis,
737 1493 820 1542 fuit
846 1499 889 1531 ut
916 1495 1162 1542 temporibus
1189 1496 1269 1533 illis
1295 1497 1539 1545 luculentuS,
1566 1498 1671 1534 iuris
1696 1497 1817 1533 ualde

270 1562 443 1608 perdtus,
469 1561 683 1597 multorum
711 1561 831 1597 etiam
859 1564 902 1596 ut
922 1559 966 1596 L.
988 1559 1125 1597 Crassi
1149 1561 1354 1607 mayister.
1393 1559 1484 1596 Arte
1511 1560 1633 1609 igitur
1660 1558 1816 1597 dicendi

279 1623 434 1662 Coelius
461 1636 540 1662 non
568 1623 693 1662 solum
721 1624 805 1674 ipse
833 1624 1035 1673 ingenium
1062 1623 1332 1674 iudiciumque
1355 1623 1580 1662 excoluerat
1601 1636 1814 1674 eorumque

279 1689 501 1740 exemplum
528 1690 706 1727 imitatus
735 1693 805 1739 est,
833 1690 899 1739 qui
927 1694 1014 1727 ante
1043 1701 1132 1727 eum
1159 1690 1237 1727 uiri
1263 1687 1416 1726 nobiles
1438 1688 1584 1727 Graece
1610 1689 1815 1727 historiam

278 1756 531 1806 scripserant,
553 1753 621 1793 sed
643 1754 761 1792 etiam
783 1754 879 1792 alios
901 1766 970 1792 sua
992 1760 1030 1792 et
1051 1755 1281 1792 auctoritate
1304 1758 1341 1791 et
1362 1753 1582 1792 eruditione
1604 1753 1752 1806 docuit,
1774 1755 1814 1792 in

278 1821 334 1858 eis
356 1819 489 1858 multis
511 1831 704 1858 summam
725 1818 879 1858 laudem
896 1818 935 1858 L.
949 1818 1145 1857 Licinium
1161 1818 1358 1869 Crassum,
1380 1824 1578 1857 oratorum
1600 1831 1668 1858 sua
1689 1824 1814 1858 aetate

276 1886 509 1936 principem,
525 1891 781 1923 consecutum
798 1896 883 1923 esse
905 1888 1068 1934 constat,
1090 1885 1209 1925 cuius
1223 1884 1396 1934 speciem
1414 1883 1660 1934 splendidam
1675 1883 1814 1923 Cicero

277 1951 317 1988 in
344 1950 456 1988 libris
485 1949 529 1988 de
558 1955 712 1989 oratore
740 1949 863 1988 oculis
898 1948 1084 1999 subiecit,
1120 1950 1160 1987 in
1188 1948 1330 2000 quibus
1358 1948 1461 1999 quod
1489 1961 1578 1988 eum
1606 1948 1814 1988 adhortan-

280 2022 356 2055 tem
383 2016 478 2054 fecit
505 2010 563 2068 (3,
584 2012 653 2065 49,
678 2012 762 2053 184
777 2010 899 2068 sqq),
934 2020 978 2053 ut
1013 2026 1091 2052 non
1124 2013 1239 2052 modo
1276 2014 1463 2052 orationis
1499 2015 1742 2065 perpetuitas
1776 2020 1815 2053 et

277 2082 485 2121 conuersio
505 2080 720 2119 uerborum
742 2076 784 2133 (i.
805 2092 835 2118 e.
859 2079 1028 2118 ambitus
1050 2079 1114 2118 uel
1135 2075 1341 2132 periodus)
1368 2080 1545 2117 numeris
1572 2081 1815 2130 astringatur

278 2146 346 2186 sed
374 2148 490 2185 etiam
517 2145 697 2184 inflatum
725 2150 763 2184 et
785 2144 980 2184 tumidum
1003 2144 1158 2183 dicendi
1179 2157 1303 2195 genus
1322 2143 1512 2183 membris
1533 2145 1813 2184 minutioribus

279 2212 537 2263 discerpatur,
566 2223 665 2262 quae
692 2216 822 2249 tamen
848 2212 933 2261 ipsa
960 2211 1136 2248 numeris
1162 2209 1374 2248 uincienda
1401 2211 1490 2260 sint,
1527 2210 1707 2249 audimus
1734 2210 1814 2248 stili

277 2278 410 2316 Asiani
435 2282 644 2328 praecepta
671 2275 940 2326 habemusque
968 2277 1084 2314 etiam
1112 2287 1218 2314 nunc
1245 2276 1330 2314 eius
1358 2274 1589 2314 documenta
1616 2277 1656 2313 in
1684 2275 1814 2314 Crassi

374 2441 406 2483 1)
434 2439 561 2483 Vnger
587 2438 734 2482 (Philol.
757 2441 801 2471 40
826 2450 861 2483 p.
886 2441 951 2472 183
968 2438 1062 2481 sqq.)
1088 2436 1218 2481 primis
1246 2437 1410 2481 quinque
1438 2436 1541 2470 libris
1571 2436 1736 2471 Coelium
1757 2436 1813 2470 bi-

277 2504 342 2527 nos
365 2503 492 2533 annos,
521 2492 652 2526 ceteris
678 2493 803 2525 ternos
831 2490 1066 2535 complexum
1093 2501 1172 2524 esse
1200 2490 1332 2524 statuit
1358 2490 1470 2534 idque
1496 2490 1551 2524 ita
1570 2492 1611 2523 ut
1637 2490 1683 2524 ab
1704 2489 1813 2524 initio

277 2546 364 2580 anni
391 2545 502 2580 etiam
528 2545 623 2579 liber
648 2544 841 2589 inciperet.
886 2544 1088 2578 mutandus
1121 2545 1247 2577 tamen
1281 2544 1313 2577 ei
1342 2543 1415 2577 fuit
1439 2544 1476 2577 in
1503 2544 1546 2577 fr.
1568 2547 1611 2577 22
1638 2554 1812 2577 numerus

276 2598 458 2633 Prisciani
486 2598 538 2642 (in
564 2598 619 2642 ΙΙ).

373 2654 407 2696 2>
435 2651 486 2686 Cf.
517 2651 669 2696 Dionys.
698 2651 745 2685 ad
771 2651 899 2696 Pomp.
922 2655 954 2694 4,
976 2655 996 2684 4
1024 2651 1082 2695 (de
1117 2650 1393 2694 Xenophonte):
1421 2650 1492 2684 κᾶν
1518 2662 1607 2685 ποτε
1634 2652 1813 2694 διεγεῖραι

278 2707 445 2752 βουληθῇ
484 2704 551 2749 τὴν
585 2704 742 2749 φράσιν,
779 2703 904 2749 ὀλίγον
935 2703 1143 2748 ἐμπνεύσας
1175 2702 1295 2746 ὥσπερ
1330 2701 1504 2748 ἀπόγειος
1543 2703 1640 2746 αὔρα
1675 2702 1812 2748 ταχέως

278 2758 483 2805 σβέννυται.

374 2813 408 2857 3)
436 2811 487 2846 Cf.
510 2811 582 2845 Cic.
604 2822 670 2856 pro
692 2811 803 2845 Marc.
827 2814 859 2854 2,
880 2814 916 2845 4:
944 2811 1061 2855 copia,
1087 2821 1178 2855 quae
1197 2821 1271 2844 nou
1291 2810 1412 2844 dicam
1431 2821 1606 2845 exornare
1624 2810 1686 2845 sed
1706 2821 1812 2844 enar-

277 2877 359 2900 rare
386 2876 439 2900 res
464 2869 548 2899 tuas
572 2868 690 2910 qestas
710 2866 837 2908 possa.
