2002 3342
794 179 829 214 C.
853 179 1064 214 FANNIVS
1561 195 1698 226 CXCIX

163 298 205 332 ut
239 297 326 343 post
358 303 447 330 eum
480 291 630 342 primus
665 290 819 329 Coelius
852 291 1072 342 Antipater,
1108 291 1280 330 Fannius
1314 292 1436 330 finxit.
1482 305 1570 331 nam
1605 305 1695 331 casu

161 357 316 407 accidit,
343 362 385 395 ut
413 357 601 394 orationis
622 361 710 406 post
738 355 908 394 reditum
930 368 976 394 ex
998 355 1177 395 Sardinia
1199 369 1218 395 a
1241 356 1334 395 Gaio
1355 356 1510 396 habitae
1532 357 1695 397 eandem

161 427 325 473 partem,
347 433 462 472 quam
484 419 632 459 Gellius
654 433 689 458 n.
705 420 745 458 A.
764 416 829 470 15,
847 418 899 458 12
921 422 1130 472 excerpsit,
1152 420 1298 460 Graece
1320 422 1423 473 apud
1443 422 1695 461 Plutarchum

159 484 212 540 (c.
235 483 281 540 2)
309 486 494 537 legamus.
539 485 704 537 proinde
741 487 777 524 ei
815 485 931 524 tidem
970 485 1184 525 habeamus
1217 487 1450 526 Tiberianae
1491 488 1695 527 cuiusdam

158 557 388 602 argumenta
417 552 471 590 sic
500 550 768 589 concludenti:
800 554 983 590 τοιαῦτα
1007 548 1088 601 μὲν
1114 546 1169 602 ἧν
1195 550 1247 590 τὰ
1273 551 1489 604 κεφάλαια
1515 557 1590 604 τῆς
1615 557 1694 592 τοῦ

167 616 379 668 Τιβερίου,
399 615 696 667 δικαιολογίας
723 612 774 667 (sc.
800 613 929 670 16).¹)

250 681 468 732 Supersunt
508 682 629 731 igitur
667 693 771 720 nunc
811 680 912 732 apud
951 681 1205 720 Plutarchum
1244 682 1465 721 Fannianae
1508 683 1693 723 historiae

156 749 342 798 uestigia,
381 748 499 786 etiam
527 747 694 785 certiora
722 759 837 797 quam
865 745 967 797 apud
993 747 1232 798 Appianum,
1269 749 1335 798 qui
1363 749 1438 786 etsi
1465 749 1503 786 111
1532 749 1692 799 quibus-

156 812 245 851 dam
279 812 455 863 partibus
492 824 613 862 paene
650 811 697 850 ad
732 811 900 850 uerbum
934 824 1021 850 cum
1055 824 1100 850 eo
1134 814 1329 851 consentit
1362 818 1399 851 et
1433 825 1477 851 ex
1515 813 1691 853 eiusdem

155 879 269 917 testis
308 877 452 916 oculati
489 878 713 915 narratione
753 889 822 915 sua
860 877 1039 916 hausisse
1072 877 1232 916 uidetur
1265 873 1363 931 (uid.
1390 877 1443 917 De
1471 878 1569 917 Plut.
1598 879 1691 918 sont.

155 956 192 994 p.
215 940 269 981 98
287 939 403 996 sqq),
430 944 601 994 speeiem
630 948 759 981 tamen
787 943 999 993 amicitiae,
1028 955 1102 993 qua
1128 942 1301 982 Fannius
1328 943 1484 982 illorum
1512 945 1691 983 uirorum

156 1009 348 1058 imagines
376 1014 415 1046 et
439 1009 542 1046 uitas
571 1007 812 1058 depinxerat,
838 1007 1178 1058 minusreligiose
1206 1010 1382 1047 seruauit
1403 1021 1519 1059 quam
1540 1009 1691 1048 Plutar-

155 1072 270 1123 chus,
302 1079 345 1111 ut
377 1074 462 1124 ipse
496 1072 542 1111 ad
574 1072 672 1111 tales
705 1073 826 1111 animi
858 1073 1021 1112 affectus
1054 1072 1279 1112 inclinabat.
1325 1073 1421 1112 illud
1443 1080 1585 1113 -tamen
1612 1087 1690 1113 non

153 1150 253 1189 nego
282 1151 371 1177 eum
398 1140 515 1177 etiam
542 1139 583 1177 in
609 1138 670 1177 his
698 1137 885 1189 operibus
913 1137 1023 1177 ducis
1049 1140 1229 1190 primarii
1257 1140 1385 1178 tenori
1408 1139 1599 1190 quaedam
1626 1136 1689 1194 (ut

153 1203 237 1242 Tib.
255 1200 292 1254 8,
307 1200 434 1242 3—5.
457 1203 538 1242 Gai.
556 1199 630 1257 13)
652 1215 698 1242 ex
719 1203 826 1254 larga
846 1215 951 1254 penu
975 1210 1251 1255 excerptorum
1266 1216 1427 1243 suorum
1448 1206 1688 1256 inspersisse

151 1265 263 1321 (nam
291 1270 407 1307 etiam
434 1268 473 1307 P.
495 1268 691 1320 Scipionis
718 1269 891 1307 Africani
917 1269 1040 1308 uitam
1067 1265 1264 1324 scripsit),
1298 1282 1397 1321 quae
1423 1269 1688 1309 additamenta

154 1333 380 1373 discernere
408 1339 446 1373 et
471 1335 701 1373 nominatim
729 1333 968 1373 distribuere
995 1346 1073 1373 non
1099 1347 1230 1373 meum
1258 1335 1332 1373 hoc
1358 1335 1442 1374 loco
1470 1341 1540 1374 est.
1552 1332 1584 1388 2)

150 1461 225 1507 nis]
251 1463 426 1506 grauiter,
451 1461 568 1496 multa
594 1462 730 1503 leniter,
756 1461 873 1495 multa
898 1472 1034 1505 aspere,
1059 1462 1176 1496 multa
1200 1462 1314 1504 facete
1335 1461 1433 1496 dicta
1451 1466 1549 1505 sunt,
1571 1464 1687 1507 plura

148 1516 259 1549 etiam
286 1515 383 1549 dicta
409 1526 517 1559 quam
541 1515 690 1559 scripta,
717 1514 813 1558 quod
838 1525 882 1548 ex
907 1514 1124 1558 quibusdam
1149 1515 1331 1559 capitibus
1350 1516 1522 1559 eaepositis
1543 1527 1605 1551 nec
1624 1528 1685 1551 εω-

148 1568 295 1612 plicatis
317 1568 473 1612 z'ntelleyi
488 1571 604 1611 potest
618 1567 675 1612 (cf.
692 1570 747 1609 43,
765 1570 847 1601 160:
868 1568 917 1601 In
938 1579 977 1602 ea
998 1579 1110 1602 causa
1132 1567 1312 1613 [Liciniae
1327 1568 1481 1613 uirginis
1497 1569 1533 1603 C.
1550 1568 1684 1615 Carbo]

149 1622 223 1663 fuit
250 1621 559 1665 eloquentissimus
590 1622 837 1665 orationis-que
868 1622 944 1655 eins
969 1623 1124 1665 scriptas
1155 1621 1335 1665 quasdam
1361 1626 1488 1666 partes
1512 1623 1684 1667 reliquit.)

147 1674 360 1718 explicatur
384 1674 502 1717 igitur
527 1674 658 1716 oratio,
685 1684 780 1718 quae
807 1675 887 1708 tota
914 1674 1055 1718 scripta
1082 1673 1216 1717 editur,
1243 1675 1440 1718 exponitur
1459 1686 1554 1720 quae
1581 1676 1684 1720 eapi-

148 1727 311 1762 tulatim.

246 1785 278 1817 1)
306 1781 361 1815 Ab
389 1784 468 1815 arte
494 1783 622 1815 tamen
641 1781 827 1815 rhetorica
847 1792 920 1815 non
941 1781 1091 1815 omnino
1113 1781 1317 1825 abhorruit,
1344 1781 1375 1815 si
1394 1781 1463 1816 Gai
1484 1782 1683 1826 uxorisque

147 1833 322 1868 ultimum
350 1834 576 1879 colloquium
603 1837 644 1879 (c.
669 1838 725 1878 15)
753 1846 797 1869 ex
824 1846 866 1869 eo
893 1834 1016 1877 fluxit;
1043 1835 1257 1869 manufesta
1283 1835 1383 1870 enim
1409 1835 1580 1870 Hectoris
1607 1837 1680 1870 An-

146 1887 447 1932 dromachaeque
472 1888 633 1923 imitatio
660 1890 726 1923 est.

244 1944 277 1985 2)
304 1941 343 1975 E.
365 1941 601 1976 Kornemann
626 1941 650 1976 1.
672 1954 698 1977 s.
719 1942 915 1976 historiam
941 1942 1073 1976 Fannii
1099 1952 1144 1976 ex
1167 1943 1297 1987 paucis
1322 1942 1571 1986 tenuibusque
1598 1943 1684 1978 reli-

147 1995 244 2038 quiis
271 1995 466 2029 restituere
492 1997 646 2030 conatus
673 1997 729 2030 est
749 1995 838 2039 (uid.
860 1997 986 2030 tamen
1007 1995 1182 2030 Muenzer
1201 2007 1230 2031 e.
1254 1998 1369 2040 1991).
1404 1998 1530 2030 contra
1551 1997 1681 2031 Soltau

147 2048 185 2081 in
218 2048 397 2083 Fleckeis.
424 2049 547 2083 annal.
570 2053 635 2083 153
664 2051 784 2093 (1896)
818 2061 852 2094 p.
874 2052 1074 2084 357—368
1107 2048 1296 2083 Plutarchi
1329 2052 1366 2084 et
1397 2050 1562 2094 Appiani
1595 2061 1681 2085 con-

145 2112 294 2135 sensum
322 2113 365 2137 ex
392 2104 542 2136 auctore
569 2102 695 2146 aliquo
717 2102 856 2137 Graeco
883 2102 1062 2147 repetiuit
1089 2102 1187 2147 (fort.
1208 2102 1416 2147 Strabone),
1443 2104 1507 2147 qui
1527 2104 1679 2138 Posido-

146 2153 248 2188 nium
276 2155 607 2200 Semproniumque
635 2156 943 2199 contaminasset,
977 2158 1013 2190 et
1039 2156 1298 2190 additamenta
1323 2156 1568 2201 biographiea
1595 2157 1678 2191 Plu-

144 2208 266 2242 tarchi
293 2219 336 2243 ex
364 2208 533 2244 Cornelio
560 2209 715 2253 Nepote.

737 2267 754 2280 O
