2002 3342
283 211 399 241 ccxc
621 197 684 232 DE
712 196 1016 231 SCRIPTORVM
1045 197 1167 232 VITIS
1194 198 1254 232 ΕΤ
1281 198 1487 232 SCRIPTIS

281 321 357 360 quo
378 309 566 347 orationis
588 313 722 346 tenore
747 307 953 359 decerptae
975 309 1063 360 sint,
1086 309 1231 347 frustra
1252 308 1474 347 studuimus
1496 308 1691 360 indagare,
1718 322 1812 360 pau-

281 386 416 412 corum
445 379 574 412 tamen
603 385 794 411 annorum
822 385 884 411 res
912 385 956 411 eo
979 378 1181 412 enarratae
1210 385 1296 412 esse
1323 373 1521 424 uidentur,
1550 386 1638 412 cum
1665 373 1810 413 bellum

281 445 415 477 contra
443 438 637 489 Pyrrhum
665 443 817 488 gestum
852 439 927 476 iam
955 439 994 476 in
1023 439 1139 476 tertio
1168 438 1266 476 libro
1294 435 1516 492 occurrat¹)
1546 436 1610 491 (fr.
1632 436 1699 477 40.
1721 435 1810 491 41).

279 517 325 542 ex
354 503 490 542 eodem
518 503 618 541 libro
640 502 788 541 Gellius
814 503 957 542 factum
980 502 1173 554 quoddam
1196 502 1351 541 Laberii
1373 499 1437 555 (fr.
1459 501 1526 542 42.
1548 500 1624 556 43)
1649 503 1812 553 rettulit,

280 568 382 620 quod
404 570 443 607 in
465 581 609 607 anuum
631 565 728 607 258.
749 565 836 607 496
858 568 1046 606 incidisse
1069 573 1230 606 constat.
1269 567 1373 606 unde
1399 569 1431 606 si
1451 568 1697 607 memorabili
1718 581 1811 619 qua-

280 634 366 673 dam
395 646 437 672 re
464 633 576 671 libris
603 634 685 672 suis
713 633 830 672 finem
859 632 1064 672 Claudium
1092 634 1327 684 imposuisse
1355 632 1605 672 statuendum
1633 639 1703 684 est,
1730 633 1810 671 hel·

279 699 358 738 lum
394 698 716 749 Carthaginiense
748 700 920 749 primum
953 700 1069 736 tertio
1103 698 1202 736 libro
1237 698 1458 737 absolutum
1492 711 1578 737 esse
1611 697 1811 749 probabile

278 771 348 803 est.
390 763 551 813 deinde,
584 765 651 814 qui
685 764 757 802 suit
789 776 873 802 mos
903 764 1182 802 historicorum
1210 763 1384 814 illorum,
1418 769 1621 802 crescente
1647 765 1809 802 materie

279 842 343 868 res
373 830 594 868 accuratius
623 835 661 867 et
688 829 813 867 fusius
841 830 1032 879 exposuit,
1059 841 1148 867 nam
1175 828 1266 867 libri
1289 829 1417 879 quinti
1445 828 1488 866 sr.
1510 826 1565 866 53
1594 829 1740 867 mentio
1769 829 1807 866 lit

279 894 401 934 cladis
429 894 646 932 Cannensis
673 891 790 947 (216.
813 890 937 947 538),
970 895 1070 932 sexti
1098 894 1142 932 fr.
1165 892 1217 933 57
1247 893 1290 938 Q.
1318 893 1428 932 Fabii
1454 893 1612 931 Maximi
1638 893 1810 932 consulis

278 974 309 999 a.
333 958 429 999 213.
452 958 548 999 541.
588 959 662 998 hoc
681 961 803 1010 igitur
823 958 922 997 libro
945 958 1110 997 fortasse
1131 958 1277 997 bellum
1299 958 1466 997 alterum
1488 958 1811 1009 Carthaginiense

280 1027 326 1064 ad
355 1026 473 1064 tinem
505 1024 700 1076 perduxit.
740 1024 841 1062 libro
869 1025 1035 1075 septimo
1063 1023 1358 1074 adsignauimus
1386 1022 1431 1061 de
1459 1024 1683 1061 coniectura
1711 1035 1811 1074 quae

278 1091 414 1129 Liuius
446 1091 487 1129 in
520 1089 631 1128 libris
665 1089 822 1127 XXXIII
857 1094 895 1127 et
921 1088 1074 1127 XXXIV
1108 1101 1153 1127 ex
1189 1101 1232 1127 eo
1267 1089 1442 1127 seruauit
1474 1085 1539 1139 (fr.
1562 1085 1733 1126 62--67
1764 1100 1807 1126 ex

278 1157 392 1194 annis
417 1152 510 1194 197.
533 1152 780 1193 557—169.
803 1151 922 1207 585),
949 1153 1048 1192 libro
1076 1160 1213 1192 octauo
1242 1166 1339 1204 quae
1367 1152 1529 1192 Orosius
1557 1151 1622 1206 (fr.
1645 1150 1711 1191 68.
1734 1150 1808 1201 69)

278 1234 323 1260 ex
358 1233 457 1259 anno
489 1218 583 1259 146.
606 1217 710 1271 608,
751 1220 794 1258 sr.
819 1217 872 1257 73
906 1225 944 1258 et
973 1217 1027 1257 74
1059 1219 1225 1258 sortasse
1258 1220 1458 1270 pertinent
1485 1218 1531 1256 ad
1558 1218 1703 1256 bellum
1731 1217 1810 1257 Nu—

276 1287 497 1324 mantinum
532 1286 696 1335 eiusque
731 1296 875 1323 annum
906 1282 1000 1323 137.
1026 1282 1130 1336 617,
1170 1283 1269 1322 libro
1302 1285 1418 1323 tertio
1454 1283 1604 1322 decimo
1638 1282 1808 1322 reditum

278 1350 438 1390 Caecilii
458 1349 603 1388 Metelli
624 1348 822 1387 Numidici
851 1344 902 1402 (a.
925 1346 992 1387 99.
1015 1346 1120 1402 655)
1144 1354 1372 1388 narrauerat
1393 1346 1458 1401 (fr.
1477 1345 1562 1400 76),
1589 1347 1687 1386 libro
1716 1347 1809 1387 duo-

280 1416 520 1455 deuicesimo
549 1412 614 1467 (fr.
637 1411 712 1468 80)
741 1415 906 1453 fortasse
933 1414 1079 1453 bellum
1107 1414 1315 1453 Marsicum
1343 1411 1430 1466 (88.
1454 1411 1571 1466 666),
1597 1413 1810 1453 undeuice-

277 1483 375 1520 simo
408 1480 555 1519 bellum
588 1493 607 1518 a
636 1479 742 1518 Sulla
775 1485 908 1518 contra
939 1479 1172 1518 Archelaum
1207 1493 1239 1518 a.
1263 1479 1328 1518 ST.
1351 1477 1434 1518 667
1463 1484 1616 1529 gestum
1643 1475 1708 1531 (fr.
1733 1476 1808 1533 81)

278 1553 315 1586 et,
343 1547 554 1597 septimum
576 1545 688 1583 Marii
715 1545 960 1583 consulatum
990 1544 1166 1583 eiusdem
1188 1546 1279 1583 anni
1300 1541 1366 1589 (fr.
1389 1541 1455 1583 82.
1479 1540 1566 1597 83).
1606 1549 1809 1595 praeterea

279 1613 450 1650 citantur
476 1610 569 1649 libri
595 1623 697 1649 unus
726 1616 762 1648 et
783 1611 998 1649 uicesimus
1019 1616 1134 1661 atque
1162 1611 1377 1648 uicesimus
1406 1610 1557 1659 tertius,
1583 1608 1734 1648 nullum
1756 1616 1809 1648 ta-

278 1689 367 1716 men
396 1688 532 1715 eorum
567 1676 829 1726 fragmentum
858 1674 904 1713 ad
932 1681 1078 1713 certam
1107 1675 1274 1725 aliquam
1310 1687 1392 1713 rem
1420 1679 1485 1712 aut
1512 1686 1657 1712 annum
1683 1675 1805 1725 potuit

278 1743 431 1791 referri,
458 1753 585 1791 neque
613 1746 741 1791 potest
768 1741 908 1790 conici,
935 1752 982 1778 ex
1010 1753 1084 1791 quo
1111 1739 1210 1778 libro
1239 1746 1393 1791 sumpta
1421 1740 1496 1777 sint
1526 1751 1623 1790 quae
1645 1738 1810 1778 Orosius

277 1807 394 1845 hahet
428 1806 473 1844 de
506 1818 634 1857 pugna
667 1818 698 1844 a.
721 1803 788 1844 82.
811 1803 895 1844 672
930 1805 976 1843 ad
1005 1805 1274 1856 Sacriportum
1301 1806 1521 1843 commissa.
1562 1804 1650 1842 nolo
1678 1810 1807 1842 tamen

278 1872 480 1923 refragari,
508 1872 540 1909 si
569 1872 656 1922 quis
684 1883 772 1909 cum
793 1870 958 1909 Krausio
988 1866 1042 1921 (p.
1065 1866 1169 1924 247)
1200 1869 1364 1917 desiisse
1387 1869 1590 1908 Claudium
1618 1871 1657 1908 in
1680 1869 1810 1907 Sullae

277 1943 402 1976 morte
430 1938 652 1975 existumet.

367 2002 524 2040 Genus
558 2000 806 2039 scribendi
839 2000 983 2038 Fronto
1011 1999 1032 2037 l.
1061 2013 1089 2037 s.
1119 2012 1147 2037 s.
1182 2006 1219 2038 et
1250 1999 1396 2038 Gellius
1430 2001 1594 2038 summis
1627 1999 1809 2038 laudibus

277 2068 464 2117 esserunt,
498 2078 665 2117 quorum
699 2065 763 2104 ille
797 2065 836 2104 id
870 2065 1043 2116 lepidum
1077 2065 1197 2103 fuisse
1227 2061 1382 2118 dicitff),
1416 2064 1563 2103 Gellius
1591 2064 1808 2115 Claudium,

276 2130 424 2171 ‘uirum
451 2131 618 2170 modesti
647 2136 761 2182 atque
790 2132 879 2181 puri
907 2136 943 2168 et
970 2142 1091 2181 prope
1120 2129 1305 2168 cotidiani
1332 2128 1540 2168 sermonis’
1563 2126 1651 2182 (13,
1667 2127 1734 2180 29,
1749 2126 1808 2182 2),

280 2197 411 2236 Manlii
439 2202 637 2236 certamen
665 2193 893 2247 ‘purissime
921 2201 1036 2246 atque
1064 2195 1330 2233 illustrissime
1352 2195 1599 2246 simplicique
1622 2200 1659 2233 et
1679 2195 1808 2232 incor-

278 2269 389 2313 rupta
417 2263 606 2301 orati0nis
633 2263 815 2313 antiquae
844 2258 1051 2300 suauitate’
1083 2259 1341 2310 descripsisse
1370 2254 1590 2312 (9‚13‚4);
1624 2258 1697 2297 alio
1724 2257 1807 2296 loco

277 2324 364 2380 (15,
383 2327 419 2378 1,
434 2324 480 2381 4)
507 2327 629 2365 uerba
655 2326 806 2365 Claudii
834 2333 1031 2378 tamquam
1060 2324 1226 2376 ‘optumi
1247 2329 1286 2363 et
1307 2325 1567 2362 sincerissimi
1587 2320 1809 2374 scriptoris'

276 2392 416 2443 laudat,
444 2392 516 2431 alia
544 2393 714 2443 poetice,
747 2392 916 2430 iucunde
944 2397 983 2430 et
1009 2403 1184 2440 amoene,
1210 2401 1287 2428 non
1314 2390 1469 2427 insuaui
1495 2393 1703 2438 uetustate,
1731 2387 1807 2426 ele-

276 2464 423 2508 gauter⁷
456 2470 532 2496 non
566 2459 707 2496 inscite
740 2469 812 2496 nec
840 2457 1084 2507 ineleganter
1117 2451 1316 2508 (17,2,3,
1345 2451 1388 2505 6,
1412 2451 1483 2505 10,
1506 2450 1579 2505 23,
1601 2449 1675 2505 26)
1704 2452 1806 2491 dicta

373 2592 406 2633 1)
434 2588 539 2631 Quod
566 2589 818 2634 fragmentum
846 2601 866 2623 a
893 2588 1049 2622 Krausio
1076 2600 1110 2632 p.
1128 2591 1194 2620 ‘254
1223 2597 1266 2620 ex
1287 2585 1475 2619 Prisciano
1497 2585 1579 2618 XIII
1599 2597 1633 2629 p.
1650 2584 1728 2619 sH.
1756 2584 1808 2628 gin

276 2654 347 2686 quo
374 2643 514 2677 mentio
541 2643 583 2676 fit
608 2643 754 2687 Pyrrhi)
783 2643 830 2676 ad
856 2643 992 2676 librum
1018 2641 1051 2675 II
1075 2640 1234 2674 refertur
1253 2650 1327 2673 non
1349 2640 1404 2672 est
1428 2638 1554 2680 Quinti
1575 2637 1721 2672 Claudii
1741 2637 1806 2671 sed

275 2696 344 2730 Gai
371 2695 504 2730 Licinii
532 2696 646 2740 (apud
672 2707 736 2730 nos
763 2695 805 2729 fr.
827 2698 896 2738 20).

371 2750 405 2793 2)
433 2748 484 2783 Cf.
500 2749 671 2783 Fronton.
694 2749 741 2783 ad
756 2750 838 2783 Ant.
860 2749 947 2792 imp.
969 2753 1001 2790 2,
1017 2752 1036 2782 2
1056 2759 1090 2792 p.
1110 2750 1175 2781 106
1191 2745 1248 2789 N.‚
1274 2745 1339 2779 ubi
1365 2744 1583 2789 imperatori
1609 2743 1737 2785 suasit,
1764 2745 1806 2777 ut

277 2802 353 2837 ‘uel
384 2813 516 2847 graues
544 2813 587 2836 ex
614 2802 843 2836 orationibus
876 2804 1044 2836 ueterum
1077 2799 1282 2834 sententias
1315 2799 1495 2843 arriperet
1522 2798 1583 2832 uei
1609 2797 1734 2831 dulces
1761 2807 1805 2831 ex

273 2855 458 2900 poematis
484 2855 543 2890 uel
571 2867 614 2889 ex
641 2855 796 2889 historia
823 2855 1065 2899 splendidas'.
