2002 3342
666 207 690 241 Ι.
717 206 779 240 DE
808 205 1084 240 ANNALIBVS
1111 207 1316 241 MAXIMIS
1711 224 1758 253 IX

230 318 325 356 kero
344 317 365 355 l.
383 330 410 355 s.
427 329 462 367 p.
479 314 531 355 51
552 316 649 355 aliis.
678 323 716 354 at
730 323 773 354 ut
793 316 888 354 illud
903 318 1141 366 omittamus,
1157 316 1261 367 quod
1278 317 1566 369 Solia11(1.5.p.
1585 317 1668 356 223<
1682 331 1756 371 sq.)

229 383 500 421 necessitatem
538 381 781 432 singulorum
818 393 1010 420 annorum
1047 382 1165 419 fastos
1207 382 1480 432 promulgandi
1519 395 1596 421 non
1638 385 1758 422 fuisse

230 447 529 496 demonstrauit,
556 459 749 497 nusquam
778 446 838 484 his
866 458 998 484 rerum
1026 452 1223 496 gestarum
1252 449 1479 485 memoriam
1508 454 1757 498 propagatam

229 524 313 551 esse
342 517 689 561 commemoratur,
724 510 792 549 sed
819 512 859 549 in
888 510 1016 549 tabula
1043 510 1090 549 ad
1123 510 1162 549 id
1191 513 1320 562 ipsum
1349 514 1557 562 quotannis
1586 515 1759 563 exposita

228 576 358 614 addito
387 576 447 614 die
476 589 538 614 res
571 576 685 614 modo
721 581 849 625 gestas
885 581 1036 614 notatas
1070 589 1173 626 esse,
1208 582 1470 627 quantamque
1504 578 1625 616 fuisse
1660 579 1760 616 arbi-

229 643 345 680 traris
374 641 476 679 illam
505 641 674 679 tabulam
705 640 920 679 dealbatam
949 640 996 679 ad
1024 640 1273 692 recipiendos
1302 641 1455 680 dicrum
1489 642 1760 694 linearumque

228 706 315 758 plus
343 713 590 745 trecenarum
619 708 986 757 quinquagenarum
1020 719 1207 744 numeros
1241 708 1335 745 satis
1363 707 1551 758 grandes,
1580 714 1623 746 ut
1650 708 1762 746 sacilc

229 773 413 822 cognosci
446 778 622 822 possent,
660 778 843 822 quantam
877 771 1257 822 incommoditatem,
1293 773 1326 809 si
1362 771 1541 823 pluribus
1576 772 1762 823 deinceps

230 836 367 875 diebus
396 849 458 875 res
486 836 618 888 plures
645 836 836 875 notandae
865 834 1029 875 essent?
1064 836 1233 887 denique
1262 842 1301 875 et
1325 838 1381 875 eis
1409 850 1507 888 quae
1536 837 1583 876 ad
1611 838 1762 876 tabulas

230 898 474 955 paschalesl)
504 907 541 940 et
568 903 625 939 eis
654 914 751 952 quae
780 901 827 939 ad
856 903 975 940 fastos
1004 901 1293 952 adiciebantur,
1320 902 1394 940 hoc
1421 902 1689 953 spectabatur,
1721 909 1763 941 ut

230 968 347 1006 etiam
368 972 503 1017 postea
524 968 713 1018 temporis
736 968 938 1017 praeteriti
960 968 1148 1005 memoria
1172 968 1427 1006 retineretur:
1456 967 1524 1005 sed
1545 969 1763 1018 pontifices,

230 1045 319 1071 cum
347 1031 497 1070 tabulas
524 1044 595 1083 per
622 1032 797 1082 singulos
825 1044 948 1070 annos
975 1032 1133 1083 publice
1162 1038 1200 1070 et
1226 1033 1279 1071 ita
1306 1032 1612 1083 suspenderent,
1648 1039 1691 1071 ut
1718 1033 1764 1071 ab

229 1097 411 1136 omnibus
443 1097 627 1135 Romanis
660 1099 801 1148 quouis
834 1102 1010 1148 tempore
1044 1099 1220 1148 conspici
1255 1103 1435 1149 possent,
1475 1110 1568 1136 num
1609 1098 1678 1136 hac
1719 1098 1765 1137 de

231 1175 347 1202 causa
374 1162 413 1200 id
441 1163 581 1201 iecisse
609 1162 840 1212 contendes,
877 1175 925 1201 ne
957 1162 1058 1213 apud
1085 1168 1265 1213 posteros
1293 1175 1425 1202 rerum
1459 1169 1659 1213 gestarum
1686 1176 1766 1202 mc-

230 1229 354 1266 moria
376 1227 573 1266 obliuione
595 1226 858 1266 obrueretur?
890 1228 1010 1266 immo
1039 1229 1072 1265 si
1100 1227 1194 1278 quid
1221 1228 1348 1279 uideo,
1376 1230 1488 1267 initio
1517 1228 1653 1267 eodem
1675 1241 1766 1267 con-

232 1293 318 1331 silio
347 1305 410 1331 res
439 1294 682 1343 conscriptas
710 1298 747 1331 et
770 1292 926 1343 publice
948 1294 1167 1344 propositas
1191 1306 1277 1332 esse
1299 1295 1506 1343 existumo,
1534 1307 1609 1345 quo
1632 1299 1766 1344 postea

231 1358 375 1397 Caesar
408 1357 545 1397 consul
576 1358 711 1409 populi
745 1357 885 1397 diurna
919 1365 1004 1397 acta
1041 1361 1261 1409 composuit
1301 1364 1338 1398 et
1377 1359 1612 1410 publicauit„
1650 1364 1694 1398 ut
1725 1361 1766 1397 in

232 1435 366 1462 eorum
407 1424 474 1474 qui
512 1429 595 1461 tum
634 1422 825 1462 uiuebant
862 1425 1040 1462 notitiam
1081 1437 1197 1475 quam
1239 1424 1445 1463 celerrime
1490 1424 1767 1475 perferrentur

232 1501 378 1539 eaeque
406 1490 458 1526 ita
486 1490 756 1539 consignatae,
800 1494 843 1527 ut.
872 1488 1049 1539 patribus
1086 1489 1418 1540 pontificibusque
1452 1489 1635 1541 placeret.
1677 1502 1766 1528 nam

232 1555 447 1604 antiquitus
482 1554 653 1591 ciuitatis
686 1551 915 1593 interfuisse
951 1566 1013 1593 res
1048 1554 1152 1592 domi
1185 1554 1427 1605 militiaeque
1454 1560 1584 1606 gestas
1611 1554 1766 1606 publice

235 1631 473 1669 cognoscere
507 1618 686 1669 pluribus
720 1631 916 1669 exponere
951 1631 1290 1670 superuacaneum
1330 1625 1399 1659 est.
1445 1626 1488 1658 ut
1523 1621 1644 1670 igitur
1682 1626 1769 1671 post

232 1683 382 1722 cladem
410 1683 457 1721 ad
484 1683 800 1723 Trasumennum
834 1690 1034 1735 acceptam
1062 1684 1109 1723 M.
1132 1685 1369 1736 Pomponius
1402 1691 1561 1737 praetor
1590 1698 1610 1724 a
1636 1685 1767 1723 multi-

234 1748 371 1788 tudine
399 1755 585 1787 euocatus
606 1761 676 1799 pro
699 1750 807 1788 curia
834 1762 963 1800 pugna
989 1762 1128 1800 magna
1157 1752 1374 1790 exercitum
1400 1753 1550 1789 uictum
1578 1763 1665 1789 esse
1693 1750 1767 1789 cla-

232 1816 355 1853 mauit
377 1809 529 1867 (Polyb.
551 1812 589 1864 3,
611 1812 679 1865 85,
695 1811 732 1852 8.
760 1814 844 1853 Liu.
866 1813 934 1865 22,
958 1813 994 1866 7,
1011 1812 1066 1866 S),
1094 1817 1145 1854 ita
1166 1817 1325 1854 omnino
1348 1818 1490 1867 priscis
1512 1815 1768 1867 temporibus,

234 1881 267 1918 si
294 1879 387 1930 quid
414 1880 574 1917 maioris
601 1881 790 1918 momenti
817 1880 1097 1932 intercidisset,
1124 1894 1221 1920 uoce
1243 1894 1262 1919 a
1284 1883 1515 1932 magistratu
1542 1881 1671 1932 aliquo
1699 1893 1769 1931 per

234 1956 469 1995 praeconem
486 1943 523 1982 id
538 1945 837 1994 pronuntiatum
853 1957 940 1984 esse
962 1958 1116 1997 censeo,
1132 1952 1226 1998 tum,
1242 1960 1331 1985 cum
1353 1952 1391 1985 et
1411 1946 1619 1985 multitudo
1635 1946 1768 1997 populi

234 2008 397 2047 Romani
419 2021 561 2060 resque
585 2008 631 2047 ab
660 2021 703 2047 eo
726 2016 857 2060 gestae
886 2017 924 2049 et
950 2010 1124 2050 studium
1147 2024 1211 2050 eas
1238 2012 1503 2063 cognoscendi
1530 2017 1769 2062 augerentur

234 2081 272 2112 et
292 2086 417 2113 nonae
439 2080 505 2112 aut
526 2074 646 2112 feriae
662 2088 680 2112 a
697 2074 968 2114 sacerdotibus
989 2075 1108 2113 calari
1131 2075 1277 2114 desitae
1299 2081 1431 2114 essent
1441 2072 1486 2129 2),
1509 2075 1578 2114 sed
1594 2075 1767 2126 descrip-

235 2145 294 2178 tae
322 2141 361 2177 in
389 2139 531 2178 tabulis
558 2146 888 2191 proponerentur,
915 2140 988 2178 hoc
1008 2140 1262 2191 pontificibus
1283 2142 1456 2180 officium
1479 2140 1768 2191 demandatum,

234 2212 277 2243 ut
304 2217 368 2243 res
395 2205 435 2242 in
463 2204 613 2243 tabulas
641 2204 782 2243 relatas
810 2206 849 2243 in
878 2206 984 2255 regia
1005 2205 1052 2243 ad
1079 2206 1207 2244 forum
1229 2207 1301 2244 sita
1322 2205 1583 2257 publicarent,
1611 2219 1698 2256 quo,
1725 2211 1768 2244 ut

235 2271 423 2320 temporis
445 2271 607 2308 rationis
629 2271 893 2320 cognitionem
914 2276 1105 2321 peterent,
1127 2271 1356 2321 frequenter
1377 2272 1484 2309 ciues
1506 2270 1766 2309 confluebant.

332 2385 364 2427 1)
391 2384 488 2417 Infra
509 2386 557 2428 (p.
573 2397 643 2417 xxv
657 2386 750 2428 sqq.)
772 2384 966 2418 ostendere
981 2384 1225 2427 studebimus,
1246 2387 1288 2419 ut
1309 2397 1351 2418 ex
1372 2384 1511 2418 tabulis
1527 2384 1767 2428 paschalibus

235 2436 425 2471 adnotatis
457 2437 636 2471 historiae
664 2437 870 2472 Germanae
904 2438 1126 2482 primordia,
1162 2438 1214 2472 sic
1247 2449 1289 2472 ex
1322 2438 1524 2482 publicatis
1551 2437 1768 2482 pontificum

235 2490 431 2525 annalibus
458 2491 618 2533 Pisonis,
647 2491 843 2533 Heminae,
872 2491 1096 2535 Sempronii,
1127 2491 1285 2526 aliorum
1312 2492 1505 2525 historiam
1534 2493 1651 2525 ortam
1678 2500 1768 2524 esse.

234 2543 387 2578 tabulae
413 2544 526 2588 igitur
552 2545 746 2589 paschales
774 2544 877 2589 ipsae
899 2556 983 2579 cum
1006 2544 1225 2587 pontificum
1245 2544 1384 2579 tabulis
1406 2544 1603 2587 dealbatis,
1629 2543 1666 2577 in
1689 2543 1769 2586 qui-

236 2596 303 2631 bus
348 2597 541 2631 consulum
587 2600 624 2632 et
669 2597 827 2632 aliorum
866 2598 1155 2642 magistratuum
1193 2598 1344 2632 nomina
1382 2598 1613 2642 praescripta
1651 2598 1768 2637 erant,

235 2649 385 2695 publice
411 2651 611 2695 propositis
637 2651 909 2695 comparandae
937 2652 1033 2685 sunt.

331 2705 364 2748 2)
392 2703 528 2738 Priscis
548 2704 790 2749 temporibus,
812 2705 899 2738 dum
922 2703 1097 2739 solarium
1117 2704 1351 2749 horologium
1372 2705 1459 2738 ante
1480 2703 1609 2737 aedem
1625 2701 1768 2744 Quirini

237 2758 475 2800 statueretur,
502 2757 615 2791 etiam
643 2757 813 2792 meridiei
833 2759 979 2802 tempus
1001 2757 1047 2791 ab
1069 2768 1222 2791 accenso
1244 2757 1437 2791 consulum
1457 2755 1769 2801 pronuntiabatur

235 2809 344 2853 (Ptin.
365 2822 399 2844 n.
421 2811 455 2844 h.
480 2814 510 2854 7,
532 2813 632 2855 212),
671 2810 806 2845 deinde
833 2813 963 2854 quater
995 2821 1061 2855 per
1092 2811 1191 2844 diem
1218 2811 1329 2845 horae
1357 2822 1378 2844 a
1405 2809 1600 2854 praetoris*
1613 2818 1767 2842 accenso

237 2863 367 2906 (Varro
395 2863 441 2898 de
467 2863 490 2898 l.
511 2863 534 2899 l.
557 2868 588 2907 6,
610 2866 680 2907 89).
