2002 3342
675 214 714 256 Q.
741 213 914 248 FABIVS
942 212 1115 248 PICTOR
1536 228 1658 256 LXXV

131 329 339 379 diligenter
371 323 598 380 (ἀκριβῶς)
632 338 703 377 per
740 325 835 363 duos
872 330 910 363 et
946 324 1087 373 uiginti
1124 335 1245 361 annos
1282 336 1322 361 se
1359 324 1398 361 in
1434 336 1551 374 opere
1589 338 1658 363 suo

131 392 398 444 componendo
419 397 619 430 uersatum
641 403 727 429 esse
749 402 780 428 c.
804 388 825 428 7
850 389 1032 428 ostendit.
1073 389 1259 426 nimirum
1281 394 1393 426 antea
1414 389 1541 428 tribus
1563 390 1659 428 locis

130 458 278 498 eisdem
312 456 446 496 uerbis
479 457 518 494 in
552 455 752 494 leuitatem
787 460 825 493 et
858 454 1144 505 neglegentiam
1178 465 1313 491 eorum
1348 455 1528 493 inuectus
1565 462 1659 505 erat,

130 526 197 575 qui
231 523 389 561 fortuito
431 522 636 560 materiam
673 521 961 570 congessissent
1003 516 1054 570 (c.
1086 516 1120 568 1,
1147 515 1185 555 4.
1218 515 1257 568 4,
1285 516 1322 556 2.
1357 517 1394 569 6,
1425 517 1480 572 l).
1526 526 1658 558 contra

131 602 171 627 se
206 600 388 626 exorsum
422 587 468 625 ab
501 586 578 624 illis
612 585 759 624 Graece
793 586 952 635 scriptis
985 584 1162 622 historiis
1200 578 1465 636 (Hieronymi,
1499 585 1660 635 Timaei,

129 653 329 705 Antigoni,
356 652 523 703 Polybii,
552 651 691 701 Sileni,
725 650 833 689 Fabii
867 650 1071 700 Cinciique
1105 646 1163 695 ὡς
1194 645 1545 701 ἐπισεσυρκότων
1581 650 1660 702 τὴν

129 714 323 770 γραφήν)
338 719 509 769 primum
526 717 706 755 Latinum
728 728 951 755 sermonem
973 716 1135 765 eiusque
1157 719 1377 757 litterarum
1396 717 1660 765 cognitionem

130 779 328 832 didicisse,
356 789 437 821 tum
465 782 537 821 alia
566 795 611 820 ex
639 781 924 820 consuetudine
946 783 1137 822 nobilium
1158 785 1347 833 uirorum,
1376 782 1447 820 alia
1470 794 1515 820 ex
1537 781 1660 830 libris,

130 858 228 896 quos
248 848 325 898 ipsi
345 847 508 886 Romani
531 846 745 897 laudarent,
767 848 1010 900 percepisse3
1034 850 1163 900 itaque
1185 850 1383 888 neminem
1409 847 1483 885 sibi
1505 848 1661 885 crimini

131 910 223 950 dare
256 925 387 963 posse,
421 911 523 963 quod
557 924 652 963 quas
685 924 748 950 res
776 911 878 962 apud
912 912 997 951 illos
1030 926 1107 952 non
1141 915 1377 963 inuenisset,
1417 913 1499 962 ipse
1533 912 1660 950 subito

130 979 367 1028 scripsisset.
402 979 527 1029 capita
555 979 675 1027 igitur
701 978 936 1015 narrationis
964 990 1056 1017 suae
1078 979 1188 1017 Fabii
1209 974 1454 1032 (Cinciique)
1479 977 1662 1015 historias

129 1042 267 1081 baberi
293 1043 434 1093 uoluit,
472 1055 569 1094 quae
598 1043 644 1081 ad
672 1055 716 1081 ea
743 1042 959 1093 supplenda
987 1050 1025 1082 et
1057 1043 1296 1083 eonectenda
1331 1042 1477 1093 addita,
1517 1054 1560 1080 ex
1596 1055 1662 1093 op-

129 1109 235 1146 timis
267 1108 434 1147 testibus
466 1108 651 1147 Romanis
685 1109 862 1159 repetita.
914 1108 983 1147 sed
1017 1122 1209 1160 apponam
1242 1110 1325 1160 ipsa
1360 1109 1444 1147 eius
1476 1104 1660 1161 ue1·}›al):

129 1170 201 1212 καὶ
227 1172 280 1212 τὰ
305 1169 386 1226 μὲν
412 1171 529 1224 παρὰ
555 1179 644 1213 τῶν
672 1171 951 1225 λογιωτάτων
977 1171 1175 1226 ἀνδρῶν,
1209 1165 1274 1221 οἷς
1300 1172 1360 1221 εἰς
1387 1170 1562 1224 ὁμιλίαν
1594 1167 1662 1224 ἧλ-

129 1240 232 1289 θον,
266 1237 422 1291 ὁιδαχῇ
449 1237 729 1290 παραλαβὼν,
758 1237 810 1278 τὰ
838 1235 873 1277 δ’
909 1236 955 1278 ἐκ
981 1244 1070 1278 τῶν
1098 1238 1305 1290 ἱστοριῶν
1331 1235 1663 1288 ἀναλεξάμενος,

132 1301 182 1351 ἃς
208 1302 250 1343 οἱ
277 1302 386 1355 πρὸς
413 1301 560 1343 αὐτῶν
588 1301 898 1356 ἐπαινούμενοι
919 1301 1141 1355 Ῥωμαίων
1168 1302 1451 1356 συνέγραψαν
1473 1303 1665 1355 Πόρκιός

131 1382 177 1408 τε
206 1367 362 1408 Κάτων
394 1366 465 1408 καὶ
499 1367 665 1421 Φάβιος
697 1365 901 1419 Μάξιμος
933 1367 1003 1408 καὶ
1040 1367 1282 1422 Οὐαλέριος
1314 1367 1336 1408 ὁ
1370 1366 1558 1415 Ἀντιεὺς
1593 1365 1663 1407 καὶ

132 1433 333 1481 Λικίνιος
374 1431 527 1486 ΑΜάκερ
562 1431 715 1473 Αἴλιοί
749 1447 793 1473 τε
826 1430 899 1473 καὶ
935 1432 1107 1474 Γέλλιοι
1144 1432 1215 1474 καὶ
1250 1431 1556 1485 Καλπούρνιοι
1594 1431 1665 1472 καὶ

130 1496 271 1550 ἕτεροι
304 1498 459 1552 συχνοὶ
491 1498 600 1551 πρὸς
632 1498 805 1546 τούτοις
838 1498 997 1551 ἄνδρες
1030 1497 1110 1539 οὐκ
1143 1497 1345 1552 ἀφανεῖς,
1380 1495 1450 1538 ἀπ’
1483 1495 1666 1538 ἐκείνων

133 1563 386 1617 ὁρμώμενος
411 1570 499 1604 τῶν
522 1560 871 1618 πραγματειῶνῖ)
900 1561 1003 1618 (εἰσὶ
1032 1561 1079 1604 δὲ
1103 1571 1197 1612 ταῖς
1212 1561 1486 1616 Ἑλληνικαῖς
1511 1577 1665 1616 χρονο-

132 1629 341 1683 γραφίαις
368 1626 572 1684 ἐοικυῖαι)
599 1629 693 1669 τότε
720 1627 976 1682 ἐπεχείρησα
1002 1635 1052 1683 τῇ
1080 1635 1241 1683 γραφῇ.

222 1696 341 1734 Vsum
368 1708 463 1734 uero
491 1708 577 1734 esse
605 1695 768 1734 Fabium
790 1695 986 1734 Pictorem
1013 1696 1175 1746 lingua
1204 1695 1381 1734 Graeca
1409 1700 1542 1746 aperte
1571 1694 1667 1732 dicit

131 1761 340 1812 Dionysius
360 1759 394 1812 1,
411 1759 448 1811 6,
466 1759 486 1799 1
506 1756 549 1815 (Ι.
563 1774 599 1812 p.
615 1771 743 1799 LXXII
765 1757 995 1814 exscripto),
1016 1761 1204 1812 Fabiique
1225 1761 1393 1799 Pictoris
1409 1759 1579 1798 Graecos
1600 1772 1666 1798 an-

133 1826 242 1866 nales
269 1832 549 1865 commemorat
572 1826 710 1865 Cicero
737 1823 804 1880 (fr.
826 1823 885 1881 3).
920 1832 1143 1878 contempto
1171 1832 1302 1865 autem
1329 1827 1454 1877 patrio
1485 1837 1666 1864 sermone

134 1905 257 1931 unum
279 1905 325 1931 ex
352 1891 550 1931 nobilibus
571 1891 757 1930 Romanis
785 1893 847 1930 sui
873 1891 1007 1943 populi
1035 1904 1099 1930 res
1125 1898 1255 1943 gestas
1277 1890 1425 1930 Graece
1450 1902 1668 1940 enarrasse,

134 1970 249 1996 nemo
270 1957 490 2008 mirabitur,
506 1959 573 2008 qui
594 1957 719 1996 titulis
740 1959 929 1996 marmori
951 1959 1084 1996 aeriue
1107 1958 1256 2008 incisis,
1279 1969 1376 2008 quos
1399 1969 1443 1995 ex
1462 1955 1527 1994 illa
1542 1961 1667 1994 aetate

133 2022 336 2074 habemus,
364 2022 526 2074 collatis,
553 2035 670 2074 quam
697 2035 775 2061 non
803 2029 890 2074 apta
918 2029 1001 2062 tum
1029 2023 1150 2061 fuerit
1178 2022 1311 2073 lingua
1336 2021 1510 2060 Romana
1537 2020 1585 2059 ad
1611 2021 1668 2059 hi-

134 2089 295 2127 storiam
317 2087 595 2139 considerauit,
616 2101 744 2139 neque
767 2090 973 2139 quisquam
996 2087 1165 2127 Naeuios
1187 2087 1372 2126 etLiuios
1392 2086 1490 2125 mihi
1510 2085 1668 2137 obiciet,

136 2155 205 2204 qui
231 2154 307 2192 iam
335 2159 423 2192 ante
450 2153 613 2192 Fabium
640 2153 865 2203 floruerint,
899 2155 931 2191 si
958 2154 1186 2192 meminerit
1212 2152 1314 2204 apud
1341 2164 1477 2190 omnes
1503 2151 1668 2202 populos

135 2218 250 2269 longe
283 2220 544 2270 antiquiorem
579 2231 732 2270 curam,
768 2224 810 2258 ut
837 2231 926 2257 cum
954 2218 1104 2257 Isidoro
1138 2214 1255 2271 (orig.
1286 2216 1327 2268 1,
1348 2215 1416 2268 37,
1438 2213 1483 2269 2)
1519 2216 1668 2267 loquar,

135 2284 257 2323 fuisse
285 2285 505 2322 carminum
532 2297 648 2335 quam
675 2297 834 2336 prosae:
862 2282 1018 2322 ‘Omnia
1045 2285 1149 2322 enim
1176 2284 1288 2335 prius
1314 2282 1498 2322 uersibus
1526 2281 1667 2320 conde-

134 2348 290 2400 bantur,
322 2361 462 2400 prosae
497 2355 626 2388 autem
660 2349 834 2388 studium
869 2362 956 2387 sero
990 2347 1146 2400 uiguit’,
1183 2354 1221 2387 et
1253 2348 1389 2386 eadem
1425 2348 1506 2386 sere
1544 2353 1668 2385 aetate

137 2413 414 2453 Ekkehardum
428 2414 722 2465 Vraugiensem,
743 2414 926 2453 Ottonem
941 2414 1271 2464 Freisingensem,
1286 2413 1552 2464 Ragewinum,
1573 2412 1669 2450 alios

138 2492 319 2518 sermone
341 2479 478 2518 Latino
504 2492 598 2518 usos
624 2492 711 2518 esse
739 2485 892 2518 constat
918 2492 981 2518 res
1008 2480 1155 2530 patrias
1183 2478 1416 2529 scribentes,
1442 2491 1517 2529 qua
1544 2479 1668 2516 uersi-

235 2614 267 2656 1)
293 2613 455 2646 maxime
476 2614 629 2656 propter
648 2611 857 2646 Pluessium
877 2611 931 2645 De
955 2611 1053 2645 Cinc.
1069 2623 1103 2655 p.
1121 2615 1161 2644 11
1186 2612 1221 2644 et
1241 2610 1279 2644 in
1294 2609 1474 2644 Fleckeis.
1490 2621 1575 2645 ann.
1592 2608 1667 2643 CIII

138 2677 173 2710 p.
196 2668 281 2707 283,
309 2665 373 2710 qui
398 2665 459 2699 hie
486 2665 593 2699 Fabii
614 2664 807 2708 Cinciique
834 2664 1060 2698 mentionem
1086 2664 1263 2698 iniectam
1290 2674 1369 2698 esse
1395 2663 1562 2707 negauit⁴
1607 2673 1669 2695 ne-

139 2718 256 2764 glexit
282 2719 380 2753 enim
406 2719 521 2753 uerba
547 2717 612 2753 ἀπ’
638 2716 791 2752 ἐκείνων
819 2717 1029 2762 ὁρμώμενος
1050 2723 1124 2751 τῶν
1143 2722 1405 2760 πραγματειῶν
1425 2716 1508 2761 (εἰσὶ
1529 2715 1569 2750 δὲ
1588 2721 1669 2755 ταῖς

135 2766 369 2816 Ἑλληνικαῖς
394 2769 690 2818 χρονογραφίαις
715 2772 888 2815 ἐοικυῖαι)
916 2772 980 2804 aut
1007 2781 1050 2804 ea
1077 2770 1123 2804 ad
1151 2769 1306 2803 Fabium
1334 2769 1591 2811 Cineiumque,
1624 2769 1667 2801 de

139 2824 275 2868 quibus
301 2835 381 2869 cap.
408 2825 647 2860 antecedente
674 2826 802 2869 egerat
828 2823 1040 2868 Dionysius,
1067 2822 1262 2857 referenda
1288 2832 1367 2856 esse
1392 2833 1466 2856 non
1492 2821 1596 2854 uidit.

235 2880 269 2922 2)
297 2878 349 2911 sie
376 2889 405 2912 e.
426 2882 457 2920 6,
481 2883 496 2911 1
526 2877 638 2912 etiam
665 2877 882 2921 Hieronymi
909 2880 945 2911 ct
971 2876 1113 2911 Timaei
1139 2875 1313 2909 historias
1342 2874 1495 2909 dixerat.
