2002 3342
295 209 332 243 L.
355 209 611 244 CALPVRNII
637 208 818 243 PISONIS
846 208 1065 243 CENSORII
1092 208 1325 243 ANNALES.
1366 208 1408 242 fr.
1430 212 1545 243 5—13
1599 208 1681 249 125

153 320 391 370 colliguntur
417 321 508 358 anni
536 329 707 358 Dxxxv.
746 319 817 357 hos
845 320 966 357 fuisse
993 332 1013 357 e
1041 319 1174 357 charla
1202 342 1255 346 —
1284 332 1429 370 cosque
1457 319 1682 357 combustos

153 398 171 423 a
199 386 242 430 Q.
264 385 401 423 Petilio
434 391 633 435 praetore,
667 385 755 435 quia
795 381 1065 435 philosophiae
1098 386 1243 435 scripta
1276 390 1418 423 esseut.
1464 384 1545 423 Iloc
1577 383 1681 423 idem

152 450 267 489 tradit
304 451 390 489 Piso
428 451 639 488 Censorius
673 451 798 500 primo
837 450 1228 499 commentariorum,
1268 449 1337 487 sed
1371 449 1491 487 libros
1531 455 1681 500 septem

151 517 248 554 iuris
275 517 478 566 pontificii,
506 514 668 553 totidem
696 514 973 565 Pythagsuicos
1000 514 1134 552 fuisse.

114 594 129 620 5
244 577 344 620 12=÷=.
380 582 482 619 Plut.
505 582 619 618 Num.
643 580 708 618 21.
742 576 786 618 ‘O
812 580 966 630 Νομᾶς
993 576 1273 630 ἐτελεύτησεν
1299 577 1350 618 οὐ
1384 580 1554 631 ταχείας
1581 576 1679 618 οὐδ’

151 645 381 698 αἰφνιδίου
408 642 645 696 γενομένης
671 642 789 698 αὐτῷ
816 648 891 695 τῆς
916 645 1118 695 τελευτῆς
1149 642 1258 683 ἀλλὰ
1284 643 1392 683 κατὰ
1417 643 1575 695 μικρὸν
1594 643 1680 684 ὑπὸ

149 710 292 761 γήρως
306 709 376 749 καὶ
398 710 534 749 νόσου
550 712 744 761 μαλακῆς
764 707 1185 761 ἀπομαραινόμενος,
1200 707 1258 756 ὡς
1274 708 1473 761 ἱστόρηκε
1489 710 1681 760 Πείσων,

149 773 397 827 ἐτελεύτησε
431 773 478 814 δὲ
511 775 673 827 χρόνον
706 772 757 813 οὐ
791 774 935 813 πολὺν
967 780 1059 820 τοῖς
1093 771 1365 826 ὀγδοήκοντα
1391 773 1680 826 προσβιώσας.

241 837 314 880 13.
348 842 450 879 ΡΙὶη.
479 840 546 888 28,
570 841 635 878 14.
676 840 716 878 L.
738 840 826 878 Piso
859 842 987 891 primo
1020 840 1216 878 annalium
1246 845 1382 878 auctor
1421 845 1491 890 est,
1525 839 1682 878 Tullum

95 913 128 939 10
148 905 357 944 Hostilium
386 917 519 956 regem
547 918 592 944 ex
620 905 770 944 Numae
799 905 909 943 libris
937 905 1074 943 eodem
1096 917 1172 956 quo
1199 905 1309 944 illum
1331 906 1523 943 sacrificio
1550 905 1681 943 Iouem

147 1049 243 1079 000ος
279 1038 496 1082 priusquam
523 1037 561 1071 id
594 1038 749 1078 faceret,
783 1048 820 1071 se
848 1037 881 1070 ei
906 1037 1138 1081 permittere,
1164 1037 1233 1079 uti,
1262 1037 1292 1070 si
1319 1037 1418 1080 quod
1444 1048 1508 1071 seu
1534 1037 1590 1070 ius
1618 1048 1682 1070 seu

149 1085 327 1120 auxilium
355 1096 392 1119 se
421 1086 557 1119 habere
579 1085 626 1118 ad
647 1096 709 1119 eos
728 1084 842 1118 libros
863 1084 1083 1129 repetendos
1105 1084 1345 1125 existimaret,
1372 1084 1616 1128 experiretur:
1643 1084 1683 1118 id

147 1134 294 1175 intevra
328 1144 393 1166 sua
425 1133 548 1177 gratia
575 1143 658 1166 eum
688 1132 885 1166 facturum.
925 1132 1046 1166 scriba
1072 1132 1241 1166 tribunos
1267 1113 1389 1176 1010100
1417 1132 1511 1174 adit
1546 1131 1591 1165 ab
1618 1131 1681 1165 tri-

146 1170 254 1215 bunis
282 1180 329 1214 ad
356 1181 526 1214 senatum
548 1191 605 1214 res
633 1181 689 1214 001
708 1180 855 1214 reiecta.
893 1182 1043 1223 praetor
1063 1190 1101 1213 se
1120 1179 1378 1213 iusiurandum
1400 1180 1488 1214 dare
1508 1180 1682 1223 paratum

147 1239 224 1262 0000
257 1227 396 1270 aiebat,
430 1227 544 1261 libros
578 1238 639 1262 eos
671 1227 747 1271 legi
779 1227 993 1270 sei-narique
1026 1238 1100 1260 1100
1133 1229 1312 1271 oportere
1354 1229 1505 1260 senatus
1537 1227 1683 1261 censuit

146 1275 237 1310 satis
270 1275 501 1317 habendum,
534 1275 633 1319 quod
665 1257 816 1319 praetor
847 1274 1105 1308 iusiurandum
1138 1274 1388 1318 polliceretur
1421 1274 1534 1308 libros
1564 1274 1681 1319 primo

146 1334 293 1367 quoque
312 1324 480 1366 tempore
501 1323 539 1356 in
560 1322 710 1357 comitio
733 1322 949 1356 cremandos
971 1332 1062 1365 esse,
1089 1322 1249 1366 pretium
1269 1333 1335 1366 pro
1356 1322 1473 1365 libris,
1500 1323 1682 1365 quantum

147 1370 187 1412 Q.
204 1370 356 1404 Petillio
382 1369 546 1414 praetori
565 1370 770 1414 maiorique
790 1370 889 1413 parti
909 1369 1142 1404 tribunorum
1162 1369 1283 1413 plebis
1303 1369 1504 1412 uideretur,
1532 1369 1681 1403 domino

148 1417 368 1452 soluendum
402 1428 491 1452 0000.
532 1418 571 1451 id
603 1418 725 1452 scriba
756 1429 829 1451 11011
858 1417 1013 1462 accepit.
1053 1416 1139 1451 libri
1165 1418 1205 1450 in
1231 1417 1382 1451 comitio
1409 1417 1496 1461 igue
1526 1428 1547 1450 a
1572 1417 1681 1450 uicti-

148 1465 274 1499 mariis
300 1465 400 1500 facto
427 1465 465 1499 in
486 1467 685 1509 conspectu
711 1464 843 1509 populi
870 1464 1025 1499 cremati
1052 1468 1146 1499 sunt.
1187 1465 1252 1499 Ea:
1272 1465 1386 1499 Liuio
1405 1476 1474 1499 saa
1495 1465 1683 1509 descripsit

147 1513 370 1548 Lactantius
389 1514 472 1547 inst.
496 1516 528 1554 1,
542 1516 603 1555 22,
618 1517 651 1547 5.
678 1514 718 1547 m
733 1514 916 1556 plerisque
935 1514 1112 1547 consentit
1134 1513 1300 1547 Valerius
1323 1513 1516 1547 Maoeinms
1535 1515 1568 1554 1,
1581 1516 1613 1554 1,
1626 1515 1682 1554 12,

146 1561 221 1595 nisi
246 1561 342 1604 qaod
362 1561 518 1595 Latino-s
545 1561 654 1595 libros
679 1571 815 1605 maana
841 1560 1033 1605 dt'liqeritia
1053 1560 1267 1594 adseriiatos
1293 1570 1363 1595 esse
1385 1560 1576 1594 memoriae
1595 1571 1683 1604 pro-

147 1609 251 1643 didit.
293 1608 347 1651 Cf.
371 1608 489 1643 Cassii
514 1608 559 1650 fr.
582 1611 639 1641 37.
684 1608 805 1642 Tadii.
827 1610 860 1642 3.
896 1608 1013 1642 Valer.
1035 1608 1122 1642 Ant.
1147 1610 1248 1642 7—9.

243 1655 307 1690 1⁶3.
337 1655 391 1697 Cf.
414 1656 528 1690 Dion.
548 1658 584 1696 22,
602 1658 664 1689 75:
689 1654 835 1699 ἡλικίας
854 1652 890 1688 δ’
908 1655 968 1689 ἐπὶ
989 1653 1163 1698 μήκιστον
1184 1653 1319 1697 ἤλασεν
1340 1653 1549 1699 ὁλόκληρος,
1571 1652 1682 1689 οὐδὲν

146 1703 218 1737 Υὑπὸ
246 1708 308 1746 τῆς
334 1702 445 1747 τύχης
470 1703 658 1742 κακωθεὶς
678 1703 739 1736 καὶ
766 1702 947 1736 θανάτων
973 1700 1038 1736 τὸν
1064 1700 1200 1749 ῥᾷστον
1227 1701 1468 1744 ἐτελεύτησεν,
1496 1699 1580 1736 ὑπὸ
1607 1701 1683 1746 γή-

146 1763 229 1793 ρως
261 1749 537 1793 μαρανθείς,
572 1749 702 1794 ὁμοίου
734 1749 1035 1794 παραμείναντος
1067 1750 1168 1795 αὐτῷ
1196 1755 1261 1784 τοῦ
1295 1749 1620 1793 συγκληρωθέντος
1645 1749 1682 1790 ἐξ

145 1799 260 1842 ἀρχῆς
279 1796 468 1841 δαίμονος,
484 1796 549 1837 ἕως
570 1797 606 1839 ἐξ,
627 1798 840 1839 ἀνθρώπων
862 1795 1072 1841 ἠφανίσθη,
1091 1798 1227 1843 βιώσας
1248 1796 1338 1840 ὑπὲρ
1356 1796 1585 1841 ὀγδοήκοντα
1607 1795 1680 1840 ἔτη.

143 1845 238 1880 idem
258 1845 346 1880 Piso
371 1845 522 1887 fortasse
549 1846 657 1879 etiam
682 1846 724 1879 in
741 1856 832 1889 seqq.
854 1849 904 1879 est
923 1845 1195 1889 intellegendus,
1221 1845 1287 1879 ubi
1306 1845 1514 1889 Dionysius
1534 1844 1576 1878 cle
1596 1844 1681 1879 Nu-

144 1904 223 1927 mae
237 1894 340 1937 prole
353 1893 443 1937 qaid
463 1892 497 1926 οἱ
518 1891 676 1933 πλείους,
694 1893 783 1936 quid
799 1893 939 1927 Gellius
955 1894 1017 1935 (fr.
1033 1895 1094 1935 17)
1110 1893 1301 1927 memoriae
1319 1892 1526 1933 tradiderit,
1547 1892 1681 1935 adfert.

242 1939 305 1975 13.
334 1941 388 1983 Cf.
411 1941 498 1975 Liu.
514 1943 547 1982 1,
562 1943 619 1981 31,
635 1943 676 1973 5:
703 1939 811 1973 Haud
833 1939 888 1974 ita
901 1940 1018 1974 multo
1039 1941 1125 1984 post
1144 1939 1362 1984 pestilentia
1380 1939 1593 1974 laboratum
1614 1940 1680 1973 est.

144 1987 241 2021 unde
269 1999 352 2021 cum
384 1987 537 2032 pigritia
562 1987 753 2021 militandi
779 1988 953 2027 oreretur,
987 1987 1091 2020 nulla
1116 1989 1243 2021 tamen
1271 1987 1317 2020 ab
1344 1986 1455 2020 armis
1483 1987 1588 2030 quies
1616 1986 1682 2020 da-

145 2035 256 2069 batur
283 2046 304 2069 a
329 2034 507 2069 bellicoso
533 2045 636 2079 rege,
670 2034 878 2069 salubriora
904 2035 1017 2068 etiam
1044 2035 1217 2069 credente
1249 2034 1407 2068 militiae
1435 2045 1547 2077 quam
1581 2033 1682 2067 domi

144 2082 323 2116 iuuenum
348 2093 503 2126 corpora
530 2093 620 2125 esse,
647 2082 764 2116 donec
790 2082 869 2126 ipse
895 2093 1042 2126 quoque
1068 2081 1272 2135 longinquo
1298 2081 1427 2116 morbo
1455 2083 1511 2116 001
1536 2081 1683 2125 inplici-

145 2132 344 2164 1110111110
370 2130 463 2164 adeo
489 2130 601 2163 fracti
626 2129 736 2162 simul
763 2141 845 2163 cum
872 2140 1023 2173 corpore
1050 2131 1137 2163 sunt
1166 2129 1318 2174 spiritus
1344 2128 1402 2162 illi
1437 2128 1597 2171 feroces,
1629 2130 1680 2171 ut,

145 2177 210 2221 qui
241 2177 336 2211 nihil
370 2179 456 2211 ante
481 2179 584 2211 ratus
610 2178 708 2211 esset
743 2176 866 2210 minus
893 2177 1037 2221 regium
1062 2188 1175 2220 quam
1203 2177 1316 2210 sacris
1343 2177 1478 2211 dedere
1503 2175 1681 2217 animum,

144 2227 293 2269 repente
320 2224 490 2259 omnibus
511 2224 656 2269 magnis
683 2224 881 2268 paruisque
903 2223 1231 2268 superstitionibus
1252 2224 1432 2258 obnoxius
1453 2224 1606 2268 degeret
1625 2234 1682 2257 re-

145 2271 420 2317 ligionibusque
447 2272 561 2306 etiam
586 2272 766 2316 populum
792 2271 962 2316 inpleret.
994 2271 1109 2315 uulgo
1136 2271 1211 2305 iam
1236 2271 1404 2306 homines
1432 2282 1515 2306 eum
1540 2273 1682 2305 statum

147 2330 280 2361 rerum,
307 2319 370 2363 qui
397 2319 464 2354 sub
491 2319 615 2352 Numa
640 2329 728 2363 rege
754 2320 888 2360 fuerat,
913 2319 1153 2362 requirentes,
1183 2330 1295 2352 unam
1322 2329 1429 2363 opem
1457 2319 1577 2363 aegris
1604 2329 1682 2352 cor-

146 2366 298 2411 pon‘bus
331 2366 517 2409 relictam,
550 2367 581 2400 si
611 2377 684 2410 pax
717 2367 899 2410 ueniaque
930 2366 976 2400 ab
1010 2366 1080 2400 diis
1106 2367 1295 2410 inpetrata
1321 2368 1434 2408 esset,
1468 2365 1680 2400 credebant.

147 2415 271 2458 ipsum
296 2425 421 2459 regem
453 2414 609 2448 tradunt
634 2414 848 2448 uoluentem
874 2414 1158 2448 commentarios
1184 2413 1346 2456 Numae,
1380 2425 1462 2447 cuni
1488 2413 1542 2447 ibi
1567 2423 1681 2456 quae-

148 2462 235 2495 dam
261 2461 408 2496 occulta
435 2461 614 2496 solemnia
641 2461 821 2496 sacrificia
847 2461 926 2496 Ioui
952 2461 1070 2496 Elicio
1102 2462 1202 2495 facta
1231 2461 1453 2503 inuenisset,
1487 2462 1681 2504 operatum

147 2509 193 2543 iis
227 2509 341 2543 sacris
374 2520 410 2543 se
444 2509 650 2550 abdidisse3
689 2510 753 2543 sed
787 2520 861 2543 non
891 2509 962 2543 rite
994 2509 1131 2543 initum
1163 2510 1229 2542 aut
1261 2510 1431 2542 curatum
1463 2508 1503 2541 id
1535 2519 1681 2542 sacrum

148 2567 244 2598 esse,
278 2566 345 2590 nec
378 2556 496 2591 solum
528 2556 670 2590 nullam
697 2556 730 2591 ei
757 2556 923 2590 oblatam
953 2556 1169 2591 caelestium
1202 2556 1379 2601 speciem,
1412 2555 1476 2590 sed
1502 2556 1557 2589 ira
1582 2555 1680 2590 Iouis

241 2680 317 2736 ll,
341 2687 363 2723 3
392 2684 500 2735 Piso]
528 2686 660 2736 Physo
686 2687 790 2725 Rice.
818 2686 904 2736 ipso
933 2681 1182 2724 Vat.1Leid.1
1207 2687 1293 2735 ipse
1318 2685 1468 2723 Par.E
1487 2685 1598 2724 Vina.
1627 2697 1682 2723 ce-

149 2748 266 2783 teram
295 2745 596 2793 discrepantiam
621 2747 837 2793 scripturae
862 2746 942 2783 uicl.
970 2757 1091 2792 supra
1117 2746 1187 2783 sub
1219 2746 1347 2783 Cass-ii
1371 2746 1421 2791 fr.
1444 2746 1509 2782 37.

242 2800 314 2854 12,
345 2805 367 2841 6
395 2810 463 2854 τῆς
490 2816 560 2842 om.
581 2805 708 2843 Paris.
729 2806 760 2842 Ο

242 2858 316 2913 13,
346 2865 368 2901 9
396 2864 556 2901 tullium
584 2863 728 2911 V(0ss.)
