2002 3342
297 232 509 262 LXXXVHI
630 217 694 252 DE
723 214 1029 251 SCRIPTORVM
1055 214 1178 250 vms
1205 214 1266 249 ET
1294 214 1502 250 scRIPTIS

387 330 560 368 Plurima
588 333 717 366 autem
746 328 963 377 fragmenta
991 326 1125 365 Liuio
1154 325 1359 375 debemus,
1392 326 1636 376 antiquitatis
1663 324 1832 363 admira·

298 396 392 445 tori,
425 407 514 433 cum
542 406 609 431 sex
637 393 750 443 locis,
783 397 826 430 ut
853 404 937 441 eos,
970 392 1038 442 qui
1064 403 1109 430 ex
1138 404 1182 430 eo
1212 390 1398 441 descripti
1426 396 1533 441 sunt,
1567 389 1833 439 excludamus,

300 461 471 498 auctoris
511 470 653 496 nomen
694 457 949 507 adscripserit
962 454 994 509 1)
1003 487 1012 507 ,
1058 456 1143 495 aliis
1188 456 1489 507 significauerit,
1534 455 1733 506 plerisque
1772 466 1835 492 re-

300 525 470 563 ticuerit.
516 528 559 562 ut
592 521 696 573 quod
728 520 766 572 2,
798 519 862 572 18,
884 518 909 560 5
944 521 1046 572 apud
1074 519 1325 560 ‘ueterrimos
1358 518 1552 559 auctores’
1580 520 1622 558 T.
1651 520 1834 558 Larcium

302 590 532 629 dictatorem
553 589 727 639 primum
749 592 788 626 et
808 586 871 638 Sp.
888 586 1065 625 Cassium
1086 587 1317 636 magistrum
1340 587 1516 636 equitum
1537 591 1688 624 creatos
1711 597 1751 623 se
1776 585 1835 622 in-

300 656 461 693 uenisse
482 653 633 703 scribit,
660 652 746 691 aliis
767 652 876 702 locis,
897 651 1040 702 quibus
1061 651 1222 690 Fabium
1246 652 1494 702 potissimum
1516 651 1836 701 antiquissimum

302 720 538 770 scriptorem
560 718 681 757 fuisse
707 717 812 768 dicit,
839 718 1073 768 comparatis
1095 729 1185 755 eum
1207 716 1310 754 hunc
1331 718 1370 754 in
1392 718 1522 754 animo
1542 715 1727 754 habuisse
1749 726 1830 765 pro>

302 784 430 823 babile
464 779 578 835 estf‘)
632 782 772 821 deinde
804 794 901 821 uero
935 783 1051 820 etiam
1084 782 1180 820 haec
1214 781 1323 819 Fabii
1354 782 1521 831 uestigia
1553 780 1655 832 apud
1682 780 1838 818 Liuium

303 851 345 888 in
371 851 499 900 prima
524 847 668 886 decade
690 860 777 886 esse
797 846 996 897 uidentur,
1024 846 1138 897 quod,
1165 846 1391 897 ubicunque
1413 846 1493 884 fere
1515 845 1562 884 ad
1583 858 1646 884 res
1668 858 1688 884 a
1708 844 1841 884 Fabiis

304 920 433 967 gestas
472 915 630 963 transit,
672 919 710 951 et
741 912 921 963 pluribus
960 918 998 950 et
1036 911 1292 962 amplioribus
1332 912 1443 962 quasi
1477 910 1676 949 exsultans
1713 911 1842 949 utitur

304 975 503 1032 uerbisss‘),
542 980 711 1017 maxime
738 979 779 1016 in
806 977 928 1016 altero
954 977 1072 1027 libro,
1111 976 1178 1015 ubi
1204 976 1351 1015 bellum
1379 976 1520 1014 Veiens
1546 981 1697 1026 narrat,
1736 980 1842 1013 totus

306 1046 414 1084 color
442 1046 526 1083 eius
553 1045 790 1082 narrationis
818 1044 850 1081 is
878 1048 954 1093 est,
987 1047 1030 1080 ut
1056 1043 1133 1080 iam
1160 1041 1338 1080 Niebuhr
1365 1040 1484 1093 (11.3.
1506 1041 1538 1079 Il
1565 1053 1601 1091 p.
1623 1037 1728 1093 224)
1756 1051 1842 1078 eam

307 1110 354 1149 ad
375 1111 503 1161 gentis
523 1109 664 1147 Fabiae
693 1108 995 1147 commentarios
1024 1106 1259 1145 domesticos
1286 1106 1495 1157 rettulerit,
1523 1118 1620 1157 quae
1648 1105 1845 1144 sententia

307 1176 380 1214 hac
408 1187 449 1213 re
472 1175 740 1225 confirmatur,
768 1172 872 1224 quod
899 1172 1035 1210 Liuius
1055 1173 1096 1210 in
1117 1172 1178 1210 his
1206 1172 1398 1223 capitibus
1423 1168 1474 1223 (c.
1496 1169 1656 1224 47,11)
1678 1170 1844 1209 duarum

309 1241 357 1280 M.
379 1240 488 1278 Fabii
510 1239 683 1278 consulis
703 1237 970 1277 laudationum
991 1239 1231 1276 mentionem
1255 1238 1347 1276 fecit
1368 1233 1434 1290 (cf.
1458 1249 1562 1288 supr.
1581 1250 1617 1288 p.
1633 1232 1846 1287 LXXXIII).

311 1305 380 1345 sed
409 1306 523 1343 etiam
548 1306 588 1342 in
617 1305 760 1342 ceteris
790 1303 913 1353 libris,
940 1302 1050 1341 uelut
1075 1303 1115 1340 in
1138 1302 1367 1353 explicanda
1389 1301 1596 1352 discordia,
1624 1314 1722 1352 quae
1742 1302 1848 1338 inter

312 1371 512 1422 Papirium
529 1369 741 1408 Cursorem
762 1374 800 1407 et
814 1367 977 1407 Fabium
993 1367 1218 1406 Rullianum
1238 1368 1476 1418 intercessit,
1496 1369 1549 1405 ita
1564 1379 1653 1405 cum
1667 1365 1848 1405 Rulliano

314 1436 450 1474 Liuius
473 1435 564 1473 facit
586 1430 643 1487 (8,
658 1430 865 1486 30—35),
886 1438 940 1484 ut,
960 1434 1196 1484 praesertim
1218 1445 1306 1471 cum
1328 1445 1358 1471 c.
1375 1430 1443 1483 30,
1459 1430 1484 1471 9
1505 1429 1571 1486 (fr.
1589 1428 1662 1485 18)
1684 1431 1848 1470 Fabium

312 1502 509 1540 Pictorem
536 1504 678 1537 testem
706 1500 811 1549 citet,
841 1498 939 1537 baec
967 1511 1121 1549 quoque
1149 1499 1274 1549 capita
1302 1497 1348 1536 ad
1377 1499 1461 1536 eius
1489 1498 1761 1536 auctoritatem
1789 1508 1849 1534 re-

315 1566 399 1605 dire
426 1564 648 1604 uideantur.
694 1565 789 1615 quin
817 1565 934 1602 etiam
961 1569 1087 1602 totum
1113 1576 1237 1614 paene
1266 1568 1383 1614 caput
1408 1564 1654 1602 tricesimum
1681 1564 1720 1601 in
1748 1562 1851 1612 frag-

314 1631 457 1670 mentis
485 1630 708 1681 posuimus,
735 1642 842 1680 cum,
876 1634 1083 1680 postquam
1111 1628 1205 1666 alios
1232 1628 1293 1667 bis
1321 1641 1409 1667 cum
1436 1628 1548 1667 hoste
1576 1629 1687 1678 signa
1713 1627 1852 1666 collata

314 1695 543 1745 tradidisse,
579 1693 769 1745 quosdam
803 1694 963 1732 annales
997 1698 1116 1732 totam
1150 1705 1233 1732 rem
1266 1694 1582 1744 praetermisisse
1616 1704 1853 1731 commemo-

316 1762 435 1810 rauit,
475 1759 591 1798 addat
630 1762 742 1809 apud
778 1762 1079 1808 antiquissimos
1115 1762 1338 1808 scriptores
1372 1771 1494 1797 unam
1530 1760 1638 1798 hano
1667 1769 1854 1808 ,nuquam

317 1828 510 1873 inueniri,
537 1824 771 1875 scriptorem
799 1829 928 1863 autem
953 1825 1273 1876 antiquissimum
1294 1826 1422 1875 ipsum
1444 1823 1607 1862 Fabium
1628 1835 1715 1862 esse
1736 1823 1854 1861 etiam

319 1903 364 1930 ex
398 1903 504 1941 seqq.
533 1885 773 1943 appareatst)
825 1890 944 1928 simili
977 1889 1107 1929 studio
1141 1891 1346 1928 exornauit
1378 1889 1419 1935 Q.
1449 1888 1560 1927 Fabii
1589 1888 1747 1927 Maximi
1779 1890 1857 1927 iter

418 2025 450 2067 1)
479 2022 594 2057 Omisi
627 2026 664 2064 3,
692 2026 730 2064 4,
760 2026 796 2065 1,
829 2021 895 2056 ubi
926 2021 965 2055 in
1003 2021 1194 2056 codicibus
1227 2021 1452 2066 quibusdam
1484 2020 1578 2055 falso
1612 2032 1655 2055 ex
1686 2020 1859 2066 margine

320 2077 357 2111 in
389 2079 557 2110 tenorem
590 2075 768 2110 orationis
806 2075 1005 2109 Fabiorum
1044 2085 1178 2109 nomen
1215 2073 1387 2119 inrepsit,
1426 2074 1526 2118 quod
1558 2085 1579 2108 a
1613 2073 1763 2119 Sigonio
1797 2085 1856 2108 ex-

323 2130 471 2175 plosum
497 2130 563 2163 est.

418 2185 451 2226 2)
478 2182 562 2217 Vid.
585 2194 610 2216 s.
632 2194 668 2226 p.
682 2195 751 2216 mv.
779 2181 863 2216 Non
885 2183 972 2215 sunt]
991 2181 1243 2216 confundendi
1264 2192 1347 2215 cum
1366 2181 1423 2215 his
1443 2180 1534 2215 locis
1561 2182 1606 2223 ei,
1633 2181 1766 2224 quibus
1794 2191 1858 2215 an-

322 2236 426 2271 nales
452 2236 594 2280 priscos
620 2235 681 2270 uel
701 2236 847 2269 ueteres
868 2235 1010 2269 Licinio
1031 2235 1155 2269 Macro
1181 2234 1338 2279 opponit:
1358 2237 1403 2279 (3,
1421 2239 1451 2277 7,
1469 2238 1522 2269 10.
1551 2239 1583 2277 4,
1599 2238 1631 2277 7,
1646 2238 1701 2270 20.
1730 2238 1761 2277 7,
1778 2239 1810 2279 9,
1826 2239 1862 2278 5,

325 2291 370 2325 cf.
391 2294 424 2332 4,
446 2293 502 2332 23,
523 2291 568 2333 ΕΖ).
608 2289 669 2323 1110
701 2288 801 2323 enim
827 2299 953 2323 omnes
981 2288 1146 2331 annales,
1173 2299 1264 2332 quos
1291 2288 1418 2323 Liuius
1444 2288 1589 2333 legerit,
1617 2288 1741 2323 Macro
1762 2289 1861 2323 anti-

325 2343 474 2387 quiores
500 2341 746 2386 intellegendi
773 2344 866 2376 sunt).

423 2398 456 2440 3)
483 2395 567 2430 Vid.
583 2407 609 2429 s,
624 2408 658 2439 p.
674 2408 768 2430 XLVI.
796 2395 1002 2430 Mommsen
1025 2396 1071 2430 R.
1087 2395 1132 2430 F.
1148 2396 1211 2439 Ip.
1228 2399 1271 2429 97
1286 2407 1320 2429 n.
1337 2399 1398 2430 65:
1428 2395 1697 2441 Merkwuerdz'y
1710 2396 1789 2430 und
1802 2396 1861 2431 ein

326 2451 484 2485 weitai-eo·
505 2450 700 2484 deutlicher
720 2450 858 2483 Beweis
879 2449 1004 2492 dafu'r,
1027 2449 1112 2484 dass
1132 2448 1264 2484 Livius
1283 2450 1325 2484 in
1345 2450 1408 2484 der
1427 2453 1541 2484 ersten
1560 2448 1711 2483 Dekade
1729 2449 1862 2493 haupt-

326 2503 503 2538 saeehlieh
528 2514 597 2537 von
617 2503 762 2537 Fabius
782 2503 972 2547 abhaenyt,
998 2503 1045 2537 ist
1071 2503 1128 2537 die
1148 2503 1432 2547 Hervorhebuny
1458 2502 1521 2537 der
1539 2502 1783 2537 Aeclilitaeten
1802 2502 1865 2537 des

328 2556 534 2591 Fabischen
563 2556 793 2590 Geschleehts.
838 2555 992 2590 Nitzsch
1020 2557 1141 2591 Roem.
1163 2556 1275 2590 Amal.
1303 2568 1337 2600 p.
1362 2559 1404 2589 78
1420 2567 1499 2599 sqq.
1527 2558 1592 2589 267
1610 2566 1689 2599 sqq.
1741 2555 1861 2590 eidem

330 2609 537 2644 sententiae
570 2609 824 2653 adstipulatus
858 2609 973 2643 etiam
1004 2608 1168 2643 indolem
1200 2608 1457 2651 rationemque
1486 2607 1642 2642 Pictoris
1669 2619 1735 2652 per
1765 2607 1865 2642 Liuii

329 2662 506 2697 historias
532 2661 766 2706 perspexisse
793 2662 864 2695 sibi
890 2661 992 2696 uisus
1019 2663 1085 2696 est.

427 2717 462 2760 4)
488 2715 718 2759 Appendicis
744 2715 859 2749 uerba
884 2715 968 2760 ipss.
987 2714 1079 2749 haec
1100 2715 1186 2749 sunt
1205 2716 1248 2759 (o.
1271 2718 1327 2758 30,
1350 2715 1470 2759 7—9):
1498 2717 1661 2749 auctores
1679 2715 1789 2750 habeo
1810 2716 1869 2750 bis·

333 2780 413 2804 cum
438 2769 535 2803 hoste
559 2770 667 2814 sigma
692 2769 838 2803 conlata
865 2769 1038 2803 dictatore
1064 2770 1217 2811 absente,
1244 2769 1298 2803 bz's
1322 2779 1395 2802 rem
1421 2769 1557 2812 egyregyie
1580 2773 1724 2813 gestam.
1764 2768 1866 2812 apud

334 2823 606 2866 antiquissimos
631 2823 823 2866 scriptores
848 2834 925 2856 una
950 2823 1036 2857 haec
1054 2833 1186 2866 pzcfflza
1213 2822 1412 2863 inuenitur,
1439 2823 1478 2855 i‘n
1505 2822 1721 2865 quibusdam
1747 2833 1866 2856 anna-

335 2876 430 2910 libus
448 2880 523 2910 tota
543 2886 599 2910 ros
613 2876 871 2919 praetermissa
891 2879 950 2910 est.
989 2876 1159 2920 mayister
1179 2876 1349 2919 equitum,
1363 2879 1406 2909 ut
1424 2886 1467 2908 em
1481 2878 1586 2910 tanta
1606 2875 1722 2918 caede,
1741 2875 1868 2909 multis
