2002 3342
292 183 347 224 48
930 179 1189 222 RELIQVIAE

291 291 352 340 εἰς
378 289 770 343 πεντακισχιλίους.
802 288 975 336 τούτοις
999 288 1267 342 προσλαβὼν
1293 287 1315 329 ὁ
1337 289 1537 337 Νασικᾶς
1564 289 1706 339 ἱππεῖς
1730 288 1824 331 ἑκα-

290 356 368 397 τὸν
401 359 540 396 εἴκοσι
567 354 638 395 καὶ
665 360 753 395 τῶν
779 351 881 406 παρ’
905 351 1106 409 Ἁρπάλῳ
1136 355 1324 408 Θρᾳκῶν
1356 352 1427 394 καὶ
1454 356 1642 408 Κρητῶν
1668 353 1825 409 ἀναμε-

290 418 517 474 μιγμένων
545 419 799 467 διακοσίους
825 417 1046 471 ἐξώρμησε
1067 423 1117 472 τῇ
1139 418 1249 471 πρὸς
1269 418 1503 459 θάλασσαν
1523 418 1612 475 ὀδῷ
1632 417 1704 460 καὶ
1725 435 1823 460 κατ-

291 483 661 538 εστρατοπέδευσε
687 484 803 537 παρὰ
829 483 877 524 τὸ
905 480 1180 537 “Ηράκλειον,
1214 483 1272 532 ὡς
1299 484 1352 537 δὴ
1378 490 1472 532 ταῖς
1498 483 1628 525 ναυσὶ
1654 483 1826 537 μέλλων

291 549 569 603 ἐκπεριπλεῖν
607 548 677 589 καὶ
716 551 991 589 κυκλοῦσθαι
1037 548 1085 589 τὸ
1125 549 1424 602 στρατόπεδον
1463 556 1550 590 τῶν
1592 551 1824 603 πολεμίων.
1864 565 1879 591 5

290 613 382 656 ἐπεὶ
410 613 451 655 δ’
482 613 747 667 ἐδείπνησαν
773 614 818 655 οἶ
842 620 1103 667 στρατιῶται
1130 614 1201 654 καὶ
1229 615 1383 663 σκότος
1403 613 1590 668 ἐγένετο,
1616 621 1709 664 τοῖς
1727 614 1824 668 ἡγε-

289 681 390 732 μόσι
424 680 597 734 φράσας
623 679 671 720 τὸ
705 678 869 733 ἀληθὲς
901 675 978 731 ἦγε
1011 679 1084 719 διὰ
1110 679 1269 728 νυκτὸς
1294 679 1375 733 τὴν
1401 678 1607 721 ἐναντίαν
1633 679 1716 721 ἀπὸ
1742 685 1824 721 θα-

290 744 446 798 λάττης
478 744 549 786 καὶ
580 744 828 792 καταλύσας
862 742 1051 784 ἀνέπαυε
1083 743 1164 796 τὴν
1191 744 1401 795 στρατιὰν
1432 743 1519 785 ὑπὸ
1553 744 1600 785 τὸ
1629 745 1824 787 Πύθιον.

245 801 263 850 ο
292 834 345 838 -
375 814 427 859 (c.
451 813 538 859 16.)
561 807 606 850 ‘O
631 807 712 862 μὲν
739 805 822 850 οὖν
849 811 1049 857 Νασικᾶς
1076 807 1272 850 ἐνταῦθα
1298 809 1641 863 διενυκτέρευσε.
1683 814 1742 866 τῷ
1776 807 1824 851 δὲ

293 878 458 929 Περσεῖ
487 876 565 916 τὸν
598 876 811 928 Αἰμίλιον
844 874 1118 928 ἀτρεμοῦντα
1149 875 1258 915 κατὰ
1290 874 1436 928 χώραν
1469 874 1630 927 ὁρῶντι
1662 874 1733 916 καὶ
1765 876 1823 929 μὴ
1844 891 1878 917 10

291 939 552 997 λογιζομένῳ
580 941 627 981 τὸ
656 941 895 994 γινόμενον
921 939 1117 992 ἀποδρὰς
1142 937 1189 980 ἐκ
1215 945 1290 994 τῆς
1311 939 1419 981 ὁδοῦ
1441 939 1563 994 Κρὴς
1582 939 1825 994 αὐτόμολος

292 1002 364 1059 ἧκε
391 1006 575 1059 μηνύων
600 1006 680 1059 τὴν
706 1005 918 1058 περίοδον
943 1012 1031 1045 τῶν
1051 1002 1281 1058 Ῥωμαίων.
1316 1004 1337 1046 ὁ
1359 1001 1407 1045 δὲ
1434 1003 1755 1059 συνταραχθεὶς
1774 1005 1822 1047 τὸ

287 1071 368 1124 μὲν
396 1071 696 1124 στρατόπεδον
722 1070 802 1111 οὐκ
831 1069 1022 1124 ἐκίνησε,
1048 1072 1236 1123 μυρίους
1262 1067 1309 1110 δὲ
1336 1072 1646 1125 μισθοφόρους
1672 1069 1825 1121 ξένους

288 1135 359 1177 καὶ
388 1137 632 1190 δισχιλίους
655 1136 919 1184 Μἀκεδόνας
938 1137 1115 1176 4Μίλωνι
1144 1135 1371 1189 παραδοὺς
1397 1133 1667 1185 ἐξαπέστειλε
1688 1151 1824 1190 παρα-

287 1202 607 1253 κελευσάμενος
633 1207 817 1255 ταχῦναι
843 1199 915 1242 καὶ
939 1202 1202 1254 καταλαβεῖν
1222 1201 1298 1249 τὰς
1317 1200 1574 1255 ὑπερβολάς.
1608 1201 1781 1251 τούτοις
1800 1201 1822 1243 ὁ
1845 1211 1876 1237 15

287 1267 367 1319 μὲν
389 1267 616 1320 Πολύβιός
644 1278 781 1320 φησιν
808 1264 871 1307 ἔτι
898 1265 1186 1319 κοιμωμένοις
1210 1265 1431 1307 ἐπιπεσεῖν
1451 1268 1553 1315 τοὺς
1574 1265 1824 1319 Ῥωμαίους,

289 1332 310 1374 ὁ
339 1330 387 1373 δὲ
415 1335 616 1378 Νασικᾶς
650 1331 756 1381 ὀξὺν
789 1331 938 1385 ἀγῶνα
970 1331 1068 1385 περὶ
1101 1338 1192 1380 τοῖς
1219 1331 1370 1384 ἄκροις
1398 1330 1609 1384 γενέσθαι
1636 1332 1707 1373 καὶ
1732 1335 1824 1373 κίν-

288 1398 440 1450 ὁυνον,
469 1397 600 1446 αὐτὸς
627 1394 675 1438 δὲ
700 1400 851 1452 Θρᾷκα
877 1398 1162 1450 μισθοφόρον
1183 1397 1244 1445 εἰς
1266 1403 1413 1451 χεῖρας
1434 1398 1745 1450 συνδραμόντα
1764 1403 1823 1454 τῷ

287 1462 429 1517 ξυστῷ
458 1463 530 1504 διὰ
556 1468 635 1504 τοῦ
664 1464 859 1515 στήθους
891 1461 1083 1512 πατάξας
1108 1464 1386 1516 καταβαλεῖν·
1421 1461 1750 1516 ἐκβιασθέντων
1775 1463 1824 1504 δὲ

286 1536 375 1570 τῶν
408 1531 630 1582 πολεμίων
655 1526 726 1568 καὶ
755 1534 833 1569 τοῦ
860 1529 1072 1576 4Μίλωνος
1101 1531 1304 1581 αἴσχιστα
1332 1527 1577 1580 φεύγοντος
1602 1528 1709 1569 ἄνευ
1736 1536 1824 1570 τῶν
1843 1537 1876 1562 2⁰

288 1594 436 1635 ὅπλων
462 1594 759 1647 μονοχίτωνος
786 1592 993 1646 ἀσφαλῶς
1019 1592 1288 1634 ἀκολουθεῖν
1314 1593 1400 1645 ἅμα
1432 1592 1733 1647 καταβιβάζων
1762 1595 1824 1643 εἰς

286 1661 367 1713 τὴν
394 1660 542 1713 χώραν
567 1660 616 1701 τὸ
645 1658 902 1711 στράτευμα.
934 1658 1105 1699 τούτων
1132 1656 1179 1699 δὲ
1206 1663 1264 1714 τῷ
1292 1660 1459 1712 Περσεῖ
1481 1660 1823 1712 προσπεσόντων

286 1725 393 1766 κατὰ
408 1724 538 1778 τάχος
559 1722 793 1773 ἀναζεύξας
814 1720 919 1777 ἦγεν
934 1723 1086 1777 ὀπίσω,
1102 1725 1344 1777 περίφοβος
1364 1724 1557 1777 γεγονὼς
1576 1722 1647 1765 καὶ
1668 1736 1822 1778 συγκε-

286 1789 473 1843 χυμένος
498 1797 593 1838 ταῖς
620 1788 804 1830 ἐλπίσιν.

192 1863 258 1894 168
371 1853 413 1897 2.
443 1858 546 1896 Plnt.
561 1854 677 1896 Aem.
693 1857 758 1894 21.
788 1852 1004 1907 Λέγονται
1025 1853 1108 1907 γὰρ
1130 1852 1240 1907 ὑπὲρ
1266 1854 1528 1907 δισμυρίους
1547 1867 1818 1908 πεντακισχι-
1841 1863 1875 1889 2⁵

190 1912 258 1954 '586
287 1921 410 1969 λίους
430 1920 689 1961 ἀποθανεῖν.
722 1927 810 1960 τῶν
831 1919 879 1960 δὲ
899 1917 1122 1973 Ῥωμαίων
1141 1916 1302 1960 ἔπεσον
1324 1919 1402 1973 [ad
1421 1919 1637 1974 Pydnctm]‚
1664 1919 1722 1968 ὡς
1740 1917 1821 1974 μὲν

287 1985 590 2034 Ποσειδώνιός
618 1997 770 2038 φησιν,
799 1983 967 2037 ἑκατόν,
995 1984 1052 2033 ὡς
1079 1981 1127 2025 δὲ
1154 1986 1374 2037 Νασικᾶς,
1400 1983 1683 2038 ὀγδοήκοντα.

284 2119 412 2165 libus>
434 2119 588 2154 delectis
609 2118 769 2153 militum
789 2118 1012 2153 Heracleum
1038 2118 1172 2159 mistim
1200 2119 1358 2163 quinque
1384 2119 1526 2152 ¹milium
1551 2123 1673 2153 tamen
1697 2130 1821 2154 ilume-

286 2179 348 2202 rus
373 2168 481 2202 etiam
507 2179 530 2201 α
557 2167 711 2212 Polybio
737 2167 917 2202 exhibitus
942 2170 1036 2209 erat,
1068 2167 1132 2201 hoc
1157 2177 1272 2200 imum
1299 2167 1449 2201 dubium
1476 2170 1543 2208 est,
1569 2170 1692 2201 utrum
1720 2167 1818 2201 Plut.

285 2227 364 2250 eum
389 2216 613 2260 neglegenter
638 2215 853 2258 eaecerpserit
878 2226 928 2248 an
954 2215 1013 2249 ille
1039 2215 1113 2249 tria
1138 2215 1217 2248 alia
1242 2215 1348 2248 milia
1373 2214 1533 2248 consulto
1560 2214 1730 2249 omiserit.

380 2262 418 2297 2.
453 2263 579 2297 Etiam
608 2262 786 2307 Polybius
814 2262 931 2306 (apud
956 2262 1111 2296 Liuium
1137 2263 1266 2304 44,42,
1283 2264 1319 2305 7)
1353 2272 1426 2295 non
1457 2261 1540 2306 plus
1574 2263 1720 2295 centum
1746 2262 1820 2296 Ro-

284 2321 412 2345 manos
443 2311 483 2343 in
510 2321 551 2344 ea
578 2321 709 2354 pagana
741 2310 906 2344 cecidisse
931 2310 1136 2352 rettulerat,
1168 2321 1245 2344 cum
1275 2321 1297 2343 a
1324 2309 1524 2344 Posidonio
1550 2319 1671 2343 eorum
1697 2320 1820 2344 mime-

283 2370 367 2392 rum
392 2358 506 2392 multo
533 2362 679 2392 auctum
707 2369 776 2392 esse
804 2359 882 2391 ueri
906 2358 1022 2391 simile
1047 2357 1104 2392 sit.
1144 2357 1283 2392 aceedit
1301 2356 1397 2401 quod
1417 2356 1559 2390 Nasica
1579 2357 1666 2391 aliis
1690 2357 1778 2391 locis
1796 2368 1820 2390 a

286 2406 485 2440 Plutarcho
511 2416 592 2439 οιιηι
619 2405 772 2449 Polybio
799 2409 1031 2449 comparatus
1055 2409 1122 2446 est,
1152 2405 1376 2439 Posidonius
1401 2403 1444 2437 de
1469 2404 1609 2438 duobus
1635 2403 1721 2439 locis
1746 2415 1819 2439 uno

284 2464 363 2487 cum
397 2453 476 2487 Pol.
501 2454 544 2493 (c.
566 2455 648 2494 19),
687 2453 799 2487 altero
832 2454 877 2495 (c.
898 2454 963 2494 20)
996 2463 1077 2486 cum
1108 2452 1221 2486 nullo.
1262 2451 1508 2486 Macedonum
1542 2455 1651 2485 antea·
1682 2452 1820 2486 Liuius

284 2501 422 2545 uiyinti
447 2501 551 2534 milia
576 2511 681 2534 caesa
707 2511 777 2535 esse
804 2503 1075 2534 memorauerat.

376 2625 400 2660 4
427 2620 551 2674 παρὰ]
578 2621 676 2674 πρὸς
701 2624 801 2661 BM
919 2625 942 2661 8
971 2620 1132 2661 ἐνέπαυε
1159 2623 1195 2659 Ρ
1313 2624 1365 2660 10
1391 2620 1457 2660 καὶ
1483 2620 1580 2660 κατὰ
1604 2622 1696 2660 Ραν.
1718 2624 1759 2660 D

288 2685 353 2722 14.
377 2684 429 2721 15
462 2682 860 2733 παρασκευασάμενος
892 2683 981 2720 libri
1007 2695 1072 2720 em.
1095 2683 1285 2730 Bryanus
1408 2682 1459 2720 15
1495 2680 1713 2731 ὑπερβολάς
1737 2682 1816 2720 Ste-

281 2744 437 2791 phanus
475 2741 601 2788 πύλας
634 2742 838 2790 Xylander
875 2741 970 2788 ὕλας
1002 2742 1092 2779 libre:
1234 2742 1284 2779 16
1318 2743 1399 2786 τοῖς
1430 2740 1617 2792 ῥωμαίοις
1641 2742 1695 2778 M

288 2804 339 2841 18
368 2799 487 2839 αὐτὸν
513 2802 629 2849 uulyo
692 2800 999 2852 συνδραμόντων
1024 2801 1063 2838 Β
1188 2803 1239 2838 19
1267 2798 1332 2838 καὶ
1357 2800 1491 2850 καταβ.
1519 2800 1559 2837 D
