2002 3342
123 907 158 931 10

122 1231 155 1256 15

121 1557 156 1582 20

465 197 657 231 VALERII
684 196 909 230 ANTIATIS
935 197 1168 232 ANNALES.
1210 198 1251 231 fr.
1275 201 1413 232 33—35
1626 199 1711 239 253

179 307 227 345 ad
256 320 385 346 morae
408 307 577 346 taedium
603 306 806 345 serendum
830 309 993 358 patienS,
1021 310 1059 346 in
1082 309 1238 347 castella
1261 322 1328 346 sua
1352 310 1540 360 uicosque
1563 312 1708 361 passim

181 372 320 424 dilapsi
342 380 442 411 sunt.
483 372 689 411 Marcellus
708 372 809 410 l'ado
832 374 1038 411 confestim
1062 375 1224 411 traiecto
1246 375 1285 412 iu
1306 386 1442 424 agrum
1465 375 1711 425 (lomensem,

179 438 246 475 ubi
274 438 458 477 Insubres
486 437 744 475 Comensibus
772 437 818 475 ad
846 450 952 476 arma
980 439 1119 476 excitis
1147 444 1273 477 castra
1302 439 1507 489 habebant,
1537 439 1712 491 legiones

180 502 297 541 ducit.
339 503 435 541 Galli
465 504 614 541 feroces
637 502 821 541 Boiorum
843 508 932 540 ante
956 502 1038 541 dies
1066 516 1210 553 paucos
1239 516 1366 555 pugna
1392 505 1430 542 in
1458 505 1542 555 ipso
1570 506 1712 544 itinere

179 568 371 618 proelium
393 569 640 606 committunt
665 574 702 605 et
726 569 852 618 primo
875 567 969 605 adeo
992 569 1136 606 acriter
1157 570 1400 619 inuaserunt,
1427 575 1470 607 ut
1491 572 1712 620 antesigna-

179 645 249 671 nos
276 633 515 684 impulerint.
556 632 658 683 quod
691 632 758 671 ubi
785 632 991 671 Marcellus
1019 632 1314 683 animaduertit,
1343 635 1515 684 ueritus,
1542 647 1590 673 ne
1618 637 1712 674 moti

178 698 299 736 semel
332 698 589 749 pellerentur,
624 698 824 737 cohortem
858 698 1075 736 Marsorum
1110 711 1198 737 cum
1233 701 1498 750 opposuisset,
1535 702 1712 752 equitum

179 763 405 802 Latinorum
439 765 566 801 omnis
599 769 749 801 turmas
790 765 828 801 in
863 763 1015 802 hostem
1049 765 1190 802 emisit.
1237 777 1403 814 quorum
1437 779 1526 804 cum
1559 767 1712 817 primus

178 828 453 879 secundusque
476 830 645 879 impetus
668 827 894 867 rettudisset
917 830 1152 867 inserentem
1168 841 1209 867 se
1229 830 1415 868 ferociter
1436 831 1601 881 hostem,
1623 844 1713 869 con-

179 894 329 932 firmata
357 899 395 932 et
422 893 571 944 reliqua
599 895 702 932 acies
724 893 895 932 Romana
924 895 1069 932 restitit
1095 895 1234 945 primo,
1263 894 1403 933 deinde
1431 897 1540 944 signa
1568 897 1714 935 acriter

178 958 320 997 intulit.
362 971 433 997 nec
466 958 566 997 ultra
600 960 824 997 sustinuere
859 965 1057 998 certamen
1092 958 1206 1009 Galli,
1240 961 1335 1011 quin
1369 967 1476 1011 terga
1512 967 1712 1000 verterent

177 1029 292 1074 atque
321 1024 443 1062 effuse
472 1024 664 1073 sugerent.
704 1026 743 1062 in
771 1037 816 1063 eo
848 1024 995 1075 proelio
1022 1037 1141 1076 supra
1168 1025 1426 1076 quadraginta
1453 1026 1559 1065 milia
1587 1026 1712 1065 homi-

177 1101 270 1127 num
299 1101 409 1127 caesa
430 1089 608 1127 Valerius
628 1090 763 1128 Antias
790 1089 941 1140 scribit,
968 1091 1190 1141 octingenta
1219 1096 1370 1142 septem
1395 1093 1504 1142 signa
1526 1091 1712 1130 militaria

177 1159 286 1204 capta
315 1159 353 1192 et
381 1160 564 1205 carpenta
592 1156 838 1205 septingenta
866 1156 1026 1206 triginta
1055 1154 1130 1194 duo
1156 1160 1194 1194 et
1213 1168 1353 1194 aureos
1374 1162 1534 1208 torques
1556 1157 1712 1207 multos,

177 1231 223 1258 ex
251 1218 393 1270 quibus
421 1232 543 1258 unum
577 1221 707 1269 magni
739 1220 925 1271 ponderis
953 1220 1137 1260 Claudius
1167 1222 1207 1259 in
1235 1220 1425 1272 Capitolio
1453 1222 1535 1260 Ioui
1565 1222 1709 1261 donum

176 1285 217 1322 in
243 1283 337 1323 aede
366 1286 537 1336 positum
565 1285 713 1323 scribit.
753 1291 879 1324 castra
908 1298 953 1324 eo
982 1285 1043 1324 die
1065 1285 1265 1324 Gallorum
1293 1293 1513 1338 expugnata
1542 1286 1711 1339 direpta-

177 1361 251 1400 que
279 1355 317 1388 et
338 1349 499 1388 Comum
523 1349 708 1401 oppidum
735 1356 823 1401 post,
845 1350 928 1389 dies
949 1364 1094 1402 paucos
1116 1357 1284 1402 captum.
1326 1352 1483 1391 castella
1504 1352 1595 1391 inde
1619 1353 1712 1392 duo-

178 1413 387 1465 detriginta
421 1414 467 1453 ad
495 1415 696 1454 consulem
725 1415 966 1455 defecerunt.
1007 1416 1045 1455 id
1073 1430 1227 1468 quoque
1258 1418 1363 1455 inter
1389 1419 1604 1468 scriptores
1632 1431 1711 1456 am·

176 1479 335 1531 higitur,
361 1486 494 1519 utrum
522 1482 561 1518 in
584 1480 697 1519 Boios
725 1483 834 1532 prius
861 1494 909 1520 an
931 1481 1116 1520 Insubres
1138 1482 1275 1520 consul
1298 1483 1515 1521 exercitum
1544 1483 1711 1533 duxerit,

177 1544 464 1596 aduersamque
499 1558 687 1596 prospera
719 1559 848 1597 pugna
882 1546 1171 1586 oblitterauerit
1203 1559 1251 1585 an
1278 1548 1445 1586 uictoria
1471 1547 1519 1586 ad
1546 1548 1709 1588 Comum

176 1615 285 1661 parta
315 1610 529 1649 deformata
557 1610 665 1649 clade
692 1612 733 1649 in
760 1611 850 1649 Bois
878 1618 1036 1663 accepta
1066 1614 1127 1651 sit.

268 1671 370 1714 352².
404 1676 492 1714 Lz'u.
514 1677 673 1725 3410,
692 1677 726 1715 I.
773 1676 919 1715 Eodem
956 1683 1130 1729 tempore
1164 1677 1210 1716 M.
1245 1677 1384 1716 Heluio
1420 1678 1626 1718 decedenti
1664 1691 1709 1718 ex

176 1739 364 1779 ulteriore
398 1741 582 1792 Hispania
616 1754 705 1780 cum
738 1742 935 1793 praesidio
968 1755 1036 1781 sex
1070 1743 1221 1781 milium
1256 1742 1343 1782 dato
1376 1743 1421 1782 ab
1454 1744 1523 1795 Ap.
1551 1743 1711 1783 Claudio

176 1811 356 1856 praetore
391 1805 578 1844 Celtiberi
613 1808 767 1857 agmine
804 1809 954 1859 ingenti
990 1807 1036 1846 ad
1073 1807 1259 1859 oppidum
1295 1808 1447 1860 Iliturgi
1483 1816 1710 1849 occurrunt.

271 1931 336 1967 35.
372 1932 501 1967 Etiam
538 1933 679 1977 reliqua
715 1934 826 1969 huius
863 1946 941 1978 cap.
966 1945 1075 1978 pars,
1114 1946 1187 1979 qua
1216 1936 1349 1970 Heluii
1384 1947 1439 1970 res
1467 1941 1712 1981 exponuntur,

174 1980 332 2013 maxime
352 1979 513 2023 praedae
533 1981 699 2024 pondera
724 1982 765 2015 in
791 1983 977 2016 aerarium
1002 1983 1123 2017 inlata
1149 1993 1193 2017 ex
1220 1983 1362 2018 Valerio
1383 1984 1559 2029 originem
1585 1985 1713 2020 ducere

176 2027 332 2061 uidetur.
390 2028 496 2061 'isson
519 2031 652 2071 p.155,

269 2141 289 2176 1
319 2138 522 2176 ferendum
552 2151 621 2178 om.
643 2141 748 2188 Moy.
811 2142 959 2189 passim
985 2152 1055 2178 om.
1076 2142 1182 2189 Illo-(s.
1283 2144 1305 2179 2
1335 2142 1543 2180 confertim
1569 2144 1710 2181 Bamb.

268 2200 291 2233 4
325 2198 444 2236 ducat
476 2199 615 2236 Bamb.
644 2212 678 2237 α.
703 2211 800 2237 corr.
833 2200 1148 2250 ducit—pugna
1181 2213 1251 2239 om.
1274 2202 1380 2250 Moy.
1505 2204 1528 2240 5
1562 2205 1607 2240 ut
1638 2214 1710 2240 om.

176 2257 316 2294 Bctmb.
443 2258 465 2295 6
494 2259 703 2296 Marcellus
729 2271 799 2296 om.
820 2260 925 2307 ΣΙῘοῃ.
1052 2262 1072 2296 7
1102 2261 1221 2298 semel
1248 2257 1302 2312 p.]
1334 2273 1374 2298 se
1400 2261 1490 2299 inde
1518 2262 1712 2310 pellerent

175 2317 282 2364 Moy.
345 2318 531 2365 opposuit
557 2320 595 2355 et
621 2320 793 2366 equitem
820 2320 925 2366 JIoss.
1009 2319 1032 2356 8
1060 2319 1171 2357 hoste
1190 2320 1299 2357 misit
1323 2321 1466 2358 Bczmb.
1549 2322 1570 2358 9
1600 2322 1711 2358 hoste

177 2375 317 2413 Bamb.
443 2378 496 2415 10
529 2377 661 2415 extitit,
686 2379 790 2425 illos).
925 2379 977 2416 13
1006 2378 1093 2415 Val.
1114 2378 1255 2417 Antias
1288 2380 1429 2417 Bamb.
1505 2380 1713 2430 otingen‘ca

177 2434 317 2472 Bamb.
351 2448 386 2473 α.
414 2447 508 2473 corr.
548 2439 587 2473 et
622 2438 841 2487 quingenta
872 2438 978 2485 Jloffl.
1018 2439 1221 2487 octoginta
1256 2439 1444 2487 Kreyssigy
1581 2441 1633 2477 14
1673 2443 1712 2477 et

177 2496 368 2542 carpenta
394 2497 511 2543 capta
537 2508 559 2533 a
580 2495 833 2534 DCCXXXII
860 2497 999 2534 Bamb.
1040 2500 1079 2534 et
1105 2500 1294 2546 carpenta
1320 2499 1614 2549 quadringenta.
1639 2501 1710 2537 tri-

178 2552 290 2602 ginta
316 2553 392 2591 duo
418 2555 524 2602 Ilsogy.
640 2556 690 2593 15
718 2556 759 2593 in
787 2555 1030 2604 Capitolium
1056 2557 1196 2594 Bamb.
1307 2558 1359 2595 16
1388 2559 1518 2607 posita
1543 2559 1650 2606 Illoy.

176 2615 308 2650 castra
341 2625 385 2649 eo
419 2613 480 2651 die
513 2613 717 2652 Gallorum
744 2615 885 2653 Rama.
924 2617 1081 2663 postero
1115 2615 1175 2653 die
1210 2615 1416 2654 Gallorum
1447 2619 1577 2655 castra
1603 2619 1710 2666 Moy.

272 2673 323 2709 17
352 2669 458 2723 post]
486 2674 593 2711 intra
618 2675 723 2722 Moy.
814 2675 866 2712 19
895 2686 946 2711 an
966 2675 1006 2711 in
1027 2674 1104 2713 Ins.
1126 2676 1322 2714 Drakenb.
1385 2676 1582 2714 induxerit
1603 2678 1710 2725 Moy.

270 2732 324 2768 20
352 2743 402 2768 an
426 2733 467 2768 in
494 2745 531 2769 u.
559 2734 665 2781 Moy.
789 2736 839 2770 21
870 2736 1011 2782 parata
1036 2735 1142 2782 Moy.

269 2784 346 2840 35,
369 2792 421 2827 22
450 2790 501 2828 Μ.
528 2803 598 2830 om.
620 2793 760 2830 Bamb.
788 2793 877 2830 add.
898 2793 1003 2841 Illo-41.
1068 2806 1112 2830 ex
1139 2805 1210 2831 om.
1232 2794 1371 2833 Bamb.
1473 2797 1526 2832 ‘24
1554 2795 1712 2845 Liturgi

178 2852 390 2886 aecurrunt
416 2850 557 2888 Bamb.

1742 1659 1807 1690 195

1740 1708 1809 1749 5555
