2002 3342
665 209 688 244 Ι.
716 208 780 242 DE
806 207 1082 243 ANNALIBVS
1109 208 1314 243 MAXIMIS
1671 225 1754 254 X111

224 319 374 371 σμούς,
396 311 461 366 οἷς
481 316 613 365 αὐτὸς
631 316 927 371 προσεθέμην,
943 318 1003 365 εἰς
1023 316 1158 369 μέσον
1178 317 1465 366 ὑπευθύνους
1485 326 1575 367 τοῖς
1595 321 1754 373 βουλη-

224 387 374 424 θεῖσιν
407 381 642 436 ἐσομένους
674 380 927 434 ἐξενεγκεῖν.
979 384 1082 435 quod
1115 397 1322 436 perperam
1356 387 1396 423 in
1427 385 1597 424 editione
1624 388 1754 436 priore

224 452 328 488 inter
354 449 550 488 annalium
578 450 792 499 fragmenta
822 444 887 503 (1)
906 462 1143 500 receperam.
1189 462 1278 488 nam
1299 450 1507 500 Dionysius
1535 451 1630 488 nibil
1660 451 1753 490 dixit

223 517 300 553 nisi
326 515 411 566 boc,
438 514 586 566 Polybii
614 515 805 553 rationem
834 527 874 553 se
903 516 1014 566 sequi
1040 515 1156 563 nolle,
1182 516 1250 565 qui
1276 517 1370 553 satis
1397 515 1599 554 habuisset
1626 518 1753 555 causis

223 579 520 631 rationibusque
542 581 697 618 omissis
719 581 991 618 auctoritatem
1010 580 1118 619 uelut.
1139 579 1292 618 tabulae
1314 582 1542 631 pontificum
1565 581 1754 631 attulisse,

223 657 264 683 se
280 646 656 695 argumentationem
673 657 781 683 suam
798 645 1083 696 explicaturum
1099 657 1197 684 esse.
1225 647 1280 682 sic
1297 646 1400 683 enim
1421 651 1526 683 recte
1542 645 1584 684 O.
1596 645 1753 684 Ilii-svb-

223 709 301 749 feld
328 705 479 763 (Herm.
500 709 552 748 IX
578 723 613 760 p.
640 708 721 748 106
737 706 813 764 sq.)
842 709 937 748 baec
969 709 1091 748 uerba
1123 711 1405 760 interpretatus
1439 718 1498 748 est
1530 712 1753 762 frustraque

223 774 347 814 Seeck
376 771 430 827 (p.
453 773 508 813 65
525 771 601 828 sq.)
628 774 832 813 oblocutus
860 780 930 813 est.
963 774 1059 813 illud
1086 780 1216 814 tamen
1244 780 1396 813 constat
1421 775 1623 826 Polybium
1652 776 1753 815 baud

223 853 310 879 raro
337 840 490 878 illarum
517 839 739 878 tabularum
766 841 997 878 auctoritate
1024 853 1139 879 usum
1168 838 1309 893 esse.¹)

311 904 424 944 Nunc
449 918 557 955 uero,
584 917 633 943 ne
660 906 748 956 quis
775 904 838 943 illa
866 905 1039 956 Liuiana,
1066 907 1157 956 quia
1184 918 1230 944 ex
1258 905 1373 944 editis
1401 905 1605 944 annalibus
1632 907 1753 944 fluxe-

222 972 312 1022 rint,
339 970 436 1009 nibil
462 972 662 1021 pertinere
686 970 901 1009 arbitretur
921 970 968 1009 ad
994 970 1215 1009 tabularum
1238 970 1410 1009 indolem
1432 971 1754 1020 adumbrandam,

221 1049 297 1087 quo
324 1042 500 1087 tempore
529 1048 684 1087 quoque
712 1035 876 1074 consilio
904 1041 942 1074 et
968 1037 1117 1074 ratione
1144 1036 1215 1074 1130
1244 1038 1283 1074 111
1310 1036 1552 1087 publicum
1580 1038 1752 1075 missae

221 1103 316 1152 sint,
351 1100 649 1153 disputabimus.
689 1113 779 1139 nam
807 1101 996 1139 Cicerone
1029 1106 1129 1140 teste
1162 1101 1227 1140 ille
1262 1114 1345 1139 mos
1379 1113 1442 1139 res
1476 1101 1632 1152 publice
1664 1114 1752 1152 pro-

221 1166 392 1217 ponendi
419 1179 495 1205 non
522 1167 665 1205 mansit
692 1166 795 1204 ultra
821 1166 861 1205 P.
882 1166 1055 1205 Mucium
1083 1167 1312 1205 Scaeuolam
1341 1162 1450 1219 (trib.
1471 1166 1573 1217 pleb.
1601 1180 1632 1205 a.
1658 1165 1752 1206 1-11.

221 1230 325 1283 613,
353 1244 430 1270 cos,
452 1245 484 1270 a.
508 1229 603 1282 133,
631 1227 749 1285 621).
789 1232 863 1270 fuit
890 1233 923 1270 is
950 1232 1123 1282 pontifex
1152 1233 1346 1271 maximus
1373 1245 1404 1271 a.
1429 1229 1523 1271 123.
1545 1230 1648 1282 631,
1676 1245 1751 1283 quo

220 1297 262 1335 T.
283 1296 502 1335 Flaminino
529 1296 572 1342 Q.
594 1296 748 1335 Metello
782 1309 881 1335 coss.
908 1309 979 1348 pro
1014 1297 1175 1347 collegio
1209 1298 1439 1348 pontificum
1472 1310 1561 1336 eum
1589 1310 1751 1348 respon-

220 1361 324 1400 disse
352 1362 489 1400 Cicero
520 1375 592 1413 pro
629 1362 741 1401 domo
769 1359 943 1413 53,136
973 1362 1085 1413 dixit,
1118 1362 1187 1401 sed
1227 1375 1300 1401 1100
1333 1375 1409 1413 quo
1442 1375 1543 1401 anno
1576 1363 1751 1413 pontifex

219 1439 317 1465 max.
341 1432 543 1478 cooptatus
571 1429 622 1466 sit
647 1429 872 1479 accepimus
899 1440 971 1466 nec
993 1440 1069 1478 quo
1090 1440 1190 1466 anno
1212 1440 1313 1466 anno
1334 1433 1525 1466 mortuus.
1561 1428 1660 1466 nihil
1680 1429 1751 1478 igi-

218 1497 284 1531 tur
298 1494 519 1531 accuratius
540 1492 740 1531 adfirmari
759 1498 889 1544 potest
909 1505 1025 1544 quam
1047 1494 1206 1531 circiter
1226 1505 1257 1532 a.
1276 1490 1370 1532 123.
1386 1490 1468 1531 631
1492 1493 1642 1532 tabulas
1663 1506 1751 1544 pro-

316 1591 349 1632 1)
377 1588 467 1623 Cum
493 1588 594 1633 apud
614 1588 833 1632 Dionysium
859 1588 883 1622 1.
905 1600 931 1624 S.
952 1588 1100 1633 Polybii
1124 1589 1305 1623 rationem
1327 1589 1513 1624 scribendi
1534 1590 1751 1634 uituperan-

217 1642 294 1676 tem
320 1641 424 1685 παρὰ
449 1648 526 1682 τοῖς
545 1643 754 1687 ἀρχιερεῦσι
778 1654 852 1677 11011
878 1642 983 1676 libris
1004 1642 1069 1676 sed
1091 1642 1289 1677 Niebuhrii
1310 1643 1368 1687 (Η.
1384 1643 1425 1677 R.
1442 1643 1457 1677 I
1477 1655 1512 1687 p.
1530 1646 1597 1677 248
1618 1656 1651 1677 n.
1669 1645 1749 1687 606)

218 1695 419 1740 sagacitati
441 1695 651 1739 debeamus,
679 1696 809 1740 paucis
835 1695 960 1730 uerbis
982 1696 1027 1730 de
1047 1696 1116 1731 hoc
1136 1695 1216 1730 loco
1238 1707 1348 1741 agere
1369 1707 1460 1740 opus
1482 1699 1548 1740 est,
1574 1698 1616 1730 ut
1636 1696 1749 1741 scrip-

216 1750 337 1782 turam
363 1759 386 1783 a
410 1748 516 1783 nobis
542 1751 731 1794 receptam
758 1761 779 1783 a
806 1748 1042 1784 dubitatione
1069 1749 1241 1793 quadam,
1269 1761 1379 1793 quam
1407 1749 1618 1795 Schwegler
1640 1749 1685 1784 H.
1706 1750 1748 1783 R.

217 1802 232 1835 1
257 1814 291 1846 p.
315 1806 335 1836 8
362 1814 396 1836 n.
419 1806 440 1835 4
465 1802 600 1845 mouit,
641 1802 896 1837 defendamus.
946 1814 1034 1836 nam
1066 1804 1152 1837 ante
1185 1803 1453 1847 Kiesslingium
1485 1803 1666 1837 edebatur
1697 1803 1750 1837 sic

217 1856 277 1890 ἐπὶ
301 1861 367 1890 τοῦ
393 1855 497 1899 παρὰ
521 1861 599 1896 τοῖς
619 1854 815 1901 Ἀγχισεῦσι
841 1855 1012 1900 κειμένου
1037 1855 1195 1897 πίνακος
1222 1858 1259 1890 01
1286 1856 1482 1900 Polybium
1507 1856 1639 1891 tabula
1660 1867 1749 1900 qua-

218 1909 303 1942 dam
336 1909 622 1943 Anehisensium
656 1910 700 1943 de
733 1909 834 1943 urbis
866 1909 1006 1944 Romae
1039 1921 1135 1944 anno
1169 1910 1288 1944 natali
1314 1922 1401 1944 usus
1429 1921 1508 1945 esse
1534 1910 1748 1954 putabatur.

217 1961 422 1996 afferuntur
447 1973 534 1996 uero
562 1962 657 1997 duae
680 1962 757 1996 eius
777 1963 938 1997 nominis
958 1964 1078 2007 urbes,
1106 1963 1281 2007 Anchisa,
1307 1963 1393 1997 urbs
1415 1963 1557 2006 Italiae,
1586 1976 1607 1997 a
1631 1964 1748 1998 Romo

216 2016 365 2050 Aeneae
395 2015 472 2051 filio
504 2015 562 2050 sui
596 2016 747 2051 honoris
780 2027 891 2051 causa
924 2017 1075 2051 condita
1100 2016 1219 2061 (Dion.
1249 2022 1279 2059 1,
1308 2020 1361 2059 73,
1390 2021 1409 2051 3
1450 2017 1530 2051 coll.
1559 2016 1748 2061 Stephano

217 2069 302 2112 Byz.
324 2081 350 2103 s.
371 2081 406 2103 u.
432 2081 469 2114 p.
491 2073 534 2103 24
560 2069 685 2113 Mein.)
713 2071 750 2104 et
769 2070 965 2112 Anehisus,
992 2070 1078 2104 urbs
1098 2070 1201 2115 Epiri
1227 2070 1424 2112 maritima,
1451 2071 1549 2104 unde
1569 2070 1747 2104 Anchises

217 2122 255 2156 111
280 2133 382 2156 mare
402 2122 544 2156 Ionium
564 2123 764 2167 nauigasse
785 2123 980 2158 dicebatur
998 2123 1118 2168 (Dion.
1137 2128 1167 2166 1,
1183 2127 1238 2167 51,
1254 2128 1285 2159 2.
1314 2123 1465 2168 Proeop.
1480 2124 1514 2157 b.
1531 2123 1571 2158 G.
1587 2124 1635 2158 IV
1656 2136 1688 2168 p.
1704 2128 1746 2157 22

216 2188 251 2220 p.
274 2179 339 2209 577
362 2175 484 2218 Dind.‚
512 2176 577 2221 qui
603 2175 800 2221 scriptores
826 2176 956 2211 urbem
983 2177 1106 2211 dicere
1125 2177 1328 2222 uidentur).
1366 2179 1405 2211 at
1430 2177 1592 2221 priorem
1618 2177 1747 2211 urbem

216 2228 254 2262 in
281 2228 419 2263 fabulis
445 2241 523 2264 esse
551 2229 673 2272 sitam,
700 2241 773 2264 non
798 2229 837 2264 in
863 2230 970 2264 Italia
996 2230 1071 2264 iam
1091 2230 1260 2264 Niebuhr
1285 2230 1480 2273 intellexit,
1507 2231 1681 2274 idemque
1702 2231 1746 2264 de

216 2281 334 2316 altera
360 2281 535 2316 Huebner
560 2294 595 2327 p.
615 2286 684 2317 414
717 2283 927 2328 suspicatus
959 2286 1032 2327 est,
1072 2295 1181 2328 quem
1206 2284 1245 2318 in
1271 2284 1459 2328 plerisque
1485 2286 1633 2318 secutus
1654 2296 1745 2319 sum.

216 2335 281 2369 sed
300 2336 343 2369 ut
362 2337 559 2379 utramque
578 2335 708 2370 urbem
726 2338 807 2370 tum
826 2337 940 2372 fuisse
960 2337 1174 2382 largiamur,
1201 2340 1327 2372 tamen
1347 2348 1486 2382 paruae
1507 2339 1544 2371 et
1563 2337 1746 2382 ignobiles

215 2387 396 2432 latebant,
423 2400 580 2432 quarum
606 2389 759 2424 annales
786 2390 992 2435 Polybium,
1020 2402 1103 2426 eum
1130 2391 1175 2425 de
1201 2391 1310 2425 rebus
1337 2391 1512 2426 Romanis
1540 2398 1745 2435 quaereret,

216 2441 299 2485 quis
319 2453 393 2476 non
414 2442 533 2477 solum
554 2442 783 2478 consuluisse
804 2444 939 2487 credet,
961 2444 1025 2478 sed
1045 2444 1160 2479 etiam
1181 2445 1233 2479 eis
1254 2446 1291 2480 et
1310 2444 1433 2489 ipsum
1448 2445 1557 2479 fidem
1571 2444 1745 2479 habuisse

216 2497 252 2529 01
276 2498 318 2530 ut
343 2495 510 2541 legentes
536 2496 732 2540 haberent,
769 2497 1002 2542 postulasse?
1047 2497 1245 2532 Niebuhrii
1272 2500 1396 2532 autem
1424 2498 1635 2532 coniectura
1663 2509 1745 2542 pro-

215 2547 303 2583 bata
335 2550 444 2593 (quae
476 2549 589 2584 etiam
621 2551 824 2585 adiuuatur
857 2551 1041 2596 scriptura
1075 2551 1253 2586 librorum
1287 2551 1453 2585 Chisiani
1486 2553 1523 2586 et
1555 2551 1744 2585 Vrbinatis

216 2602 435 2647 o'cyxmtsvot)
462 2614 535 2637 non
554 2603 781 2647 mirabimur,
809 2605 908 2648 quod
930 2605 1105 2649 Polybius
1125 2606 1222 2639 hanc
1243 2605 1505 2639 auctoritatem
1526 2604 1745 2648 simpliciter

214 2655 382 2699 posuisse
417 2657 508 2690 satis
543 2656 691 2699 habuit,
727 2668 748 2692 a
775 2669 847 2702 quo
875 2668 1019 2702 semper
1050 2670 1115 2703 pro
1151 2658 1326 2703 pontifice
1360 2657 1518 2692 maximo
1556 2658 1744 2703 ἀρχιερεύς

214 2710 414 2753 usurpatur
441 2713 510 2755 (23,
534 2715 563 2752 1,
585 2714 616 2744 2.
645 2714 700 2753 32,
722 2715 776 2752 22,
799 2713 845 2755 5),
872 2722 939 2746 nec
966 2712 1130 2746 offendet
1155 2711 1310 2755 pluralis
1337 2722 1510 2745 numerus
1538 2712 1743 2755 ἀρχιερεῦσι

215 2761 351 2797 0011310
373 2761 547 2798 Cicerone
569 2764 613 2798 de
633 2763 732 2809 legg.
755 2768 784 2807 1,
801 2768 831 2807 2,
848 2768 867 2798 6
891 2766 1044 2800 annales
1056 2766 1273 2810 pontificum
1294 2766 1535 2800 nzaaeimorwm
1555 2764 1743 2808 <Huebner

214 2826 249 2858 p.
270 2817 352 2860 414)
379 2818 445 2850 aut
470 2816 669 2862 singularis
701 2818 761 2852 ἐπὶ
792 2823 858 2852 τοῦ
890 2817 1065 2862 πίνακος,
1105 2829 1191 2852 113111
1218 2830 1302 2853 011111
1329 2818 1439 2861 dixit,
1479 2818 1515 2852 in
1543 2812 1615 2860 quo
1643 2817 1741 2861 quod

214 2869 461 2911 quaerebatur
486 2870 667 2906 exstabat.
977 2874 986 2882 “
