2002 3342
686 179 731 211 M.
754 178 811 211 Po
821 178 953 212 RCIVS
982 178 1104 213 CATO
1551 196 1657 225 CXLI

123 289 237 328 tidem
278 290 550 339 interpositam
590 289 796 327 Lusitanos
836 289 1048 339 occiderat,
1088 290 1259 329 habitam
1300 293 1464 330 inseruit
1506 291 1657 343 ‘paucis

120 361 330 406 antequam
358 360 536 392 mortuus
563 360 621 392 cst
648 367 695 392 an
721 353 858 392 diebus
880 367 926 392 an
948 353 1180 407 mensibus',
1208 362 1322 407 atquc
1351 358 1467 395 etiam
1496 364 1657 408 propter

122 433 265 470 pucros
291 418 561 457 misericordia
589 419 720 470 populi
750 425 941 458 commota
975 432 1063 458 eum
1098 421 1273 471 elapsum
1305 435 1390 459 esse
1419 435 1657 461 commemo-

123 487 235 523 rauit.
282 486 411 535 itaque
445 483 559 522 senili
593 484 827 535 loquacitate
863 497 950 523 eum
985 498 1029 523 eo
1065 485 1235 524 delatum
1276 500 1362 525 esse
1402 489 1488 526 ueri
1528 488 1655 526 simile

118 557 196 599 est,
233 556 275 588 ut
302 551 413 600 quasi
446 549 738 600 ephemeridem
773 547 1055 603 componensl)
1088 552 1272 602 uitaeque
1307 565 1370 591 res
1410 566 1654 604 persequens

119 621 245 653 morte
273 620 550 667 occuparetur,
577 627 704 665 neque
733 616 836 653 enim
865 614 927 653 illa
956 628 1071 654 causa
1100 621 1178 654 tam
1205 618 1337 667 grauis
1360 630 1446 656 esse
1469 620 1504 656 ei
1525 619 1654 658 uideri

119 682 256 731 potuit,
283 686 325 718 ut
352 680 537 718 historiae
566 679 612 718 ab
634 681 784 730 origine
807 680 916 719 urbis
938 682 1126 731 repetitae
1148 682 1266 720 finem
1289 683 1446 722 faceret.
1486 686 1655 734 posteris

118 746 239 795 igitur
267 747 350 783 eius
377 745 473 783 haec
500 746 624 796 pietas
650 745 884 796 praestanda
913 746 985 784 suit
1015 746 1200 797 cauendi,
1227 759 1276 785 ne
1304 760 1404 798 quae
1431 748 1494 786 ille
1524 750 1654 799 inper-

119 812 219 849 fecta
248 810 490 861 reliquisset,
517 810 714 849 obliuione
742 810 1023 861 obruerentur,
1055 823 1101 850 ex
1129 811 1272 863 quibus
1301 812 1459 864 aliquis,
1488 814 1651 853 sortasse

117 889 258 927 nepos,
292 881 475 914 truncum
503 888 591 914 cum
620 877 744 927 capite
773 877 975 914 coniunxit
1001 882 1116 927 atque
1143 883 1235 916 nota
1263 879 1459 928 originum
1486 880 1653 931 inscrip-

116 943 222 980 tione
257 942 471 991 sragmenta
506 943 627 980 tuitus
661 947 737 991 est,
770 942 837 992 qui
870 941 1029 992 quidem
1062 947 1195 981 utrum
1230 948 1391 982 externa
1418 946 1653 984 necessitate

115 1006 257 1045 ductus
291 1008 340 1045 sit
373 1019 420 1045 an
455 1006 649 1058 Scipionis
683 1008 832 1045 ratione
871 1008 982 1045 uocis
1021 1009 1186 1058 originis
1224 1010 1306 1047 uim
1346 1010 1463 1047 etiam
1498 1009 1652 1060 longius

112 1072 345 1123 prolatatam
374 1072 420 1110 ad
448 1077 590 1111 statum
620 1073 677 1110 rei
704 1085 738 1123 p.
768 1068 1021 1126 rettule1·it²’),
1048 1072 1122 1111 hoc
1149 1074 1189 1111 in
1215 1074 1366 1112 incerto
1389 1073 1581 1125 relinquo.

205 1137 281 1176 Sed
315 1137 521 1176 redeamus
558 1137 605 1175 ad
638 1137 846 1188 Nepotem,
887 1139 953 1188 qui
994 1139 1043 1176 ita
1083 1139 1229 1189 pergit:
1276 1136 1447 1190 ‘Atque
1487 1140 1651 1179 horum

113 1202 346 1241 bellorum
387 1202 528 1241 duces
568 1215 656 1241 non
697 1205 964 1242 nominauit
1002 1203 1083 1242 sed
1123 1205 1226 1243 sine
1265 1204 1539 1244 nominihus
1575 1218 1650 1244 res

113 1266 325 1307 notauit.’
370 1274 483 1319 atque
506 1267 729 1319 Nipperdey
756 1267 915 1319 quidem
943 1267 1022 1307 sola
1051 1268 1212 1320 reliqua,
1243 1282 1341 1320 quae
1368 1276 1455 1320 post
1481 1270 1649 1309 Poenica

110 1339 220 1383 gesta
254 1340 385 1372 essent
420 1333 520 1371 bella
560 1346 649 1372 cum
688 1333 761 1372 hoc
800 1333 884 1372 loco
923 1335 963 1372 in
1003 1335 1132 1373 animo
1171 1334 1355 1373 habuisse
1398 1336 1650 1386 existimauit,

111 1398 370 1437 Poenicorum
402 1398 595 1437 bellorum
625 1399 743 1437 duces
772 1412 790 1437 a
825 1398 970 1438 Catone
1004 1401 1224 1438 nominatos
1258 1413 1357 1439 esse.
1404 1406 1441 1439 at
1476 1402 1649 1451 primum

111 1464 262 1503 Plinius
272 1460 337 1517 [fr.
349 1461 423 1515 88)
437 1476 524 1502 cum
541 1466 821 1515 imperatorum
837 1465 993 1503 nomina
1004 1464 1189 1503 Catonem
1204 1465 1410 1504 annalibus
1427 1465 1643 1505 detraxisse

110 1529 318 1579 scriberet,
345 1529 491 1568 nullam
519 1542 655 1568 eoruni
682 1535 833 1580 partem
856 1529 1034 1580 exclusit,
1063 1529 1204 1569 deinde
1233 1531 1277 1569 fr.
1302 1528 1356 1570 83
1386 1544 1461 1582 quo
1490 1530 1532 1576 Q.
1555 1532 1649 1570 Cae-

110 1594 206 1633 dicii
227 1594 375 1633 tribuni
398 1594 568 1632 militum
589 1596 730 1644 uirtus,
752 1607 849 1645 quae
872 1596 1013 1633 enituit
1034 1595 1136 1633 bello
1158 1595 1304 1634 Punico
1327 1597 1468 1647 prium,
1490 1598 1647 1647 copiose

108 1660 309 1711 descripta
337 1666 406 1709 est,
434 1672 507 1697 nec
535 1661 784 1710 imperatoris
805 1659 926 1698 Poeni
951 1673 1021 1698 nec
1045 1660 1217 1699 consulis
1238 1660 1406 1699 Romani
1428 1674 1499 1700 nec
1522 1663 1648 1712 ipsius

109 1725 260 1764 tribuni
287 1726 442 1763 nomina
470 1725 619 1763 adiecta
644 1731 747 1775 sunt,
775 1725 1083 1776 fragmentisque
1106 1723 1160 1764 86
1183 1732 1222 1765 et
1244 1724 1311 1776 87,
1339 1739 1438 1777 quae
1467 1733 1645 1778 spectant

105 1791 156 1830 ad
176 1791 323 1830 bellum
340 1790 651 1841 Hannibalicum,
680 1790 772 1829 Cato
795 1790 1029 1841 simpliciter
1050 1790 1096 1829 de
1120 1790 1310 1830 dictatore
1326 1791 1643 1842 Carthaginiensi

108 1858 376 1908 magistroque
404 1857 580 1907 equitum
606 1855 790 1907 loquitur.
830 1856 876 1894 cf.
899 1855 1038 1894 lordan
1064 1869 1099 1907 p.
1115 1866 1207 1896 L111.
1249 1869 1365 1908 quam
1393 1857 1441 1895 ob
1464 1870 1546 1896 rem
1575 1858 1645 1896 hac

110 1922 348 1973 Nipperdeyi
375 1923 558 1973 opinione
580 1923 725 1960 reiecta
748 1921 794 1959 de
816 1921 998 1960 omnibus
1019 1921 1146 1972 bellis,
1173 1934 1272 1973 quae
1294 1928 1383 1961 ante
1410 1935 1646 1961 commemo-

110 1988 229 2037 rauit,
263 1985 451 2037 Nepotem
486 1986 557 2024 hoc
591 1985 673 2025 loco
707 1999 822 2037 agere
857 1983 1164 2041 censebimus.³)
1213 1987 1281 2026 sed
1312 1999 1469 2026 causam
1497 1988 1645 2027 silentii

107 2052 214 2090 illius
242 2057 348 2090 recte
377 2051 562 2102 expedire
589 2057 752 2090 conatus
779 2058 838 2091 est
871 2052 935 2090 ille
965 2054 1030 2091 uir
1058 2052 1328 2091 doctissimus:
1362 2055 1480 2092 unius
1515 2055 1645 2093 cuius-

108 2129 184 2167 que
219 2118 322 2155 enim
356 2118 447 2155 anni
480 2116 598 2155 rebus
631 2119 753 2167 gestis
785 2119 1085 2168 magistratuum
1118 2119 1276 2156 nomina
1305 2120 1527 2169 praeposita
1555 2131 1643 2158 esse

108 2183 500 2233 prouinciarumque,
534 2195 629 2232 quas
657 2182 839 2221 consules
865 2189 1145 2234 praetoresque
1174 2184 1301 2222 sortiti
1336 2189 1485 2235 essent3
1520 2186 1576 2223 sic
1604 2186 1643 2222 in

107 2248 204 2298 ipsis
238 2247 355 2286 rebus
388 2246 618 2285 enarrandis
658 2260 735 2286 non
775 2261 872 2299 opus
913 2248 1033 2287 fuisse
1073 2248 1297 2287 nominibus
1337 2248 1405 2287 sed
1439 2250 1644 2288 suffecisse

104 2312 290 2351 consules
323 2318 575 2363 praetoresue
610 2312 746 2351 dictos.
792 2315 923 2364 itaque
956 2326 1054 2364 opus
1087 2326 1165 2352 non
1200 2315 1275 2352 erit
1308 2314 1353 2353 ad
1385 2314 1478 2353 alias
1506 2327 1644 2353 causas

105 2378 192 2416 eius
219 2377 366 2416 silentii
388 2377 586 2428 defugere,
612 2377 677 2416 uel
698 2377 888 2416 inuidiam
909 2384 975 2417 aut
996 2378 1291 2430 malignitatem,
1319 2392 1367 2417 ue
1390 2380 1642 2419 inimicorum

104 2443 275 2481 uirtutes
302 2444 383 2481 suis
410 2444 569 2494 scriptis
597 2442 890 2494 decorarentur,
918 2443 980 2482 uel
1007 2445 1201 2494 timorem,
1229 2457 1278 2483 ne
1300 2444 1483 2495 superbia
1512 2451 1550 2484 et
1577 2445 1642 2484 ad-

107 2509 282 2557 rogantia
309 2507 553 2559 quarundam
581 2510 756 2558 gentium
784 2508 965 2547 aleretur.
1011 2511 1130 2547 immo
1157 2515 1339 2548 uetustus
1366 2510 1429 2548 hic
1458 2510 1529 2548 suit
1557 2523 1642 2548 mos

203 2632 236 2672 1)
263 2628 314 2663 Cf.
338 2628 409 2662 Cic.
432 2629 477 2662 de
498 2639 572 2663 sen.
596 2632 727 2672 11‚313:
755 2630 1067 2674 Pythayoreorum
1089 2641 1184 2665 more
1209 2630 1426 2665 emercendae
1451 2632 1641 2665 memoriae

101 2683 239 2725 Ηναιία,
266 2682 354 2725 qecid
380 2693 517 2726 qaoque
543 2683 600 2717 die
626 2683 800 2725 caverim,
826 2684 1025 2725 audimini,
1052 2685 1199 2729 eyerim,
1231 2694 1461 2719 commemoro
1491 2686 1637 2728 uesperi.

202 2737 234 2776 ⁶2)
263 2733 433 2779 Origines
461 2737 559 2770 certe
585 2746 631 2769 ne
658 2735 695 2769 in
722 2736 990 2780 posterioribus
1018 2737 1169 2780 quidem
1202 2736 1308 2771 libris
1335 2737 1516 2781 neglexit,
1553 2748 1639 2770 nam

102 2786 219 2820 etiam
235 2787 279 2822 de
295 2788 658 2833 Carthaginiensium
675 2789 837 2823 moribus
852 2791 889 2823 et
903 2789 1085 2824 institutis
1100 2790 1138 2823 in
1153 2793 1285 2834 quarto
1301 2791 1379 2835 egit
1399 2790 1455 2835 (fr.
1474 2794 1638 2833 78—80).

201 2844 234 2884 3)
262 2840 345 2875 Vid.
374 2853 400 2875 s.
427 2853 462 2885 p.
485 2854 610 2875 cxxxv.
