2002 3342
283 184 369 224 2250)
935 179 1175 221 tELIQVIAE

231 298 253 329 ct
284 301 386 342 gent.
432 292 674 331 orationibus
710 293 749 330 in
787 296 939 329 noctem
976 290 1178 341 perductis
1212 289 1388 341 prodicta
1419 285 1519 342 [dies'
1550 296 1620 328 est.
1665 290 1732 328 ubi
1767 303 1811 329 ea

282 360 402 407 uenit,
430 357 580 396 tribuni
600 359 639 395 in
662 358 801 395 rostris
828 357 952 407 prima
982 355 1068 394 luce
1089 355 1363 394 consederunt.
1398 356 1538 393 citatus
1560 367 1650 394 reus
1671 368 1812 406 magno

282 424 435 469 agmine
469 424 685 461 amicorum
720 422 1001 472 clientiumque
1038 433 1108 471 per
1139 419 1308 459 mediam
1344 421 1566 458 contionem
1602 419 1649 458 ad
1686 426 1810 459 rostra

281 488 403 526 subiit
429 488 665 538 silentioque
693 488 792 526 sacto
820 483 925 525 ‘hoc’
952 487 1081 537 inquit
1107 484 1198 536 ‘die‚
1224 485 1374 524 tribuni
1400 485 1526 536 plebis
1547 497 1696 536 uosque
1716 486 1812 531 Qui-

283 555 394 603 rites,
430 566 518 592 cum
546 552 763 591 Hannibale
790 558 829 590 et
855 550 1246 602 Carthaginiensibus
1278 551 1401 600 signis
1433 550 1583 589 collatis
1609 552 1649 589 in
1682 551 1810 589 Africa

280 618 379 657 bene
402 631 445 657 ac
473 618 642 657 feliciter
664 619 850 669 pugnaui.
888 618 1020 667 itaque
1041 628 1131 654 cum
1156 615 1272 654 hodie
1298 615 1433 654 litibus
1454 620 1493 654 et
1512 616 1653 666 iurgiis
1675 628 1810 667 super-

279 684 411 722 sederi
438 696 606 734 aequum
634 684 696 733 sit,
723 696 793 733 ego
820 683 912 721 hinc
939 681 1135 732 extemplo
1162 682 1201 720 in
1223 680 1457 732 Capitolium
1484 680 1531 719 ad
1552 681 1684 719 Iouem
1711 682 1811 732 opti-

280 762 386 788 mum
408 750 621 787 maximum
642 749 911 799 Iunonemque
931 752 971 785 et
989 746 1207 785 Mineruam
1228 752 1459 796 ceterosque
1481 745 1585 796 deos,
1612 747 1679 797 qui
1699 745 1812 797 Capi-

283 814 372 852 tolio
394 820 510 865 atque
532 815 612 852 arci
635 813 874 865 praesident,
900 811 1126 851 salutandos
1147 811 1210 850 ibo
1232 811 1372 862 bisque
1392 812 1537 861 gratias
1558 823 1680 861 agam,
1707 812 1810 862 quod

280 880 375 918 mihi
409 885 447 918 ct
478 880 552 918 hoo
585 881 668 930 ipso
703 878 764 917 die
798 884 836 917 et
869 890 984 929 saepe
1012 876 1106 915 alias
1139 877 1296 927 egregie
1326 876 1521 927 gerendae
1548 877 1606 914 rei
1631 875 1811 927 publicae

282 951 452 983 'nomem
487 944 791 995 facultatemque
827 943 1031 981 dederunt.
1069 947 1249 981 uestrum
1283 954 1437 992 quoque
1470 940 1613 992 quibus
1640 953 1812 980 commo-

281 1010 372 1048 dum
394 1015 465 1060 est,
493 1010 679 1060 Quirites,
707 1011 759 1047 ite
780 1021 934 1047 mecum
956 1013 994 1046 et
1014 1012 1122 1045 orate
1144 1006 1249 1057 deos,
1274 1011 1318 1045 ut
1337 1007 1415 1045 mei
1436 1005 1586 1044 similes
1612 1007 1812 1058 principes

279 1075 473 1126 habeatis,
505 1076 575 1125 ita,
609 1076 641 1113 si
676 1074 722 1113 ab
756 1075 868 1113 annis
901 1072 1183 1124 septemdecim
1213 1071 1259 1110 ad
1286 1076 1530 1110 senectutem
1558 1083 1715 1122 semper
1739 1084 1813 1111 uos

280 1146 446 1179 aetatem
468 1153 595 1179 meam
616 1139 832 1178 honoribus
853 1139 999 1177 uestris
1020 1138 1211 1188 anteistis7
1235 1150 1305 1188 ego
1326 1142 1482 1175 uestros
1502 1137 1670 1176 honores
1692 1136 1812 1176 rebus

232 1218 254 1241 e
281 1205 466 1256 gerendis
487 1202 714 1256 praecessi.'
749 1204 795 1242 ab
818 1204 957 1242 rostris
979 1204 1017 1241 in
1039 1202 1273 1254 Capitolium
1300 1201 1487 1241 ascendit.
1523 1202 1639 1241 simul
1661 1214 1703 1240 se
1723 1203 1810 1241 uni-

280 1284 396 1309 uersa
423 1272 553 1309 contio
582 1271 726 1309 auertit
747 1276 785 1308 et
805 1275 939 1308 secuta
961 1269 1183 1319 Scipionem
1212 1273 1283 1317 est,
1310 1266 1405 1306 adeo
1426 1273 1469 1306 ut
1494 1272 1692 1318 postremo
1714 1268 1811 1305 scri-

279 1336 350 1374 bae
378 1337 629 1386 uiatoresque
656 1335 837 1373 tribunos
865 1334 1136 1384 relinquerent
1162 1345 1235 1371 nec
1256 1345 1344 1371 cum
1372 1333 1421 1370 iis
1447 1338 1605 1382 praeter
1625 1331 1811 1370 seruilem

280 1402 507 1439 comitatum
544 1407 581 1439 et
618 1412 870 1452 praeconem,
907 1401 973 1451 qui
1010 1411 1120 1437 reum
1155 1411 1200 1436 ex
1237 1398 1375 1436 rostris
1408 1396 1568 1448 citabat,
1604 1398 1812 1448 quisquam

279 1472 396 1505 esset.
437 1466 569 1517 Scipio
602 1478 679 1504 non
712 1466 753 1503 in
787 1464 976 1516 Capitolio
1009 1463 1124 1502 modo
1157 1463 1225 1501 sed
1257 1475 1329 1514 per
1361 1467 1480 1501 totam
1512 1461 1651 1501 urbem
1681 1463 1810 1500 omnia

282 1531 422 1582 templa
461 1531 575 1570 deum
610 1543 698 1569 cum
731 1529 874 1581 populo
904 1530 1078 1568 Romano
1111 1529 1320 1567 circumiit.
1359 1527 1592 1566 celebratior
1624 1528 1657 1565 is
1689 1540 1811 1578 prope

280 1596 364 1635 dies
399 1597 532 1635 fauore
565 1596 767 1634 hominum
801 1601 841 1634 et
866 1596 1136 1634 aestimatione
1163 1606 1280 1633 uerae
1306 1592 1588 1645 magnitudinis
1616 1594 1701 1631 eius
1728 1594 1813 1642 suit,

279 1674 396 1713 quam
424 1674 500 1712 quo
527 1661 775 1712 triumphans
803 1660 849 1699 de
877 1661 1052 1712 Syphace
1080 1672 1171 1711 rege
1199 1665 1238 1698 et
1257 1658 1646 1710 Carthaginiensibus
1672 1657 1811 1697 urbem

281 1733 340 1765 est
366 1728 559 1766 inuectus.

239 1794 258 1828 f
371 1787 423 1844 (c.
446 1788 533 1846 52.)
573 1792 643 1830 Hic
684 1792 885 1842 speciosus
923 1791 1086 1829 ultimus
1123 1789 1205 1828 dies
1245 1789 1284 1827 Ρ.
1318 1789 1492 1839 Scipioni
1527 1787 1678 1827 inluxit.
1723 1793 1813 1838 post

282 1870 395 1907 quem
420 1870 507 1896 cum
536 1856 725 1895 inuidiam
750 1862 785 1895 et
809 1857 1022 1895 certamina
1044 1868 1131 1894 cum
1160 1854 1329 1893 tribunis
1355 1855 1612 1905 prospiceret,
1640 1852 1701 1892 die
1729 1853 1812 1891 lon-

280 1924 387 1967 :nore
415 1922 593 1974 prodicta
621 1924 659 1960 in
682 1922 928 1960 Literninum
956 1922 1151 1959 concessit
1175 1916 1281 1959 cei-to
1303 1918 1478 1969 consilio,
1505 1931 1553 1957 ne
1580 1917 1628 1956 ad
1655 1930 1812 1957 causam

280 1987 486 2026 dicendam
515 1987 680 2026 adesset..
720 1988 846 2025 maior
872 1987 1026 2025 animus
1053 1991 1091 2023 et
1121 1991 1259 2024 natura
1286 1990 1369 2022 erat
1395 1996 1439 2022 ac
1465 1984 1605 2022 maiori
1631 1983 1811 2022 fortunae

282 2052 479 2104 adsuetus,
507 2066 622 2104 quam
649 2058 693 2090 ut
720 2064 812 2091 reus
839 2064 926 2090 esse
952 2057 1047 2090 tunc
1074 2051 1194 2089 sciret
1219 2055 1258 2088 et
1278 2049 1509 2088 submittere
1531 2060 1572 2086 se
1593 2049 1633 2086 in
1653 2047 1812 2087 humili-

232 2134 258 2165 ς
289 2124 403 2156 tatem
431 2130 588 2157 causam
617 2117 843 2156 dicentium.
882 2116 950 2156 ubi
981 2116 1064 2155 dies
1090 2116 1201 2154 uenit
1226 2116 1416 2165 citarique
1443 2113 1586 2152 absens
1612 2118 1672 2152 est
1698 2125 1812 2164 coep-

375 2256 408 2289 d.
438 2266 465 2290 e.
495 2257 559 2290 Ex
579 2256 692 2291 Liuio
711 2268 785 2291 rem
804 2256 1071 2299 (Iescrzpserunt
1092 2255 1258 2288 Valerius
1279 2254 1385 2287 Max.
1402 2255 1435 2295 3,
1452 2255 1484 2294 ¹7,
1500 2256 1519 2287 1
1541 2255 1571 2287 et
1591 2252 1815 2286 Plutarchus

279 2304 446 2347 «poplzth.
487 2304 582 2347 Βοὴ).
603 2304 688 2337 mai.
711 2307 767 2337 10.
806 2304 850 2346 cf.
874 2304 970 2347 App.
991 2307 1024 2337 et
1051 2302 1141 2336 Gall.
1163 2303 1184 2335 l.
1205 2313 1231 2336 s.
1260 2301 1366 2335 aliter
1396 2311 1431 2335 se
1457 2299 1618 2342 defendit
1643 2300 1685 2333 P.
1707 2299 1814 2342 Afri-

278 2362 394 2386 canus
421 2351 523 2395 apud
549 2352 676 2396 Polyb.
696 2354 755 2393 224,
771 2354 804 2393 9,
820 2353 924 2385 6—7.

375 2398 483 2443 g—k.
511 2400 555 2433 ab
583 2400 735 2434 Antiate
759 2400 843 2442 ficta
869 2401 901 2432 et
929 2397 1141 2442 interposita
1166 2401 1263 2438 sunt,
1288 2396 1334 2439 cf.
1354 2406 1470 2439 supra
1490 2406 1528 2439 p.
1551 2404 1747 2438 cccxiv-sq.

372 2537 391 2571 1
428 2534 621 2583 producta
653 2534 688 2571 d.
715 2535 804 2571 libri
837 2546 904 2571 em.
933 2535 966 2571 I.
982 2534 1028 2571 F.
1047 2533 1165 2571 Gron.
1308 2533 1330 2568 9
1364 2530 1490 2579 iisque
1523 2530 1694 2574 Maduz'q

284 2595 334 2630 12
364 2593 548 2641 Quirites,
574 2594 627 2631 ite
653 2606 804 2631 mecum
825 2594 996 2639 Madniy
1021 2605 1104 2630 cum
1133 2594 1210 2629 oelo
1237 2591 1321 2628 libr.
1342 2602 1413 2627 rec.
1446 2590 1501 2626 ite
1527 2601 1692 2635 mecum,
1720 2587 1812 2633 Qui-

279 2654 387 2698 rites,
414 2654 527 2701 mdyo
615 2654 680 2691 16.
699 2656 717 2691 1
730 2654 750 2689 7
773 2655 817 2690 ut
837 2653 1012 2690 uiatores
1032 2651 1212 2689 tribunos
1232 2650 1300 2687 rel.
1322 2650 1410 2696 aliq.
1432 2649 1494 2686 lib.
1515 2660 1600 2691 rec„
1619 2648 1816 2695 suppleuit

280 2713 386 2760 Dloq.
510 2714 560 2749 21
596 2724 691 2749 uera
716 2713 944 2750 Perizonius
1066 2711 1118 2748 26
1153 2709 1344 2759 producta
1370 2719 1394 2751 ς
1423 2718 1490 2744 em.
1516 2708 1552 2744 I.
1567 2708 1614 2745 F.
1633 2707 1752 2745 Gron.

280 2771 468 2809 liternum
489 2772 665 2819 plerique
691 2783 715 2814 ς
802 2772 854 2808 <28
882 2771 1075 2819 inciperet-
1097 2770 1200 2816 Moy.
1233 2769 1348 2806 sciret
1370 2778 1394 2810 ς
1419 2769 1512 2804 tunc
1533 2765 1649 2804 sciret
1673 2766 1815 2813 scripsi

371 2830 601 2867 submittere
628 2831 734 2878 Moy.
763 2833 795 2867 ct
821 2832 909 2877 aliq.
936 2831 1025 2867 libri
1052 2841 1122 2867 rec.
1155 2827 1407 2866 submitteret
1433 2827 1502 2864 aliz*
1528 2836 1552 2869 ς

1832 888 1867 913 10

1832 1212 1865 1238 15

1832 1538 1867 1563 20

1833 1861 1867 1888 26
