2002 3342
705 180 751 213 M.
776 179 974 213 PORCIVS
1002 178 1125 213 CATO
1526 192 1684 222 CXXXV

150 293 244 331 haec
273 291 430 342 quidem
458 297 687 341 argumenta
715 302 804 328 eum
834 289 1044 339 diligenter
1069 289 1295 327 distinxisse
1318 295 1433 340 atque
1456 290 1683 328 deliniuisse

151 370 196 395 ex
226 358 322 407 ipsis
350 355 527 406 reliquiis
556 355 755 393 discimus.
803 360 941 405 quarto
975 356 1079 392 enim
1114 354 1212 392 libro
1247 355 1453 393 minimum
1485 367 1609 405 usque
1638 356 1684 393 ad

151 423 307 460 initium
341 420 431 459 belli
459 419 705 458 I‘Iannibalici
733 416 799 473 (11.
828 416 902 473 84)
939 418 1168 470 clademque
1202 420 1448 458 Cannensem
1482 417 1568 472 (86.
1598 418 1685 471 87),

151 488 286 538 quinto
314 487 521 525 minimum
549 497 672 536 usque
698 484 744 523 ad
767 497 923 523 causam
945 484 1208 523 Rhodiensem
1232 482 1296 536 (fr.
1319 482 1393 539 95)
1418 485 1686 536 descenderat,

150 565 250 603 quae
284 564 383 590 anno
416 552 623 589 minimum
657 551 857 588 tricesimo
891 555 1028 601 quarto
1063 555 1149 600 post
1182 549 1328 588 bellum
1361 549 1457 588 illud
1486 550 1587 589 dicta
1615 558 1686 590 est.

150 630 250 668 quae
278 616 435 667 quidem
464 628 597 654 rerum
625 616 782 666 partitio
811 615 943 653 multis
971 616 1022 654 ita
1050 616 1148 653 mira
1176 617 1258 653 uisa
1287 621 1356 666 est,
1391 621 1431 653 ut
1462 615 1686 667 Nipperdey

152 678 211 735 (111
236 681 326 720 edit.
348 683 436 719 mai.
459 694 489 719 a.
512 680 547 719 h.
570 676 612 733 l.)
641 682 758 719 etiam
787 693 995 719 numerum
1023 680 1113 718 libri
1141 681 1268 731 quinti
1290 682 1329 718 in
1351 682 1562 731 septimum
1584 682 1685 733 apud

151 747 307 785 Liuium
335 746 601 797 Gelliumque,
630 751 750 784 testes
777 745 882 783 1111115
910 747 1077 795 1111111611,
1108 750 1289 784 mutaret.
1335 751 1371 783 at
1400 746 1623 785 defenditur
1649 753 1687 785 et

152 813 196 850 sr.
224 811 278 851 506
308 818 345 850 et
372 809 425 849 ΕΠ
461 810 638 850 eiusdem
672 810 780 861 libri,
820 824 918 862 quae
952 810 998 849 ad
1032 810 1178 849 bellum
1212 823 1300 849 cum
1335 810 1474 849 Gentio
1508 808 1559 865 (3.
1591 810 1685 851 168.

150 873 256 931 586)
285 883 438 927 gestum
465 878 665 928 pertinere
688 875 918 915 Gutschmid
941 872 988 930 (V
1009 889 1044 927 p.
1061 874 1146 915 524
1162 873 1236 929 sq.)
1259 875 1463 927 intellexit,
1490 882 1528 915 et
1549 877 1685 916 eodem

149 955 272 994 paene
312 954 503 980 annorum
547 943 688 992 spatio,
728 941 831 992 quod
877 941 977 979 liber
1014 946 1177 992 quartus
1216 946 1254 979 et
1293 942 1453 992 quintus
1493 942 1687 993 complexi

151 1013 274 1046 erant.
326 1013 446 1045 restat
482 1012 612 1045 tamen
652 1019 835 1057 magnum
876 1019 1068 1044 annorum
1109 1006 1339 1057 discrimen,
1380 1006 1459 1045 illic
1499 1008 1688 1058 quinqua-

150 1085 352 1123 genorum,
383 1073 484 1111 sexti
512 1077 550 1110 et
576 1073 734 1123 septimi
762 1071 1046 1122 duodeuiginti,
1080 1071 1127 1110 ad
1154 1070 1257 1122 quod
1285 1071 1559 1122 explicandum
1588 1073 1688 1124 frag-

151 1144 281 1176 menta
309 1137 405 1176 nihil
433 1139 588 1189 iuuant,
617 1138 717 1175 sexti
744 1138 848 1176 enim
876 1149 997 1175 unum
1020 1149 1236 1187 paucorum
1258 1137 1472 1175 uerborum
1495 1144 1687 1188 superest,

152 1205 310 1254 septimi
338 1209 494 1254 praeter
521 1215 679 1241 causam
705 1202 919 1253 Sulpiciam
947 1202 1110 1252 nullum,
1138 1202 1241 1253 quod
1269 1202 1315 1240 ad
1343 1208 1490 1241 certam
1519 1203 1687 1255 aliquam

151 1280 235 1306 rem
263 1269 404 1307 referri
430 1269 566 1319 possit.
608 1269 738 1318 itaque
766 1268 905 1306 horum
934 1269 1143 1306 maximam
1168 1272 1319 1318 partem
1341 1268 1584 1307 orationibus
1606 1271 1688 1307 suis

149 1333 374 1384 expleuisse
407 1333 583 1384 uidetur,
617 1333 760 1384 quibus
793 1334 832 1371 in
866 1332 1121 1372 conficiendis
1156 1345 1197 1371 se
1230 1339 1430 1372 uersatum
1459 1346 1545 1373 esse
1572 1335 1689 1374 simul

150 1410 241 1437 cum
269 1399 434 1449 septimo
467 1398 567 1436 libro
601 1400 797 1449 originum
830 1398 1001 1449 parando
1034 1398 1098 1437 uel
1132 1398 1341 1437 scribendo
1375 1400 1457 1450 ipse
1488 1400 1688 1450 professus

152 1469 212 1501 est
238 1462 360 1516 (apud
388 1463 619 1502 Ciceronem
655 1463 700 1502 de
734 1470 880 1502 senect.
911 1462 976 1515 11,
1004 1460 1098 1518 38);
1138 1463 1178 1502 id
1212 1463 1315 1515 quod
1348 1465 1423 1503 etsi
1455 1466 1613 1503 omnino
1641 1466 1687 1504 ab

150 1530 348 1579 originum
389 1528 551 1567 consilio
592 1529 778 1579 desciuit,
818 1535 855 1568 et
895 1542 941 1567 ex
978 1530 1063 1567 eius
1099 1530 1219 1567 nimia
1257 1530 1318 1568 sui
1355 1529 1611 1569 admiratione
1652 1536 1687 1569 et

150 1596 411 1632 ostentatione
441 1590 551 1647 (uide
580 1595 681 1633 infra
709 1608 744 1645 p.
768 1603 866 1633 CXL.
890 1604 964 1633 CLI
980 1590 1081 1647 sqq.)
1111 1594 1253 1633 deduci
1279 1600 1408 1646 potest
1435 1601 1473 1634 et
1498 1608 1544 1634 ex
1572 1598 1688 1647 origi-

151 1672 245 1698 num
274 1658 444 1697 editione
471 1665 559 1710 post
586 1665 753 1698 mortem
782 1661 988 1710 scriptoris
1016 1660 1133 1710 sacta,
1161 1672 1236 1711 qua
1265 1673 1400 1698 omnes
1428 1662 1512 1699 eius
1540 1661 1689 1700 littera-

153 1737 238 1763 rum
274 1724 463 1775 reliquiae
492 1725 554 1763 uel
592 1725 791 1776 perfectae
824 1724 888 1763 uel
921 1725 1125 1764 incohatae
1160 1725 1232 1763 sub
1267 1725 1392 1764 aliena
1431 1727 1688 1778 inscriptione

152 1791 385 1829 coniunctae
413 1796 504 1828 sunt
531 1786 629 1842 (uid.
656 1790 758 1828 infra
786 1803 821 1841 p.
846 1799 1020 1829 CXXXIX
1035 1788 1149 1844 sqq).

242 1855 321 1893 13111
357 1867 452 1893 11610
492 1854 622 1906 Nepos
663 1855 709 1894 de
750 1855 942 1906 capitibus
982 1855 1217 1907 quibusdam
1258 1856 1492 1895 definiendis
1531 1859 1688 1896 omnino

153 1920 390 1971 desperauit.
430 1922 559 1971 pergit
580 1922 703 1959 enim:
732 1918 902 1972 ‘Atque
930 1921 1043 1960 haec
1070 1923 1224 1960 omnia
1252 1921 1552 1973 capitulatim
1581 1930 1689 1962 sunt

154 1985 291 2024 dicta.
337 1985 620 2037 reliquaque
648 1986 772 2024 bella
805 1988 907 2037 pari
940 1985 1071 2025 modo
1105 1993 1394 2037 persecutus
1434 1993 1505 2026 est
1540 2001 1689 2040 usque

153 2050 206 2088 ad
233 2057 505 2101 praeturam
534 2051 693 2090 Seruii
721 2051 909 2102 Galbae,
944 2053 1022 2102 qui
1051 2051 1255 2103 diripuit
1282 2051 1571 2103 Lusitanos',
1605 2055 1628 2093 i.
1657 2067 1688 2093 e.

153 2128 289 2154 omnes
312 2128 385 2166 165,
408 2129 503 2167 quas
525 2122 636 2155 antea
659 2123 900 2167 narrauerat,
929 2122 966 2156 et
987 2129 1064 2167 635,
1092 2130 1188 2168 quas
1210 2119 1249 2156 in
1273 2118 1397 2156 tribus
1418 2120 1556 2169 primis
1579 2119 1689 2158 libris

152 2187 193 2219 et
220 2194 316 2232 quas
343 2182 382 2219 in
410 2187 548 2232 quarto
576 2183 809 2233 quintoque,
849 2195 927 2220 non
961 2182 1086 2221 solum
1121 2182 1221 2221 bella
1254 2183 1420 2222 Poenica
1452 2186 1622 2234 primum
1653 2193 1689 2223 et

154 2246 389 2296 secundum,
435 2247 503 2285 sed
543 2248 659 2285 etiam
700 2253 847 2298 cetera,
887 2260 985 2299 quae
1026 2261 1045 2286 a
1084 2248 1226 2299 populo
1266 2248 1439 2287 Romano
1477 2262 1602 2300 usque
1642 2250 1689 2288 ad

153 2323 186 2349 a.
218 2308 312 2350 168.
339 2309 425 2351 586
460 2317 568 2362 gesta
608 2309 759 2365 5111111)
817 2314 945 2351 creuit
983 2314 1104 2363 igitur
1142 2312 1303 2364 Nepotis
1343 2313 1406 2352 uel
1445 2316 1586 2353 inertia
1625 2316 1690 2354 uel

156 2376 328 2415 taedium
362 2389 513 2415 summa
548 2390 724 2429 quaeque
758 2379 894 2429 paucis
920 2378 1055 2417 uerbis
1084 2378 1292 2429 diligenter
1325 2380 1581 2431 excerpendi,
1615 2394 1687 2432 qua

157 2443 233 2480 iam
261 2441 307 2480 ab
334 2443 458 2493 initio,
485 2448 529 2481 ut
549 2444 744 2494 originum
766 2445 1066 2494 inscriptionem
1088 2445 1430 2495 interpretaretur,
1452 2447 1689 2496 praeterisse

155 2508 344 2546 maiorem
377 2513 528 2558 partem
562 2509 748 2547 materiae
784 2510 885 2547 infra
923 2508 1296 2562 demonstrabimu33
1336 2515 1419 2549 tum
1457 2523 1552 2549 uero
1587 2511 1688 2562 quod

154 2571 236 2610 sola
261 2571 362 2610 bella
391 2576 724 2624 commemorauit,
754 2575 871 2612 etiam
899 2586 1003 2612 nuuc
1032 2576 1136 2613 inter
1163 2587 1205 2613 ea
1233 2574 1399 2626 legimus
1421 2576 1577 2614 Catonis
1606 2589 1689 2614 ora-

155 2637 273 2675 tionis
300 2650 369 2688 pro
396 2637 688 2677 Rhodiensibus
714 2639 869 2678 habitae
897 2639 1194 2691 originibusque
1228 2642 1325 2691 ipsis
1357 2640 1491 2679 uerbis
1520 2642 1689 2679 insertae

254 2789 286 2830 1>
314 2787 436 2821 Etiam
469 2787 507 2822 in
541 2788 592 2822 eie
631 2789 754 2824 uerbis
794 2800 889 2833 quae
923 2791 1128 2834 sequuntur
1163 2791 1283 2834 ‘atque
1315 2791 1440 2825 horum
1475 2790 1580 2825 duces
1618 2801 1690 2824 non

156 2841 378 2875 nominazcit’
408 2841 556 2875 omnia
583 2841 683 2876 bella
710 2843 1002 2887 comprehendit,
1028 2844 1105 2878 uid.
1132 2843 1231 2877 infra
1256 2855 1291 2887 p.
1313 2855 1406 2878 cxm.
