2002 3342
123 919 156 943 10

505 206 550 240 M.
574 205 729 240 PORCII
758 204 960 240 CATONIS
988 204 1226 241 ORIGINES.
1268 206 1308 240 fr.
1331 211 1374 241 95
1658 208 1711 249 87

178 319 310 356 citiam
340 313 634 368 relinquemus?
667 315 771 367 quod
792 315 879 354 illos
901 316 1067 355 dicimus
1088 316 1261 355 uoluisse
1290 318 1430 368 facere,
1459 317 1497 356 id
1518 330 1588 356 nos
1609 320 1712 369 prio-

181 395 243 421 res
271 383 398 421 facere
427 379 737 433 occupabinius'?
765 404 819 408 —

269 450 304 486 α’.
333 447 407 492 Qui
428 448 619 485 acerrime
635 446 826 485 aduorsus
848 458 914 485 eos
938 446 1043 497 dicit,
1064 447 1116 484 ita
1138 446 1232 484 dicit
1248 444 1394 486 ‘hostes
1409 447 1582 486 uoluisse
1598 446 1712 486 fieri’.

179 514 315 564 ecquis
348 519 407 551 est
438 511 613 562 tandem,
646 512 712 562 qui
738 517 981 559 uestrorum,
1014 510 1118 562 quod
1145 511 1191 550 ad
1219 523 1305 550 sese
1332 513 1510 563 attineat,
1545 525 1713 564 aequum

180 583 337 616 censeat.
359 589 503 628 poenas
525 576 615 614 dare
637 576 686 614 ob
708 588 793 615 eam
814 589 910 626 rem,
932 575 1035 627 quod
1050 581 1236 626 arguatur
1250 577 1494 616 malefacere
1509 576 1713 617 uoluisse?

178 655 292 681 nemo
321 644 469 693 opinor.
510 654 597 680 nam
627 654 708 692 ego,
737 641 840 692 quod
868 641 915 680 ad
941 653 1003 679 me
1031 643 1183 691 attinet,
1211 641 1343 680 nolim.
1372 665 1428 669 —

267 721 298 747 e.
326 707 427 752 Quid
454 705 588 745 nunc?
615 719 738 758 ecqua
765 705 921 745 tandem
949 706 1010 745 lex
1038 711 1097 745 est
1122 711 1202 745 tam
1229 706 1381 757 acerba,
1409 720 1505 758 quae
1534 707 1637 747 dicat
1663 705 1714 747 ‘si

178 774 266 824 quis
288 772 382 811 illud
404 773 531 811 facere
552 772 736 823 uoluerit,
763 772 870 810 mille
890 773 1021 810 minus
1045 770 1250 810 dimidium
1279 772 1446 810 familiae
1468 772 1589 812 multa
1611 778 1713 824 esto3

178 839 211 876 si
226 840 313 889 quis
327 837 415 888 plus
431 839 643 888 quingenta
665 839 799 888 iugera
817 837 963 875 hahere
978 836 1161 887 uoluerit7
1184 842 1288 875 tanta
1304 849 1429 888 poena
1445 843 1546 890 esto3
1570 839 1602 877 si
1624 839 1712 889 quis

176 905 363 941 maiorem
391 915 560 953 pecuum
587 914 796 941 numerum
823 902 968 941 habere
995 901 1184 953 uoluerit,
1218 907 1369 941 tantum
1398 902 1557 941 damnas
1585 901 1714 942 esto’?

177 969 283 1019 atqui
311 980 380 1007 nos
408 969 537 1006 onmia
563 967 676 1018 plura
703 967 848 1006 habere
876 967 1071 1018 uolumus,
1099 972 1137 1006 et
1163 967 1203 1005 id
1230 967 1343 1006 nobis
1372 969 1530 1019 impune
1558 974 1628 1007 est.
1656 991 1713 995 —-

261 1034 291 1083 f.
326 1032 403 1072 Sed
435 1035 469 1071 si
501 1033 691 1071 honorem
724 1045 802 1071 non
837 1045 1005 1084 aequum
1039 1038 1098 1071 est
1124 1032 1260 1071 haberi
1287 1032 1334 1070 ob
1363 1045 1447 1071 eam
1474 1046 1575 1084 rem,
1610 1033 1713 1084 quod

176 1098 275 1137 hene
299 1099 426 1137 facere
447 1097 621 1137 uoluisse
643 1100 731 1149 quis
755 1098 848 1137 dicit
869 1110 997 1149 neque
1020 1098 1111 1136 fecit
1133 1103 1274 1148 tamen,
1295 1097 1558 1137 Rodiensibus
1574 1098 1711 1148 oberit,

175 1162 279 1214 quod
305 1175 383 1201 non
409 1163 509 1202 male
536 1163 717 1202 fecerunt
744 1163 814 1202 sed
841 1165 932 1214 quia
958 1162 1131 1202 uoluisse
1161 1162 1347 1202 dicuntur
1373 1161 1532 1202 facere?
1561 1186 1613 1190 —

268 1266 303 1300 cl.
330 1266 374 1308 cf.
403 1267 602 1300 orationem
629 1266 868 1301 Rodiensium¹
896 1265 1102 1300 Liuianum
1123 1268 1382 1308 45‚24,2—3:
1407 1265 1621 1300 Voluntatis
1648 1277 1712 1300 no-

175 1314 273 1347 strae
299 1313 439 1348 tacitae
465 1313 570 1347 uelut
601 1313 703 1347 litem
733 1313 924 1347 aestimari
951 1313 1085 1347 uestris
1112 1313 1210 1347 inter
1235 1324 1301 1347 uos
1328 1313 1559 1348 sermonibus
1587 1313 1712 1357 audio,

173 1362 298 1404 patres
326 1361 541 1405 conscripti:
570 1360 708 1394 fauisse
735 1371 801 1394 nos
828 1361 907 1406 regi
933 1362 970 1395 et
995 1360 1099 1394 illum
1125 1360 1274 1395 uincere
1294 1360 1481 1403 maluisse,
1507 1361 1591 1395 ideo
1611 1361 1710 1396 bello

173 1408 447 1452 persequendos
480 1419 558 1442 esse
585 1408 740 1442 credunt
768 1408 833 1442 alii
860 1410 1041 1450 uestrum3
1076 1407 1140 1442 alii
1168 1408 1330 1443 uoluisse
1358 1408 1511 1452 quidem
1536 1419 1602 1443 nos
1630 1408 1709 1450 hoc,

174 1466 247 1489 non
274 1457 399 1490 tamen
420 1455 465 1490 ob
492 1455 531 1489 id
556 1455 654 1490 bello
675 1455 950 1500 persequendos
972 1467 1068 1491 esse:
1095 1466 1215 1499 neque
1236 1455 1401 1490 moribus
1422 1466 1542 1500 neque
1562 1455 1710 1500 legibus

174 1502 285 1537 ullius
313 1503 479 1537 ciuitatis
506 1503 560 1538 ita
581 1504 824 1547 conparatum
845 1514 936 1546 esse,
962 1504 1015 1547 ut,
1043 1503 1074 1537 si
1097 1503 1160 1548 qui
1181 1503 1274 1538 uelit
1299 1503 1491 1538 inimicum
1519 1504 1653 1548 perire,
1680 1505 1711 1538 si

173 1550 269 1584 nihil
295 1550 435 1593 fecerit,
462 1562 534 1594 quo
562 1550 600 1584 id
627 1550 702 1592 fiat,
731 1550 866 1595 capitis
894 1551 1101 1585 damnetur.

269 1609 294 1632 e.
322 1599 422 1633 Fest.
442 1610 469 1633 s.
490 1610 526 1633 u.
540 1610 699 1643 pecuum
712 1610 751 1642 p.
767 1601 842 1633 246
857 1600 933 1633 M..·
959 1598 1122 1632 Pecuum
1143 1609 1227 1632 cum
1248 1598 1344 1632 dixit
1364 1598 1412 1632 M.
1435 1597 1543 1632 Cato
1565 1610 1630 1643 per
1650 1609 1711 1633 ca-

174 1657 255 1679 sum
281 1645 498 1689 genetiuum
525 1656 546 1679 a
572 1645 753 1690 singulari
774 1656 882 1680 casus
902 1646 994 1680 recti
1020 1645 1209 1688 formauit,
1237 1656 1309 1690 quo
1330 1645 1532 1680 utebantur
1553 1645 1711 1690 antiqui,

174 1693 212 1726 id
239 1695 295 1727 est
320 1704 423 1737 pecu.

265 1795 286 1829 2
317 1795 598 1842 occupauimus
626 1793 748 1831 VRP

263 1852 298 1895 cl,
322 1853 345 1889 3
374 1852 584 1890 accerrime
611 1854 648 1890 P
705 1852 895 1890 aduersus
923 1853 1014 1890 libri
1074 1853 1206 1890 hostes
1235 1852 1271 1889 V
1293 1855 1396 1891 ostes
1422 1854 1460 1891 R
1487 1853 1598 1893 hoste
1618 1854 1656 1890 P

175 1913 198 1947 4
233 1913 271 1948 et
304 1913 392 1960 quis
425 1913 516 1951 libri
554 1912 686 1961 ecquis
716 1912 886 1950 Grouou.
948 1914 1171 1950 uestrorum
1205 1913 1273 1961 qui
1307 1911 1478 1950 G'wnou.
1505 1913 1551 1950 de
1581 1915 1708 1960 forma

174 1973 395 2009 uestrorum
416 1983 490 2018 pro
517 1973 694 2009 uestrum
720 1973 800 2009 uid.
823 1971 932 2009 Neue
957 1972 1153 2009 Formeozl.
1174 1966 1251 2008 112
1263 1984 1305 2019 2).
1323 1972 1407 2009 185
1472 1985 1615 2021 equum
1640 1972 1715 2009 ΓΡ

174 2036 249 2078 equ
269 2031 306 2067 R
430 2031 452 2067 5
482 2031 709 2080 quempiam
735 2034 823 2068 ante
849 2043 996 2079 poenas
1024 2031 1113 2068 add.
1134 2031 1239 2078 uuly.

263 2101 291 2136 c,
319 2091 339 2125 7
369 2090 464 2137 quin
491 2102 594 2127 nunc
619 2091 657 2127 R
719 2092 757 2126 et
785 2102 864 2139 qua
891 2090 962 2127 VP
984 2092 1022 2127 et
1049 2103 1149 2139 quae
1176 2090 1209 2127 R
1236 2091 1340 2138 uuly.
1367 2103 1490 2139 ecqua
1514 2091 1650 2139 Meyer

175 2150 198 2185 8
227 2148 334 2185 mille
361 2148 490 2186 minus
513 2150 628 2187 VPR
666 2145 770 2199 <ne>
796 2150 927 2186 minus
951 2149 990 2187 O.
1013 2149 1060 2186 F.
1080 2150 1139 2187 W.
1160 2149 1309 2187 Mulier
1340 2150 1448 2187 mille
1475 2151 1626 2188 nummi
1653 2149 1708 2187 di-

173 2207 338 2245 midium
364 2209 468 2255 nul-(7.
490 2208 596 2246 codd.
616 2210 852 2256 scripturam
879 2210 962 2246 iure
986 2220 1056 2246 suo
1083 2209 1201 2246 tuitus
1228 2211 1280 2246 esi
1300 2209 1349 2245 E.
1364 2209 1546 2247 Huschke
1566 2210 1614 2255 cf.
1635 2210 1708 2247 tab.

174 2268 335 2304 Bantia.
362 2279 399 2304 u.
423 2270 477 2305 12
506 2267 546 2305 C.
567 2267 602 2305 I.
622 2268 671 2305 L.
698 2268 783 2315 ΙΙ).
806 2268 861 2305 45
890 2271 923 2305 et
952 2269 1171 2305 Mommsen
1199 2267 1366 2309 Staa-tsr.
1386 2262 1435 2304 I3
1454 2270 1596 2316 p.179
1659 2282 1710 2307 m.

174 2324 286 2363 esto‘?
314 2326 390 2364 VR
490 2328 512 2365 9
541 2326 655 2364 abere
682 2328 720 2364 R
816 2329 924 2365 9.1Ο
951 2327 1311 2365 tanta—uoluerit
1339 2328 1378 2364 in
1403 2328 1446 2365 P.
1472 2329 1515 2365 in
1540 2340 1614 2375 my.
1641 2329 1709 2366 acl-

173 2385 325 2423 diderat
348 2398 397 2422 m.
417 2398 500 2433 pr„
531 2398 635 2424 nunc
667 2389 793 2424 tamen
820 2388 995 2435 maryinc
1025 2388 1250 2424 circmncisa
1277 2387 1368 2424 haec
1395 2389 1561 2425 eoestant:
1595 2388 1709 2424 tanta

174 2457 275 2493 pena
302 2457 340 2482 es
358 2439 362 2496 Ι
380 2446 529 2483 maiore
554 2452 683 2495 pecul-1
699 2443 703 2498 Ι
720 2440 832 2483 hab’e
854 2441 1013 2497 uolucri
1061 2448 1100 2483 et
1120 2445 1154 2483 si
1174 2447 1262 2495 quis
1290 2445 1392 2493 uuly.
1482 2447 1535 2484 10
1563 2445 1708 2485 damna

173 2504 281 2541 ΕΡ·
318 2504 489 2554 dampna
511 2505 575 2541 ἶμ
611 2505 746 2542 damni
778 2506 881 2553 uulq.
906 2517 1001 2543 corr.
1031 2505 1195 2542 Vrsinus
1322 2509 1369 2543 11
1408 2508 1526 2554 atque
1559 2505 1649 2544 libri

174 2563 303 2611 pluria
329 2564 428 2601 Roth
454 2564 535 2602 coll.
565 2564 660 2602 Gell.
687 2565 808 2608 5,21.
827 2567 851 2602 6

263 2623 291 2669 f,
316 2625 366 2659 12
388 2635 532 2672 equum
554 2624 630 2660 ΓΡ
646 2627 720 2672 equ
739 2625 777 2661 R
867 2626 917 2662 13
941 2623 1086 2661 dicitur
1105 2624 1158 2660 H.
1173 2624 1208 2661 I.
1230 2624 1398 2661 „Mueller
1459 2623 1606 2661 taberit
1630 2623 1708 2661 VR

177 2680 376 2718 *aberitP
409 2694 486 2720 non
507 2682 635 2720 aberit
654 2678 710 2720 Ρ2
736 2682 863 2721 oberit
877 2683 1110 2720 Lambeeins
1135 2683 1238 2720 male
1259 2682 1335 2720 erit
1355 2682 1557 2730 Scioppius
1582 2695 1706 2720 noxae

181 2740 255 2777 erit
281 2740 362 2778 Iac.
386 2740 620 2785 Gronouius,
648 2742 769 2780 Hertz
788 2741 928 2789 (Vina.
953 2741 1048 2780 Geli.
1071 2742 1134 2779 alt.
1155 2754 1197 2790 p.
1225 2742 1297 2789 54)
1324 2741 1364 2779 id
1391 2736 1511 2794 (nunc
1539 2737 1707 2794 Hosius)

174 2799 300 2836 oberit
326 2800 489 2844 Jordan,
515 2814 593 2839 non
620 2801 934 2839 oberit—facere
955 2802 1191 2845 anmsen,
1224 2813 1287 2849 eqo
1314 2803 1479 2849 commui
1505 2802 1550 2839 de
1576 2800 1708 2839 fraudi

172 2858 250 2895 erit
374 2861 425 2896 14
454 2855 511 2908 qd'
542 2857 565 2896 fi
589 2860 624 2897 V
628 2861 704 2898 PR
767 2860 861 2909 quia
888 2861 958 2899 del.
980 2861 1199 2898 Mommsen
