2002 3342
307 176 367 211 111.
396 175 492 218 QVA
519 174 628 209 FIDE
657 173 756 208 HAE
782 171 1043 214 RELIQVIAE
1071 171 1360 206 DIGNANDAE
1387 172 1494 206 sim*
1557 186 1671 215 Lxm

137 295 266 327 tamen
288 287 498 338 pleraeque
520 284 681 323 obrutae
704 288 807 322 sunt.
846 282 956 322 uelut.
985 282 1238 321 Charisius
1266 282 1477 321 multarum
1501 284 1670 333 partium

138 354 268 404 operis
295 353 355 391 sui
378 356 498 390 testes
525 350 744 388 nominauit
764 348 880 386 Plinii
909 347 1017 386 dubii
1045 349 1242 386 sermonis
1270 347 1403 398 libros,
1432 353 1513 386 tum
1540 347 1670 385 Palae-

138 430 305 467 monem,
333 416 618 465 Cominianum,
645 415 712 465 qui
737 426 781 452 ex
804 412 885 451 solo
907 412 1084 450 Charisio
1106 412 1219 450 nobis
1239 418 1355 450 notus
1377 417 1447 462 est,
1475 412 1671 450 Statilium

138 483 365 531 Maximum,
394 480 534 519 Iulium
562 479 798 528 Romanum,
825 490 942 529 quem
971 479 1005 516 ei
1034 478 1255 528 proximum
1284 478 1405 516 fuisse
1432 478 1518 516 ueri
1546 477 1672 515 simile

139 553 214 598 est,
241 553 285 585 ut
310 546 480 585 Plinium
508 545 845 596 antiquissimum3
885 555 956 594 per
982 555 1080 594 quos
1107 548 1236 581 tamen
1264 544 1426 580 materia
1455 544 1539 581 eius
1567 544 1672 593 prin-

139 612 277 664 cipalis
303 617 515 663 propagata
542 612 593 648 sit
618 621 743 660 usque
771 608 818 647 ad
846 607 986 646 Iulium
1013 607 1231 646 Romanum
1258 607 1321 645 uel
1343 607 1576 657 Charisium,
1604 619 1675 658 per

139 690 237 729 quos
266 676 421 715 aliunde
447 676 544 714 haec
573 674 818 726 amplificata,
846 675 1084 724 ignoramus.
1130 685 1229 723 quae
1255 672 1464 710 difficultas
1492 684 1540 710 ne
1567 672 1673 710 Dio-

138 742 270 781 mede
293 741 452 793 quidem
473 745 696 791 comparato
719 738 896 777 soluitur.
930 751 1020 776 nam
1037 750 1273 789 quamquam
1290 737 1470 775 diuersos
1492 742 1672 775 auctores

139 807 347 858 primarios
374 805 656 855 adhibuerunt,
683 816 820 842 eorum
849 803 1025 842 doctrina
1052 805 1260 841 maximam
1288 807 1440 853 partem
1468 803 1674 852 consentit,

138 877 182 911 ut
208 871 365 910 traditio
394 871 550 909 illorum
578 870 924 920 grammaticorum
956 880 1079 920 pauca
1113 873 1287 906 mutasse
1320 866 1513 906 uideatur.
1563 868 1602 904 in
1631 879 1674 904 ea

140 950 182 976 re
210 938 339 988 potius
368 935 572 986 differunt,
609 934 713 986 quod
739 934 947 973 Diomedes
980 934 1185 972 materiam
1213 932 1259 971 ab
1288 932 1374 970 aliis
1402 931 1675 970 subministra-

141 1008 218 1041 tam
246 1003 374 1053 aptius
403 1001 595 1052 disposuit
622 1005 659 1038 et
686 999 896 1050 ordinauit,
923 999 1126 1037 Charisius
1153 997 1364 1049 ampliores
1391 997 1602 1048 particulas
1627 996 1673 1035 ab

141 1067 219 1106 illis
246 1072 447 1105 mutuatus
474 1072 543 1105 est.
592 1078 668 1117 quo
696 1066 840 1104 sactum
870 1070 940 1115 est,
967 1070 1010 1103 ut
1036 1065 1077 1102 in
1103 1062 1239 1102 uerbis
1260 1062 1530 1113 exemplorum
1552 1067 1676 1100 trans-

141 1132 317 1171 ferendis
343 1132 409 1170 hic
436 1133 583 1170 maiore
612 1130 811 1181 diligentia
838 1143 933 1168 usus
961 1131 1013 1168 sit
1038 1141 1154 1181 quam
1180 1128 1257 1167 ille.
1302 1128 1583 1166 Priscianus
1612 1127 1676 1165 de-

142 1199 260 1249 nique
293 1197 360 1235 ubi
392 1196 639 1248 Apollonium
671 1195 880 1247 Dyscolum
914 1200 953 1234 et
984 1193 1251 1233 Herodianum
1285 1205 1373 1232 cum
1411 1193 1677 1243 grammaticis

142 1262 291 1301 Latinis
325 1263 624 1312 contaminauit,
663 1266 821 1312 praeter
847 1260 1071 1299 Charisium
1104 1260 1273 1297 maxime
1300 1258 1480 1296 Flauium
1507 1257 1677 1308 Caprum

143 1329 280 1366 citauit
306 1328 585 1378 cohortemque
613 1339 632 1365 a
661 1326 838 1365 Charisio
867 1325 1075 1364 diuersam.

231 1393 275 1431 In
309 1391 448 1431 Nonii
481 1399 682 1442 stuporem
716 1396 754 1430 et
786 1391 987 1429 leuitatem
1021 1389 1109 1428 nolo
1144 1401 1248 1428 nunc
1277 1401 1320 1427 ea
1348 1400 1424 1440 qua
1452 1387 1592 1438 dignus
1619 1392 1679 1425 est

143 1457 411 1508 indignatione
438 1457 584 1496 inuehi.
631 1469 695 1495 res
722 1462 812 1495 nota
845 1462 905 1495 est
938 1454 1206 1506 exemplisque
1241 1456 1358 1493 etiam
1385 1455 1425 1492 in
1450 1453 1525 1491 hoc
1551 1453 1678 1503 capite

145 1529 183 1562 et
208 1524 248 1561 in
270 1535 315 1562 eo
342 1522 443 1573 quod
470 1522 516 1561 de
538 1522 703 1561 Sisenna
726 1527 915 1573 sequetur
936 1519 1245 1570 confirmabitur,
1273 1518 1371 1557 illud
1392 1530 1497 1557 nunc
1517 1530 1678 1568 occupo,

144 1601 190 1626 ex
219 1601 287 1627 sua
315 1590 478 1627 scientia
506 1593 545 1627 et
570 1587 737 1626 lectione
765 1599 888 1638 pauca
916 1599 1005 1624 eum
1034 1584 1232 1624 addidisse
1260 1586 1499 1634 omninoque
1526 1595 1566 1621 se
1589 1594 1678 1620 con-

144 1655 310 1692 tinuisse
331 1655 434 1692 intra
454 1653 642 1691 Hadriani
663 1653 800 1690 aetatis
822 1653 1037 1702 scriptores
1058 1646 1382 1702 excerpendos1),
1403 1649 1680 1700 grammaticos

145 1724 183 1757 et
203 1719 444 1769 scholiastas,
459 1725 542 1757 tum
558 1717 739 1768 Gellium,
755 1717 973 1768 Apuleium,
990 1715 1212 1754 Gadullium
1230 1714 1502 1764 (Gallicanum,
1524 1709 1680 1766 semel),

146 1797 220 1835 qua
253 1784 412 1835 quidem
446 1785 487 1822 in
523 1795 643 1834 opera
678 1784 912 1833 grauissima
949 1783 1033 1820 eius
1070 1780 1271 1819 socordiae
1309 1780 1532 1818 testimonia
1564 1783 1679 1829 atque

146 1850 262 1887 etiam
302 1849 468 1900 fraudis,
508 1861 581 1900 qua
617 1847 732 1886 Gellii
770 1860 883 1886 usum
922 1847 1147 1886 obscurauit
1188 1846 1321 1896 (Hertz
1354 1845 1376 1883 l.
1404 1857 1432 1883 s.
1459 1857 1494 1895 p.
1523 1840 1578 1882 98
1597 1856 1680 1895 sqq.

150 1912 229 1953 131
249 1927 331 1966 sqq.
365 1914 444 1953 uid.
466 1915 568 1952 infra
594 1913 639 1953 de
662 1909 860 1966 Sisenna),
888 1912 1108 1951 manufesta
1135 1917 1237 1962 sunt,
1265 1911 1333 1949 sed
1361 1911 1477 1949 etiam
1505 1908 1681 1960 exempla

146 1981 224 2018 iam
251 1980 297 2019 ab
325 1980 410 2019 aliis
437 1979 598 2018 collecta
631 1985 670 2018 et
705 1978 911 2030 explicata,
951 1990 1039 2016 cum
1074 1989 1119 2016 ea
1151 1989 1268 2028 saepe
1299 1975 1399 2014 male
1435 1974 1683 2025 intellegeret

149 2040 284 2099 (Hertz
311 2045 334 2084 l.
356 2058 384 2084 s.
406 2058 441 2096 p.
459 2043 510 2084 87
529 2041 633 2098 sqq.)
661 2050 699 2083 et
725 2045 866 2082 inscite
894 2048 1108 2094 truncaret,
1134 2041 1284 2081 eisdem
1303 2042 1412 2080 uitiis
1433 2040 1581 2078 infecit.
1615 2052 1681 2090 op-

146 2116 314 2162 portune
340 2111 460 2161 igitur
486 2110 639 2161 accidit,
666 2109 770 2161 quod
797 2121 886 2148 cum
906 2108 1107 2160 plerisque
1129 2106 1322 2158 capitibus
1343 2112 1472 2145 certos
1492 2104 1682 2156 quosdam

149 2181 328 2214 auctores
368 2175 630 2217 substrueret.
679 2187 794 2226 saepe
834 2174 881 2213 ad
922 2174 1054 2212 doctos
1095 2173 1382 2223 diligentesque
1422 2170 1572 2209 delatus
1611 2175 1681 2208 est.

151 2240 360 2280 diuersitas
381 2246 511 2279 autem
532 2242 680 2279 ueteris
706 2240 886 2279 lectionis
906 2240 1023 2278 etiam
1044 2251 1150 2277 nunc
1171 2237 1441 2276 diuersitatem
1463 2236 1682 2274 recentium

150 2306 481 2345 collectaneorum
507 2306 665 2345 indicat.
710 2305 819 2344 uelut
846 2305 1036 2344 Sisennae
1068 2304 1255 2342 historiae
1289 2302 1335 2341 ab
1363 2314 1426 2353 eo,
1459 2302 1570 2339 cuius
1599 2299 1682 2338 dili-

151 2373 281 2422 gentia
308 2371 459 2410 Nonius
485 2372 527 2410 in
554 2371 748 2422 capitibus
774 2371 789 2409 Ι
817 2376 856 2409 et
882 2370 915 2408 ΙΙ
941 2382 1037 2408 usus
1065 2374 1138 2419 est,
1174 2367 1303 2406 dedita
1331 2379 1449 2418 opera
1476 2370 1682 2416 excerptae

152 2442 260 2486 sunt,
294 2449 419 2488 exque
447 2438 504 2476 eis
531 2436 603 2475 soli
629 2436 720 2474 libri
746 2436 798 2474 Ill
826 2442 863 2475 et
888 2435 946 2485 IV,
979 2436 1019 2473 in
1054 2440 1183 2473 cetera
1217 2433 1393 2484 dispersa
1420 2444 1555 2470 earum
1583 2431 1683 2480 frag-

151 2508 281 2541 menta
308 2515 379 2553 per
406 2502 501 2540 alios
529 2501 677 2540 riuulos
704 2505 993 2552 peruenerunt3
1017 2499 1215 2551 praelatus
1243 2503 1302 2537 est
1329 2497 1548 2536 Sallustius.

240 2567 287 2606 Vt
312 2566 462 2605 Nonius
490 2569 546 2605 sic
573 2568 689 2605 etiam
716 2566 984 2605 Macrobius
1012 2567 1051 2603 in
1080 2563 1352 2602 Saturnalibus
1380 2575 1400 2600 a
1422 2561 1535 2600 Gellii
1562 2561 1683 2598 nocti-

153 2632 226 2671 bus
253 2645 433 2683 exorsus,
466 2633 540 2671 etsi
565 2638 733 2683 uterque
761 2632 845 2670 eius
872 2642 1015 2669 nomen
1043 2630 1281 2680 suppressit,
1315 2628 1440 2666 aliena
1465 2626 1606 2664 horrea
1633 2626 1684 2663 ita

153 2697 390 2749 compilauit,
416 2703 459 2736 ut
486 2710 601 2748 quam
628 2697 818 2748 plurimas
846 2703 884 2735 et
909 2696 1163 2747 grauissimas
1189 2695 1443 2732 auctoritates
1469 2695 1686 2730 ostentaret

252 2838 283 2880 l)
310 2835 349 2870 L.
370 2834 529 2870 Mueller
552 2835 705 2869 Aduers.
726 2834 824 2869 Non.
844 2846 879 2878 p.
901 2836 968 2867 249
985 2844 1064 2876 sqq.
1114 2832 1226 2867 Hertz
1255 2831 1345 2865 Gen.
1365 2842 1400 2874 p.
1422 2831 1596 2863 85—146.
