2002 3342
258 168 313 209 82
892 164 1153 207 RELIQVIAE

347 274 423 317 87.
463 279 555 316 Gell.
578 278 616 325 ἑ),
632 277 700 325 19,
715 277 752 315 9.
792 276 839 315 M.
863 276 954 315 Cato
982 278 1022 315 in
1049 282 1187 327 quarto
1214 278 1427 328 originum:
1454 277 1601 316 Deinde
1624 277 1788 318 dictator

259 343 368 382 iubet
393 341 584 394 postridie
610 343 843 393 magistrum
871 342 1047 393 equitum
1074 343 1238 380 arcessi:
1273 340 1436 380 ‘Mittam
1463 347 1513 393 te,
1540 344 1574 381 si
1599 344 1673 394 uis,
1700 356 1789 382 cum

260 405 488 460 equitibus'.
529 406 632 446 ‘sero
660 405 747 457 est'‚
774 408 903 458 inquit
928 408 1117 457 magister
1143 408 1331 458 equitum,
1360 406 1451 446 ‘iam
1479 405 1711 447 resciuere’.

347 469 451 512 88*.
486 474 589 512 Pleu.
610 485 648 511 n.
668 474 706 511 h.
727 472 848 521 8,]1.
893 472 1097 523 Antipater
1129 478 1264 510 auctor
1297 477 1356 510 est
1389 472 1486 511 duos
1517 470 1790 525 [elephantos]

255 538 446 577 Antiocho
473 539 557 588 regi
583 539 623 576 in
650 536 803 576 bellicis
825 537 964 576 usibus
986 536 1162 576 celebres
1184 539 1301 576 etiam
1322 537 1622 588 cognominibus
1649 539 1787 591 suisse3

257 605 402 642 etenim
430 615 577 642 nouere
605 614 660 641 ea.
707 608 813 641 certe
841 602 946 653 Cato,
974 615 1062 640 cum
1088 603 1372 653 imperatorum
1399 604 1558 641 nomina
1585 603 1790 642 annalibus

257 668 481 719 detraxerit,
509 680 599 707 eum
620 669 688 719 qui
709 668 923 706 fortissime
944 667 1158 718 proeliatus
1179 672 1284 706 esset
1304 669 1343 706 in
1364 667 1509 706 Punica
1531 669 1625 719 acie,
1647 668 1791 707 Surum

255 733 418 772 tradidit
442 739 626 772 uocatum
654 733 776 772 altero
805 733 920 771 dente
947 732 1136 771 mutilato.

347 795 477 837 89²&
511 800 625 838 Seru.
649 800 832 846 (auctus)
854 800 911 837 ad
929 800 1028 837 Aen.
1049 798 1088 848 3,
1106 799 1199 836 707.
1241 797 1334 836 Cato
1355 797 1561 848 pluraliter
1581 798 1676 836 haec
1696 797 1790 836 Dre-

255 877 355 916 pana
383 864 489 903 dicit.

345 926 423 969 90.
458 930 661 968 Priscian.
678 928 704 966 5¹
718 941 760 978 p.
776 928 862 967 382
878 930 925 967 H.
966 927 1059 966 Cato
1080 929 1120 966 in
1142 928 1188 966 IV
1209 929 1423 978 originum:
1446 927 1529 966 Duo
1551 928 1685 967 exules
1705 928 1790 979 lege

255 994 412 1046 publica
433 1024 592 1032 ......
617 999 655 1032 et
682 995 870 1032 execrari.

256 1114 345 1147 que,
379 1104 421 1136 ut
446 1104 553 1136 tanto
586 1101 803 1147 perfunctus
832 1101 930 1136 bello
958 1101 1031 1135 diei
1060 1102 1158 1145 quod
1185 1101 1369 1145 reliquum
1397 1103 1494 1136 esset
1519 1102 1712 1145 noctisque
1739 1102 1793 1136 111-

256 1150 446 1193 sequentis
474 1149 638 1193 quietem
666 1151 703 1183 et
728 1150 808 1193 ipse
836 1149 908 1184 sibi
929 1151 1092 1184 sumeret
1112 1151 1149 1183 et
1168 1148 1275 1183 fessis
1296 1149 1404 1183 dareb
1423 1148 1617 1193 militibus,
1644 1149 1793 1183 Mahar-

255 1198 329 1241 bal7
358 1198 568 1242 praefectus
594 1197 778 1241 equitum,
809 1196 961 1230 minime
989 1197 1209 1231 cessandum
1234 1198 1338 1230 ratus
1367 1196 1494 1230 ‘immo
1520 1198 1577 1239 ut,
1605 1196 1696 1241 quid
1722 1196 1792 1231 hac

254 1255 382 1290 pugna
415 1244 464 1278 sit
490 1246 631 1287 acbum,
658 1244 771 1288 scias,
804 1244 864 1278 die
891 1244 1036 1287 quinto’
1065 1244 1189 1288 inquit
1217 1243 1352 1278 ‘uictor
1383 1244 1421 1277 in
1448 1244 1633 1288 Capitolio
1664 1244 1792 1289 epula-

255 1292 364 1326 beris.
404 1302 573 1335 sequere:
608 1303 691 1326 cum
718 1291 860 1335 equite,
897 1292 939 1325 ut
970 1291 1072 1336 prius
1105 1291 1253 1326 uenisse
1285 1302 1397 1335 quam
1429 1293 1627 1325 uenturum
1661 1292 1791 1336 sciant,

255 1340 504 1384 praecedam'.
546 1338 751 1374 Hannibali
771 1339 882 1373 nimis
908 1339 1009 1373 laeta
1029 1349 1087 1373 res
1114 1340 1171 1374 est
1197 1339 1278 1373 uisa
1304 1339 1496 1382 maiorque
1517 1349 1628 1382 quam
1648 1341 1690 1373 ut
1710 1350 1792 1373 eam

257 1387 384 1422 statim
411 1397 542 1431 capere
570 1387 694 1421 animo
727 1389 864 1431 posset.
904 1386 1031 1430 itaque
1058 1386 1293 1421 uoluntatem
1321 1398 1357 1420 se
1384 1385 1539 1420 laudare
1566 1386 1792 1421 Maharbalis

257 1435 321 1479 ait,
349 1435 397 1468 ad
425 1434 621 1468 consilium
647 1434 881 1479 pensandum
907 1433 1084 1479 temporis
1111 1445 1204 1478 opus
1231 1445 1320 1469 esse.
1360 1436 1439 1468 tum
1463 1434 1674 1468 Maharbal:
1704 1434 1791 1468 ‘non

256 1482 381 1517 omnia
413 1482 589 1516 nimirum
615 1481 737 1516 eidem
770 1481 809 1515 di
835 1482 986 1516 dedere:
1018 1481 1169 1516 uincere
1195 1481 1282 1524 scis,
1315 1481 1522 1524 Hannibal,
1552 1481 1712 1516 uictoria
1736 1482 1793 1516 uti

256 1529 405 1564 nescis'.
445 1540 548 1564 mora
574 1529 653 1563 eius
681 1528 756 1564 diei
783 1529 875 1564 satis
903 1529 1066 1564 creditur
1092 1529 1206 1563 saluti
1232 1529 1347 1563 fuisse
1373 1529 1457 1563 urbi
1484 1530 1597 1573 atque
1623 1529 1791 1573 imperio.

256 1589 299 1612 ex
319 1577 433 1613 Liuio
449 1578 565 1612 Valer.
583 1578 691 1612 Max.
706 1580 741 1620 9,
754 1579 775 1611 5
795 1582 863 1612 eoet.
879 1579 912 1611 3.
946 1577 1049 1612 Flor.
1066 1581 1097 1620 1,
1108 1580 1158 1612 22
1171 1578 1229 1622 [2,
1244 1577 1300 1623 6],
1317 1580 1371 1612 19.
1401 1577 1622 1612 Plutarchus
1636 1577 1730 1612 Fab.
1747 1580 1793 1612 17

256 1626 420 1660 Baream
446 1625 659 1660 Hannibali
684 1626 959 1669 exprobrantem
983 1626 1075 1668 facit
1101 1636 1180 1660 eum
1206 1626 1364 1660 uictoria
1389 1626 1446 1659 uti
1469 1625 1613 1659 nescire.

353 1672 417 1707 89.
448 1673 500 1715 Cf.
524 1672 649 1707 Fami.
671 1672 718 1715 fr.
740 1675 772 1706 3.

353 1719 418 1754 90.
450 1720 628 1765 Quamuis
658 1731 714 1755 res
745 1721 793 1754 sit
824 1719 955 1762 dubia,
988 1724 1108 1754 tamen
1141 1719 1363 1762 adscribam,
1390 1730 1481 1763 quae
1506 1720 1648 1754 Jordan
1670 1730 1706 1763 p.
1729 1729 1799 1754 LIV

257 1768 463 1812 expiscatus
495 1771 554 1802 est.
598 1769 631 1802 is
659 1768 753 1802 euim
780 1767 931 1802 eandem
955 1777 1028 1801 rem
1059 1767 1117 1800 hic
1144 1771 1338 1801 uari-atam
1363 1778 1435 1802 esse
1460 1778 1484 1800 a
1511 1767 1645 1802 Catone
1670 1767 1794 1802 emisti-

257 1819 332 1850 mat
364 1826 473 1859 quam
505 1826 528 1848 a
556 1815 717 1850 Varrone
749 1815 850 1858 apud
881 1815 1021 1849 Donat.
1046 1815 1184 1849 Terent.
1206 1815 1306 1849 Eun.
1327 1817 1369 1856 2,
1382 1816 1424 1857 2,
1437 1816 1486 1848 25
1508 1815 1552 1856 (I
1562 1826 1598 1858 p
1614 1816 1686 1848 322
1702 1814 1794 1858 W.):

256 1863 373 1897 Varro
407 1863 654 1896 humanarum
686 1872 825 1896 re1·:um
864 1861 1064 1896 Numerius
1096 1861 1270 1907 Equitius
1303 1861 1463 1906 Cuppes
1496 1860 1635 1905 inquit,
1670 1863 1706 1896 et
1732 1861 1793 1895 Μ.

256 1909 435 1944 Macellus
475 1909 656 1953 singulari
695 1909 893 1943 latrocinio
932 1908 1052 1943 multa
1089 1908 1172 1943 loca
1209 1900 1423 1943 habuerunb
1453 1890 1716 1943 infestabis
1749 1909 1794 1942 in

258 1957 445 1992 exilium
481 1957 602 1991 actis
634 1957 750 1991 bona
782 1956 1022 2001 publicata
1051 1958 1155 1990 sunt
1182 1958 1225 1990 et
1252 1956 1386 1990 aedes
1412 1956 1489 1990 ubi
1514 1956 1794 1991 habitabant

258 2005 459 2049 dirutae,
486 2015 579 2048 eque
606 2015 650 2039 ea
676 2004 837 2049 pecunia
864 2004 987 2038 scalae
1009 2004 1118 2038 deum
1139 2004 1333 2048 penatium
1360 2003 1580 2038 aedificatae
1607 2005 1703 2047 sunt,
1729 2004 1794 2038 ubi

256 2052 493 2095 habitabant,
521 2052 635 2096 100110,
661 2051 727 2086 ubi
753 2051 925 2086 uenirent
950 2062 994 2086 ea
1020 2062 1116 2096 quae
1142 2051 1318 2086 uescendi
1345 2062 1459 2086 causa
1480 2051 1517 2085 in
1539 2050 1667 2085 urbem
1688 2053 1796 2086 erant

257 2100 385 2135 allata.
425 2100 553 2143 itaque
580 2099 626 2133 ab
654 2099 772 2134 altero
798 2099 1010 2141 macellum,
1038 2099 1084 2133 ab
1113 2098 1230 2133 altero
1256 2099 1378 2133 forum
1399 2097 1626 2143 Cuppedinis
1654 2100 1710 2133 est
1730 2109 1794 2143 ap-

256 2147 449 2192 pellatum.
490 2147 573 2182 Hoc
598 2158 683 2182 uero
708 2149 848 2191 factum
875 2152 925 2182 est
951 2147 1059 2181 Festo
1086 2150 1247 2189 auctore,
1274 2147 1337 2190 qm·
1362 2147 1511 2181 eandem
1536 2158 1608 2181 rem
1628 2159 1666 2191 p.
1689 2149 1737 2180 43
1763 2151 1796 2181 et

258 2198 329 2230 125
354 2195 550 2230 secundum
573 2196 770 2230 Varronem
796 2195 971 2239 eoeposuit,
1002 2194 1046 2229 ab
1073 2195 1229 2229 Aemilio
1255 2199 1288 2229 et
1313 2194 1454 2229 Fuluio
1480 2195 1696 2237 censoribus,
1722 2195 1745 2228 i.
1766 2205 1793 2228 e.

258 2254 356 2277 aurio
379 2245 461 2277 179.
483 2245 555 2277 575
582 2247 613 2277 et
638 2246 742 2278 eaetra
768 2243 893 2287 quarti
918 2243 1102 2287 oriyirzum
1129 2242 1214 2276 libri
1238 2242 1328 2284 fines
1349 2243 1510 2286 positum
1536 2246 1595 2276 est.

350 2344 427 2399 87,
458 2350 480 2386 2
509 2350 601 2397 post
626 2348 743 2386 tiidie
767 2349 843 2386 VR
853 2360 876 2391 ς
901 2349 1060 2397 postero
1089 2348 1150 2385 die
1179 2359 1202 2392 ς
1265 2347 1409 2385 accersi
1429 2358 1530 2394 pars
1556 2347 1618 2384 lib.
1639 2359 1712 2386 rec.

351 2463 427 2518 88,
458 2469 479 2504 7
509 2469 662 2505 sutrum
696 2467 855 2505 Vindob.

349 2521 409 2563 89
441 2528 585 2565 exbibet
610 2527 730 2564 Berri.
751 2526 793 2564 F

349 2581 424 2636 90,
454 2587 505 2623 11
535 2586 662 2636 legem
690 2585 871 2633 (Ji-(uter)
997 2587 1048 2623 12
1076 2584 1279 2635 publicam
1308 2584 1376 2622 Gr.
1412 2584 1612 2633 puplicam
1637 2583 1794 2632 S(ariy.)

260 2644 437 2693 K(arol.)
500 2646 536 2682 01
571 2640 761 2695 execrari]
795 2640 1118 2692 B(eo·ozs.)'Gr.K
1151 2646 1190 2682 et
1223 2645 1415 2681 exsecrari
1442 2643 1721 2691 H(alberst.)S
1757 2645 1796 2681 et

259 2704 454 2742 execrari*
482 2704 623 2742 Bamb.
663 2706 703 2741 ei,
735 2703 926 2742 execrassi
959 2700 1158 2751 (Pam-9131
1198 2704 1371 2740 execrari
1401 2697 1522 2741 R²B²
1536 2702 1693 2750 (Hertz)
1732 2715 1794 2738 ex-

260 2763 399 2801 5001011
432 2763 479 2800 H
484 2758 499 2782 2
542 2764 628 2814 lege
660 2763 855 2813 publicati
887 2765 927 2801 ei]
960 2764 1131 2801 execrati
1159 2763 1350 2809 Waoencr
1389 2763 1475 2813 lege
1510 2761 1671 2811 publica
1706 2773 1793 2799 con-

262 2822 437 2860 demnati
464 2825 503 2860 et
529 2824 702 2860 execrati
727 2823 948 2860 Mommsen
975 2835 1037 2870 ap.
1057 2822 1276 2860 Iordanum

1812 884 1845 908 10
