2002 3342
708 168 748 211 Q.
776 169 945 204 FABIVS
971 169 1146 204 PICTOR
1545 185 1689 216 LXXIX

158 280 351 330 uidemus,
379 285 421 319 ut
443 285 663 331 temporum
686 281 874 318 rationem
903 286 1149 331 sequeretur,
1177 280 1245 319 sed
1273 281 1540 331 gradationem
1569 295 1689 333 quan-

160 344 247 384 dam
280 358 368 384 eum
404 346 665 396 spectauisse,
699 357 775 383 non
810 344 935 383 solum
963 344 1126 383 Fabium
1155 345 1223 383 sed
1252 347 1367 384 etiam
1397 346 1598 397 Catonem,
1628 349 1690 385 rui

160 410 295 449 Cicero
328 409 495 461 palmam
523 410 707 449 historiae
735 409 931 448 Romanae
959 411 1141 461 antiquae
1169 409 1380 461 tribueret,
1414 411 1534 449 exiles
1569 412 1689 450 fuisse

159 475 408 514 iudicantem.
449 475 618 526 denique
656 474 790 513 decem
827 476 940 513 annis
976 480 1063 526 post
1099 474 1220 513 libros
1255 475 1300 514 de
1334 482 1488 515 oratore
1522 478 1689 528 scriptos

159 540 380 591 complures
401 540 540 579 Fabios
567 546 679 578 notos
706 540 829 579 fuisse
850 539 1031 578 Ciceroni
1059 540 1324 591 intellegimus
1345 553 1390 579 ex
1417 542 1490 579 1106
1512 541 1594 579 1060
1623 538 1689 595 ((16

160 605 279 644 diuin.
305 605 339 655 1,
354 604 422 656 26,
437 602 531 659 55):
572 605 714 645 Omnes
743 607 820 644 leoc
851 607 1054 654 historici,
1082 607 1218 654 Fabii,
1251 607 1383 655 Gellii,
1409 608 1482 645 secl
1497 609 1691 656 proxime

165 671 337 719 Coelius,
371 670 417 710 de
445 683 520 722 quo
548 670 631 709 loco
659 672 774 710 etiam
802 671 903 708 infra
932 670 1236 721 disputabimus,
1265 677 1309 709 ut
1335 671 1579 722 quorundam
1608 673 1689 723 opi-

159 737 336 785 nionem,
363 737 431 787 qui
458 735 554 774 duos
583 735 727 774 Gellios
754 735 973 786 Fabiosque
1002 734 1125 774 dictos
1153 748 1239 774 esse
1266 742 1420 786 negant,
1452 736 1688 775 refellamus,

159 801 227 840 sed
249 803 343 840 satis
365 801 654 840 demonstrasse
676 800 789 839 nobis
810 800 993 839 uidemur
1014 800 1193 839 Ciceroni
1214 806 1372 852 praeter
1392 801 1500 839 Fabii
1522 802 1688 840 Pictoris

160 866 329 905 Graecos
357 866 516 905 annales
543 867 659 905 etiam
682 866 840 904 Latinos
867 871 980 904 notos
1007 866 1143 917 fuisse,
1165 889 1219 892 —
1241 872 1356 917 atque
1383 866 1455 905 1136
1482 879 1597 905 causa
1625 866 1689 905 ad-

160 931 319 970 ductum
348 944 554 970 censemus
582 944 671 970 eum
699 932 906 982 scripsisse
934 927 999 984 (fr.
1021 927 1066 985 3)
1098 934 1139 970 in
1167 933 1287 970 Fabii
1314 932 1491 970 Pictoris
1522 933 1690 970 Graecis

159 999 386 1047 annalibus,
414 998 481 1048 qui
506 996 720 1036 uerborum
741 996 835 1035 ordo
863 1009 956 1035 sane
982 998 1107 1035 mirus
1129 1002 1199 1047 est,
1226 998 1303 1035 nisi
1330 996 1438 1035 illum
1460 997 1622 1035 consilio
1650 998 1690 1034 in

160 1061 332 1112 Graecis,
359 1074 436 1100 non
463 1063 502 1100 in
529 1062 677 1101 Latinis
704 1061 909 1100 annalibus
937 1074 978 1100 se
1005 1062 1101 1100 haec
1127 1063 1330 1101 inuenisse
1359 1062 1489 1101 dicere
1516 1062 1689 1101 uoluisse

160 1123 486 1177 existinianius¹),
508 1150 562 1153 —
585 1127 812 1166 Latinorum
833 1140 929 1166 uero
953 1126 1152 1166 annalium
1173 1128 1407 1178 scriptorem
1429 1140 1474 1166 ex
1497 1129 1581 1166 eius
1603 1139 1690 1165 sen-

160 1194 279 1231 tentia
307 1198 373 1231 aut
399 1192 602 1243 aequalem
624 1192 760 1231 Catoni
786 1197 852 1231 aut
875 1205 920 1231 eo
946 1193 1175 1231 inferiorem
1204 1193 1336 1243 fuisse,
1363 1194 1608 1244 superiorem
1630 1192 1690 1230 Pi-

159 1269 271 1308 sone,
305 1270 382 1296 non
416 1258 536 1297 fuisse
564 1257 733 1297 eundem
761 1263 875 1309 atque
902 1263 1106 1309 parentem
1138 1258 1326 1296 historiae
1353 1257 1559 1296 Romanae.
1594 1257 1691 1296 Hac-

160 1316 274 1361 tenus
295 1335 382 1361 cum
404 1322 665 1375 Mommseno,
691 1323 854 1374 Dielsio,
881 1323 1071 1362 Schanzio
1098 1319 1350 1377 Niebuhrii2)
1373 1324 1607 1362 sententiam
1631 1335 1691 1362 se-

257 1492 289 1534 1)
317 1490 398 1525 Non
426 1491 597 1524 duximus
625 1491 670 1524 de
694 1501 766 1534 quo
794 1502 906 1535 supra
932 1501 1125 1534 ageremus
1147 1491 1302 1536 dignum
1330 1490 1534 1525 Numerii
1560 1490 1690 1524 Fabii

159 1543 356 1578 Pictoris
382 1544 617 1588 phantasma,
645 1544 745 1587 quod
771 1555 855 1578 eum
881 1544 981 1578 uiros
1009 1544 1136 1578 doctos
1164 1544 1229 1578 diu
1255 1546 1437 1587 uexasset,
1464 1544 1623 1578 feliciter
1643 1543 1691 1577 ad

158 1597 295 1631 inferos
323 1597 468 1642 depulit
487 1597 600 1631 Hertz
626 1598 772 1641 (th'lol.
793 1598 880 1632 klin.
901 1597 1084 1642 Streifzugl
1109 1609 1144 1642 p.
1161 1601 1203 1632 32
1220 1599 1323 1641 sqq).
1359 1598 1508 1632 omnino
1529 1597 1627 1632 enim
1648 1608 1691 1631 ex

159 1649 343 1684 Ciceronis
376 1650 501 1684 uerbis
528 1650 588 1694 (de
615 1650 730 1684 diuin.
756 1655 785 1693 1,
803 1654 858 1692 21,
874 1654 930 1685 43.
957 1650 1000 1685 fr.
1017 1652 1068 1693 3),
1101 1649 1236 1694 quibus
1264 1650 1352 1685 solis
1382 1652 1543 1695 (praeter
1568 1650 1691 1684 uirum

157 1703 382 1738 monetalem
418 1705 592 1748 nepotem
627 1703 688 1737 uel
722 1706 964 1748 pronepotem
997 1703 1184 1745 historici,
1221 1703 1394 1738 Muenzer
1421 1715 1449 1738 6.
1476 1705 1579 1746 1836)
1613 1702 1691 1737 eius

158 1757 297 1791 mentio
318 1757 369 1798 fit,
390 1756 559 1791 Numerii
579 1767 806 1801 praenomen
826 1757 996 1799 remouit,
1018 1769 1101 1791 cum
1121 1757 1332 1791 mutatione
1352 1757 1555 1799 lenissima,
1576 1768 1692 1800 quon-

158 1815 234 1849 iam
267 1818 303 1850 et
328 1816 486 1851 Numeri
517 1817 555 1851 et
586 1817 702 1851 nostri
734 1816 869 1862 siglum
902 1818 958 1851 est
984 1817 1028 1851 N
1055 1816 1116 1850 uel
1142 1808 1197 1859 N,
1230 1818 1348 1852 nostri
1378 1816 1622 1851 substitueret]
1654 1817 1691 1850 et

159 1868 352 1904 scriberet:
381 1869 463 1905 Sint
482 1870 580 1912 haec,
607 1874 647 1904 ul
666 1870 759 1913 dixi,
784 1872 925 1905 somnia
944 1870 1169 1914 fabularum,
1192 1870 1316 1914 hisque
1336 1871 1565 1916 adiunyatur
1583 1871 1690 1904 eliam

158 1923 301 1956 Aeneae
331 1923 530 1965 somnium,
562 1923 658 1967 qnod
690 1924 730 1957 in
755 1924 872 1959 nostri
897 1923 998 1958 Fabi
1022 1924 1180 1958 Pictoris
1209 1924 1358 1959 Graecis
1390 1924 1589 1959 annalibus
1613 1924 1691 1957 eius

158 1975 256 2010 modi
281 1979 341 2017 est,
367 1980 408 2010 ut
433 1977 470 2010 et
495 1988 530 2020 q.
552 1987 578 2010 s.
619 1976 684 2010 sed
709 1976 780 2011 hae
806 1976 1020 2011 coniectura
1040 1976 1150 2010 nimis
1177 1976 1296 2021 premi
1316 1976 1424 2010 Fabii
1449 1976 1613 2020 patriam
1635 1978 1691 2010 to-

159 2028 233 2062 tius
258 2027 331 2062 loci
358 2039 499 2063 conexu
526 2029 727 2075 diligenter
752 2029 938 2075 explicato
965 2030 1093 2064 docuit
1112 2029 1242 2063 Pluess
1269 2029 1319 2074 (in
1340 2029 1446 2064 Iahni
1467 2030 1589 2065 annal.
1616 2030 1690 2064 uol.

159 2085 203 2115 99
230 2093 265 2126 p.
281 2085 349 2116 239
365 2085 458 2127 sqq.)
485 2083 522 2117 et
546 2083 626 2127 ipse
653 2094 719 2128 pro
746 2085 989 2126 innumerum,
1015 2093 1111 2126 quae
1138 2085 1194 2118 est
1218 2082 1398 2117 librorum
1426 2084 1611 2128 scriptura
1637 2086 1692 2127 (in

159 2135 317 2169 Numeri
337 2136 496 2170 coniecit
518 2135 703 2182 Sigonius)
729 2136 924 2182 proposuit
944 2138 983 2170 in
1005 2137 1219 2171 netem-umis
1238 2136 1355 2171 Fabii
1367 2138 1525 2172 Pictoris
1542 2137 1692 2172 Graecis

159 2189 369 2223 annalibus.
407 2191 602 2233 praeterea
622 2201 693 2224 van
714 2190 785 2225 den
803 2189 926 2235 Bergh
946 2191 1017 2234 (De
1038 2191 1150 2234 antiq.
1173 2191 1299 2224 annal.
1319 2191 1442 2235 script.
1458 2191 1561 2225 Rom.
1583 2203 1616 2234 p.
1633 2192 1690 2233 33)

158 2242 339 2276 inclusum
355 2242 596 2286 excogitauit,
617 2243 801 2278 Dederieh
822 2243 995 2289 (Quaestt.
1005 2244 1133 2288 philol.
1147 2255 1183 2287 p.
1199 2245 1303 2287 3-5)
1326 2245 1497 2278 nimirum
1514 2245 1564 2286 in,
1586 2243 1690 2278 cuius

157 2294 353 2329 inuentum
386 2296 527 2340 recepi,
561 2307 787 2341 quamquam
819 2308 865 2331 ne
897 2297 967 2331 hoc
999 2297 1151 2340 quidem
1182 2296 1306 2331 locum
1339 2297 1488 2331 omnino
1518 2299 1691 2331 sanatum

160 2358 238 2382 esse
265 2348 400 2391 fateor;
427 2350 471 2384 N
491 2350 534 2384 ut
559 2350 733 2384 iteratam
753 2350 925 2384 ultimam
953 2350 1119 2385 litteram
1144 2350 1402 2394 praecedentis
1430 2362 1508 2385 uoe.
1530 2353 1569 2385 in
1591 2350 1692 2385 delet

160 2401 380 2436 Gutschmid
411 2402 442 2436 V
469 2415 504 2447 p.
527 2407 612 2446 513,
647 2405 823 2439 nimirum
857 2405 957 2438 Fabi
994 2405 1036 2438 ut
1074 2403 1373 2438 additamentum
1411 2403 1690 2448 interpolatoris

158 2455 408 2489 Wachsmuth
434 2467 491 2500 ap.
512 2456 697 2492 Baderum
724 2470 758 2502 p.
775 2461 818 2492 32
834 2469 888 2501 sq.

255 2511 288 2551 2)
318 2509 515 2544 Praeleett.
542 2511 556 2543 Ι
583 2522 617 2554 p.
634 2515 694 2545 27:
727 2512 776 2546 In
802 2512 896 2546 dz'ese
921 2511 1001 2545 Zeit
1027 2511 1129 2556 [post
1149 2509 1315 2544 Cassium
1343 2510 1555 2556 Heminam]
1588 2511 1691 2553 faellt

159 2561 222 2595 der
241 2562 387 2597 Fabius
403 2563 537 2605 Pictor,
565 2564 631 2598 (len
655 2564 775 2599 Cicero
802 2565 844 2599 de
869 2569 1011 2599 oratore
1036 2565 1225 2598 erwaelmt.
1258 2564 1316 2598 Er
1344 2576 1418 2598 zcar
1437 2566 1492 2598 ein
1520 2565 1690 2609 yelelzrtcr

159 2615 433 2658 Schriftsteller;
458 2618 534 2651 sein
562 2617 678 2658 Werlc,
704 2628 762 2652 res
788 2619 917 2662 gestae
944 2618 1086 2659 belitelt,
1110 2618 1246 2652 schem
1264 2618 1344 2652 sehr
1365 2618 1607 2659 ausfuelzrliclz
1632 2629 1687 2662 φ’-

159 2679 272 2702 wesen
296 2680 342 2703 zu
366 2670 461 2711 sein,
487 2670 536 2704 da
562 2682 599 2704 er
624 2670 694 2704 (len
718 2671 913 2715 yallisclzen
941 2671 1076 2705 Brand
1105 2672 1155 2704 *im
1180 2671 1315 2705 υἱον-16η
1342 2671 1466 2705 Rue-he
1491 2672 1689 2712 erzcaelmt;

159 2721 248 2756 cloch
268 2723 314 2756 ist
334 2723 391 2757 die
411 2723 504 2757 Zahl
525 2723 587 2758 der
607 2724 770 2759 Buecher
798 2725 1013 2759 unbekannt.
1046 2725 1145 2758 Kein
1165 2725 1398 2759 bedeutendes
1417 2725 1617 2769 Frayitcent
1643 2725 1689 2758 ist

160 2774 299 2809 daran-s
324 2776 495 2810 erhalten.
534 2777 592 2811 Er
616 2777 708 2811 hies-s
734 2777 881 2812 Servius
905 2779 990 2812 oder
1017 2778 1105 2812 wohl
1130 2777 1270 2812 Sextus.
1304 2777 1388 2811 Vid.
1415 2778 1617 2811 Mommsen
1644 2776 1686 2809 H.

160 2827 202 2860 R.
230 2827 263 2861 Ι9
287 2840 322 2872 p.
345 2832 412 2862 925
444 2830 504 2872 (R.
526 2830 572 2864 F.
595 2829 626 2863 ΙΙ
652 2842 687 2874 p.
710 2832 802 2873 378).
841 2830 943 2864 Diels
970 2830 1096 2875 Sibyll.
1118 2830 1262 2865 Blcttter
1287 2842 1321 2874 p.
1344 2834 1363 2864 9
1379 2842 1431 2874 sq.
1472 2830 1613 2864 Schanz
1640 2829 1685 2863 R.
