2002 3342
644 165 681 199 L.
711 162 896 198 CINCIVS
923 163 1202 198 ALIMENTVS
1609 180 1689 210 cxz

244 276 344 314 Hinc
370 277 490 326 igitur
517 276 632 314 etiam
660 274 831 313 tabulam
858 274 963 313 illam
991 287 1010 312 a
1032 274 1073 312 T.
1095 274 1277 319 Quinctio
1300 274 1531 313 Cincinnato
1559 276 1686 328 fixam,

156 341 202 380 de
230 354 304 392 qua
333 341 467 379 Liuius
495 339 532 389 6,
554 338 621 391 29,
644 338 668 378 8
698 339 914 389 rettulerat,
941 341 1164 377 coniectura
1193 345 1298 378 recte
1326 340 1372 378 ad
1400 340 1525 378 Cincii
1556 347 1686 379 aucto-

158 408 311 445 ritatem
346 410 567 443 reuocatam
601 416 687 443 esse
722 405 987 443 confirmatur.
1034 406 1283 443 consentiunt
1311 407 1414 443 enim
1443 405 1535 456 loci,
1569 407 1687 444 etiam

156 484 245 510 cum
269 471 402 509 Liuius
429 482 543 508 suum
570 471 653 520 ipse
682 475 936 519 conspectum
959 466 1136 523 abnuitl)
1166 475 1203 508 et
1224 475 1434 520 utrumque
1456 483 1685 509 monumen-

156 542 237 575 tum
265 538 304 574 in
333 534 467 574 eadem
494 540 604 585 parte
631 534 768 585 templi
796 535 899 573 louis
926 534 1134 585 Capitolini
1161 536 1290 573 uisum
1319 548 1404 573 esse
1432 535 1549 574 addit.

244 600 355 639 Nunc
375 599 582 638 redeamus
603 599 650 638 ad
671 599 1031 638 Hermundulos.
1072 599 1220 638 eisdem
1242 601 1346 638 enim
1367 600 1514 651 uerbis,
1541 601 1685 651 quibus

155 666 314 704 Cincius
342 662 463 718 (apud
491 664 658 703 Gellium
688 663 753 715 16,
773 661 819 717 4)
854 664 1023 703 fetialem
1057 664 1234 702 hostibus
1268 665 1412 703 bellum
1446 665 1685 704 indicentem

156 733 258 782 fecit,
286 731 388 782 apud
410 731 565 769 Liuium
589 728 625 781 1,
639 728 707 781 32,
727 727 779 769 13
807 729 879 769 sub
899 730 1005 768 Anco
1026 730 1170 768 Marcio
1195 736 1329 768 contra
1352 730 1505 768 Priscos
1529 731 1686 770 Latinos

154 797 295 836 fetialis
321 797 462 835 utitur:

427 860 592 899 Gellius:

215 926 371 974 ‘Quod
409 929 622 976 populus
665 927 864 964 Hermun-

155 993 272 1031 dulus
286 994 309 1031 lz
319 1003 386 1031 om
396 995 443 1031 in
453 1003 564 1040 esqu
575 1003 596 1030 e
604 993 748 1040 populi
762 992 863 1030 Her-

153 1059 338 1096 munduli
369 1058 609 1095 aduersus
634 1059 864 1106 populum

154 1123 417 1161 Romanum
467 1123 639 1160 bellum
692 1122 864 1171 secere

154 1189 585 1236 deliquerunlque,
654 1189 864 1236 quodque

150 1255 361 1302 populus
386 1253 630 1291 Romanus
657 1265 756 1291 cum
775 1265 862 1302 po-

144 1330 176 1368 p
188 1331 210 1356 u
220 1320 261 1357 lo
301 1318 576 1356 Hermundulo
618 1319 862 1357 hominibus-

153 1396 229 1431 que
249 1384 539 1422 Hermundulis
565 1384 738 1421 bellum
765 1386 861 1422 ius-

152 1451 234 1498 sit,
267 1450 320 1487 ol)
353 1460 453 1487 eam
480 1460 575 1486 rem
603 1460 860 1498 eqopopu-

153 1515 322 1562 lusque
384 1513 626 1552 Romanus
679 1516 861 1563 populo

153 1580 430 1617 Hermundulo
493 1579 862 1626 hominibusque

152 1642 442 1682 Hermundulis
479 1644 622 1682 bellum
664 1645 754 1682 dico
795 1643 859 1692 fa-

153 1706 322 1757 ce‘oque.’

1250 860 1403 899 Liuius:

1036 924 1046 939 ‘
1058 926 1088 972 ζ)
1100 938 1154 965 uo
1168 928 1195 964 d
1233 929 1409 975 populi
1451 927 1684 967 Priscorum

974 992 1215 1030 Latinorum
1229 993 1254 1029 lz
1264 1003 1285 1030 o
1295 1004 1330 1030 m
1341 994 1387 1030 in
1398 1004 1542 1040 esque
1552 993 1686 1031 Prisci

975 1057 1114 1095 Latine?
1164 1058 1406 1095 aduersus
1453 1060 1685 1107 populum

974 1123 1237 1161 Romanum
1287 1122 1503 1167 Quiritium
1551 1122 1683 1171 feee-

974 1192 1087 1226 runt
1109 1189 1443 1235 deliquerunt,
1459 1188 1683 1236 quodpo-

964 1266 996 1302 p
1008 1255 1054 1291 ul
1064 1265 1114 1291 us
1165 1253 1408 1291 Romanus
1465 1254 1683 1298 Quiritium

973 1319 1146 1357 bellum
1188 1329 1243 1355 cu
1253 1329 1289 1355 m
1330 1318 1486 1356 Priscis
1523 1318 1685 1356 Lalinls

972 1386 1118 1422 iussit
1145 1395 1246 1431 esse,
1278 1388 1521 1431 senatusque
1538 1385 1686 1432 populi

973 1448 1148 1486 Romani
1173 1447 1390 1493 Quiritium
1413 1451 1569 1486 censuit
1590 1459 1683 1486 con-

971 1515 1095 1552 sensi(
1122 1514 1332 1560 consciuit,
1363 1518 1402 1550 ul
1427 1514 1570 1551 bellum
1592 1525 1681 1552 eum

973 1579 1128 1616 Priscis
1154 1578 1313 1616 Lalinis
1335 1580 1472 1625 lieret,
1503 1579 1556 1617 ob
1584 1590 1683 1616 eam

970 1655 1066 1682 rem
1089 1643 1681 1692 eqopopulusqueRomu-

971 1720 1058 1746 nus
1086 1709 1281 1757 populis
1308 1708 1544 1746 Priscorum
1571 1708 1683 1747 Lali-

970 1784 1114 1812 norum
1134 1774 1346 1811 hominib
1359 1785 1506 1821 usque
1527 1774 1683 1812 Priscis

970 1838 1130 1877 Latinis
1175 1839 1347 1877 bellum
1393 1839 1559 1877 indico
1603 1838 1682 1888 sa-

971 1901 1168 1952 eioque.'

149 1981 240 2019 pars
274 1968 368 2007 haec
401 1975 460 2007 est
492 1970 609 2020 ritus,
648 1981 723 2020 quo
756 1969 886 2007 omnia
921 1968 1022 2007 bella
1058 1967 1351 2015 indicebantur,
1391 1967 1691 2019 descriptionis,

151 2046 266 2085 quam
288 2034 423 2073 Liuius
450 2035 502 2072 ita
528 2034 710 2084 instituit,
736 2039 780 2073 ut
806 2035 917 2073 initio
945 2046 1022 2072 non
1049 2033 1097 2072 ad
1124 2039 1276 2072 certum
1297 2033 1452 2084 aliquod
1472 2035 1681 2084 pertineat,

151 2099 219 2138 sed
230 2099 429 2150 populum,
439 2100 664 2150 quicunque
680 2100 764 2150 fuit,
778 2100 979 2138 nominare
991 2098 1122 2137 iubeat
1131 2095 1178 2153 2),
1191 2104 1273 2137 tum
1286 2100 1470 2149 quoniam
1483 2097 1680 2149 abAequi-

150 2165 245 2203 colis
272 2164 368 2203 illud
394 2165 455 2203 ius
476 2165 626 2204 Ancum
654 2166 871 2216 sumpsisse
897 2165 1085 2215 narrauit,
1112 2163 1158 2202 ad
1186 2165 1270 2202 eius
1290 2163 1436 2202 bellum
1458 2163 1681 2202 transferat.

149 2231 296 2269 fontem
322 2230 443 2280 igitur
470 2231 506 2268 ei
533 2231 858 2268 commentarium
886 2230 1006 2268 fuisse
1035 2229 1174 2279 elucet,
1202 2242 1277 2280 quo
1306 2230 1522 2279 generatim
1549 2241 1680 2267 mores

148 2294 312 2334 Romani
340 2294 528 2346 descripti
549 2301 672 2344 erant,
700 2308 867 2346 eumque
888 2295 1035 2333 Priscis
1056 2294 1204 2333 Latinis
1226 2295 1470 2345 interpositis
1492 2293 1539 2332 ad
1558 2294 1679 2332 histo-

149 2361 229 2398 riae
257 2361 340 2398 eius
368 2361 471 2410 regis
499 2361 742 2399 ieiunitatem
770 2360 1001 2412 explendam
1028 2373 1048 2398 a
1070 2360 1180 2398 Liuio
1207 2365 1451 2410 usurpatum,
1478 2364 1679 2397 auctorem

149 2430 279 2464 autem
306 2424 487 2475 eundem,
514 2427 626 2464 cuius
654 2425 894 2476 diligentiam
920 2427 1058 2464 talium
1085 2430 1427 2463 monumentorum
1451 2423 1679 2473 admiratur,

148 2489 339 2529 Cincium.
384 2490 489 2529 hunc
522 2491 643 2541 igitur
673 2492 778 2542 ipsas
810 2490 996 2529 formulas
1022 2490 1166 2529 litteris
1192 2489 1399 2528 mandasse
1427 2490 1582 2528 omissis
1611 2502 1677 2527 no-

245 2615 277 2655 1)
303 2611 380 2653 fixa
405 2611 515 2654 fuit;
541 2611 585 2645 cf.
609 2615 664 2654 10,
680 2615 712 2654 2,
728 2614 771 2644 14
798 2615 915 2646 rostra
940 2612 1094 2645 nauium
1115 2611 1303 2654 spoliaque
1323 2611 1513 2644 Laconum
1532 2610 1571 2643 in
1593 2610 1678 2643 aede

146 2664 305 2698 Iunonis
330 2665 461 2699 ueteris
485 2665 561 2707 βᾶσα
587 2666 694 2699 mulii
717 2666 923 2709 superstites
947 2667 1033 2698 sunt
1057 2665 1121 2708 qui
1145 2664 1319 2698 uiderunt
1347 2663 1548 2698 Patauii.

243 2718 276 2760 2)
305 2727 333 2751 e.
356 2720 412 2760 32,
434 2721 469 2751 6:
497 2719 750 2762 cuiuscumque
775 2722 861 2752 sunt
885 2718 1071 2760 nominat;
1109 2720 1145 2751 8:
1178 2717 1265 2752 haee
1284 2718 1417 2761 paucis
1448 2716 1566 2751 uerbis
1598 2726 1676 2749 car-

147 2771 258 2804 minis
283 2771 578 2816 concipiendique
604 2772 698 2806 iuris
725 2771 879 2806 iurandi
904 2771 1053 2806 mutatis
1073 2772 1238 2816 perayit;
1280 2773 1338 2804 1οε
1368 2770 1546 2814 populum
1574 2769 1673 2802 illum

146 2824 358 2867 quicumque
383 2829 433 2859 est
459 2826 632 2859 nominat.
