2002 3342
690 696 752 742 M.
787 696 1093 742 AEMILIVS
1133 696 1413 743 SCAVRVS

374 802 550 841 Vidimus
578 802 706 841 medio
735 803 889 841 saeculo
916 802 1026 841 urbis
1054 804 1220 854 septimo
1247 803 1321 842 duo
1343 816 1443 842 noua
1464 803 1651 843 historiae
1673 817 1815 855 genera

285 868 519 918 effloruisse,
542 868 782 907 rhetoricum
805 873 843 906 et
863 870 1161 919 pragmaticum.
1192 868 1260 907 sed
1281 868 1420 907 eodem
1442 874 1617 920 tempore
1637 869 1816 909 homines

284 933 441 983 quidam
468 933 704 971 nobilissimi
737 934 854 971 etiam
886 934 989 972 uitas
1023 935 1098 984 ipsi
1133 945 1222 971 suas
1250 933 1475 972 describere
1503 940 1734 985 coeperunt,
1767 935 1814 973 M.

282 999 470 1037 Aemilius
493 998 664 1037 Scaurus
692 1003 730 1037 et
750 998 789 1036 P.
805 998 976 1037 Rutilius
997 998 1133 1048 Rufus,
1160 997 1203 1043 Q.
1221 998 1399 1037 Lutatius
1421 998 1581 1037 Catulus
1609 1005 1646 1038 et
1667 999 1707 1037 L.
1724 999 1816 1039 Cor-

283 1063 411 1102 nelius
440 1063 556 1102 Sulla.
568 1059 600 1117 ¹)
647 1076 881 1114 quamquam
910 1064 1014 1102 enim
1042 1064 1117 1102 iam
1146 1069 1257 1102 antea
1283 1064 1438 1102 fuerant
1459 1065 1527 1115 qui
1548 1076 1611 1103 res
1632 1077 1652 1103 a
1672 1065 1816 1116 populo

282 1128 455 1167 Romano
489 1134 618 1179 gestas
652 1134 880 1167 enarrantes
914 1130 1029 1167 etiam
1063 1141 1153 1167 suas
1188 1141 1252 1167 res
1279 1130 1526 1168 innecterent
1553 1135 1668 1180 atque
1694 1152 1751 1157 --
1777 1130 1817 1169 id

283 1193 386 1245 quod
416 1194 601 1232 Catonem
627 1194 769 1232 secisse
797 1199 903 1232 certo
931 1195 1154 1245 accepimus
1175 1217 1232 1220 —
1259 1195 1299 1232 in
1326 1196 1383 1232 eis
1410 1194 1615 1233 laudandis
1643 1200 1681 1234 et
1705 1208 1817 1246 prae-

284 1258 460 1297 dicandis
492 1258 595 1297 haud
627 1261 736 1310 parci
769 1265 918 1309 essent,
957 1264 1087 1297 tamen
1120 1259 1177 1297 illi
1208 1265 1251 1298 ut
1284 1260 1340 1297 615
1372 1265 1524 1298 1311111111
1551 1259 1666 1298 modo
1693 1261 1818 1312 factis,

283 1336 381 1375 quae
410 1323 457 1362 ad
485 1336 567 1362 rem
594 1324 792 1375 publicam
820 1329 1061 1376 spectarent,
1095 1323 1242 1375 aliquid
1274 1324 1529 1363 tribuendum
1563 1337 1650 1364 esse
1685 1326 1818 1364 existi-

282 1395 504 1439 mauerant,
542 1391 596 1427 ita
632 1402 730 1440 quae
766 1390 980 1428 memoriae
1016 1388 1298 1428 mandarentur
1335 1389 1436 1428 solas
1472 1390 1542 1428 has
1578 1402 1642 1429 res
1682 1390 1818 1441 dignas

285 1454 493 1505 duxerant,
521 1454 664 1505 quibus
691 1456 749 1493 rei
776 1454 955 1506 publicae
982 1454 1218 1493 utilitatibus
1245 1456 1496 1503 seruiissent,
1531 1467 1659 1506 neque
1687 1468 1752 1494 eas
1778 1457 1819 1494 in

282 1519 447 1557 historia
474 1531 493 1557 3
522 1532 562 1557 re
590 1519 747 1570 publica
774 1521 859 1558 ausi
886 1524 997 1558 erant
1018 1531 1214 1570 separare.
1254 1520 1384 1570 itaque
1406 1519 1509 1570 quod
1536 1521 1571 1558 ei
1600 1519 1646 1558 de
1674 1520 1817 1571 quibus

282 1596 387 1622 1111116
409 1584 607 1635 loquimur
628 1597 718 1623 suas
738 1586 841 1623 uitas
857 1586 1068 1635 separatim
1085 1584 1257 1635 edidere,
1274 1586 1416 1623 imitati
1438 1590 1529 1623 511111
1550 1597 1687 1624 eorum
1708 1584 1819 1624 adro-

284 1651 467 1700 gantiam,
489 1651 556 1700 qui
574 1651 679 1688 inter
693 1651 886 1689 maiorum
908 1662 1069 1688 suorum
1092 1654 1240 1688 statuas
1262 1651 1379 1688 etiam
1401 1651 1482 1688 suis
1503 1650 1646 1701 templa
1668 1650 1819 1702 aliaque

282 1714 438 1765 publica
460 1714 636 1753 aedificia
658 1720 902 1754 ornauerunt
922 1710 1160 1767 (υἱ-(11111611
1183 1728 1218 1753 u.
1238 1716 1371 1753 A'zmst
1391 1727 1426 1765 p.
1448 1712 1532 1753 297
1547 1727 1602 1766 sq.
1630 1713 1716 1753 212
1731 1713 1819 1767 sq.),

284 1780 449 1818 fortasse
477 1781 592 1818 etiam
614 1780 721 1818 Arati
748 1792 846 1831 opus
874 1792 894 1817 a
920 1779 1079 1830 Polybio
1106 1784 1267 1830 propter
1287 1781 1496 1818 ueritatem
1519 1784 1557 1818 et
1579 1780 1818 1830 diligentiam

284 1844 500 1897 laudatum3
523 1850 579 1883 est
602 1850 733 1883 tamen
753 1845 825 1883 hoc
849 1845 1091 1883 senescentis
1112 1846 1261 1895 patriae
1283 1846 1426 1883 amoris
1445 1851 1483 1883 61
1503 1845 1819 1895 ingrauescentis

284 1911 345 1948 sui
378 1911 555 1960 ipsorum
588 1911 838 1961 partiumque
873 1909 1116 1960 cupiditatis,
1150 1915 1248 1960 quae
1279 1915 1317 1948 et
1343 1911 1382 1947 in
1411 1922 1452 1948 re
1480 1922 1516 1960 p.
1545 1915 1583 1948 et
1609 1911 1647 1948 111
1675 1910 1820 1949 litteris

285 1981 368 2014 tum
394 1976 606 2026 prouenire
635 1976 772 2026 coepit.

373 2041 498 2091 Atque
532 2040 678 2079 Sullam
713 2040 873 2091 quidem
905 2045 1038 2091 postea
1075 2039 1430 2078 demonstrabimus
1461 2039 1500 2078 id
1527 2041 1819 2079 commentariis

286 2107 367 2144 suis
395 2107 536 2157 egisse,
561 2111 603 2144 ut
632 2118 695 2144 res
724 2118 826 2156 suas,
854 2107 997 2156 quippe
1020 2117 1116 2156 quas
1142 2104 1334 2143 diuinitus
1355 2104 1510 2143 adiutus
1531 2106 1729 2155 gessisset,
1758 2117 1820 2143 ce-

284 2170 456 2209 lebraret
488 2176 526 2208 et
553 2172 717 2209 crimina
749 2172 789 2209 in
819 2183 860 2209 se
889 2170 1025 2209 collata
1054 2169 1294 2220 defenderet,
1323 2182 1450 2220 neque
1478 2171 1703 2220 pepercisse
1731 2182 1820 2208 eum

284 2235 389 2274 laudi
423 2248 515 2274 suae
549 2235 773 2287 gloriaeque
808 2241 845 2274 61
878 2248 949 2287 per
981 2248 1022 2274 se
1056 2234 1244 2273 credibile
1279 2239 1403 2273 estet
1430 2234 1698 2285 compluribus
1724 2234 1820 2273 10615

285 2301 550 2339 confirmatur.
597 2302 714 2339 etiam
742 2301 867 2340 Catuli
895 2301 1042 2351 aliquot
1070 2301 1249 2351 uestigiis
1276 2299 1474 2338 indicatur
1505 2300 1577 2338 hoc
1613 2299 1821 2338 consilium

286 2368 418 2416 fuisse,
445 2372 487 2405 ut
514 2365 667 2404 laudem
695 2378 819 2415 suam,
845 2378 961 2417 quam
988 2365 1133 2404 Marius
1161 2365 1454 2414 obscurauerat,
1487 2366 1527 2402 in
1554 2364 1682 2403 lucem
1709 2377 1821 2403 reuo-

286 2437 393 2470 caret
420 2436 458 2469 et
484 2430 725 2469 inlustraret.
767 2436 804 2469 at
833 2430 878 2469 de
906 2433 975 2482 eis,
1003 2431 1070 2481 qui
1097 2431 1216 2482 primi
1240 2430 1332 2468 huic
1358 2430 1546 2468 historico
1574 2431 1711 2480 generi
1731 2442 1821 2481 ope-

384 2536 415 2577 1)
442 2533 496 2567 De
523 2533 576 2567 eis
601 2533 853 2577 peculiaribus
881 2533 987 2567 libris
1014 2543 1122 2578 egere
1148 2531 1345 2574 L.Wiese‚
1375 2532 1631 2567 Commentatio
1658 2533 1700 2567 de
1724 2533 1821 2567 uita-

285 2598 365 2622 rum
388 2587 626 2630 scriptoribus
646 2587 835 2621 Romanis.
876 2586 1000 2631 Progr.
1022 2597 1146 2631 gymn.
1169 2584 1409 2619 Ioaehimsth.
1434 2588 1534 2619 1840.
1566 2584 1622 2618 W.
1637 2584 1681 2619 H.
1698 2584 1740 2618 D.
1757 2585 1822 2619 Su-

288 2640 432 2685 1111831,
460 2640 517 2673 De
545 2640 724 2674 Romanis
749 2640 1049 2685 autobioyraphis
1073 2640 1151 2674 siue
1180 2639 1225 2673 iis
1250 2639 1314 2682 qui
1339 2638 1381 2672 (Ze
1406 2650 1474 2672 sua
1501 2639 1576 2683 ipsi
1599 2639 1824 2682 scripserunt

286 2694 378 2727 uita.
417 2692 536 2737 Lugd.
558 2692 638 2725 Bat.
664 2696 765 2726 1846.
805 2692 846 2727 G.
867 2692 997 2736 Misch,
1027 2692 1150 2727 Gesch.
1172 2692 1204 2726 d.
1227 2692 1540 2735 Autobioyraphie
1559 2691 1576 2725 Ι
1600 2703 1636 2735 p.
1660 2695 1726 2725 110
1742 2702 1820 2735 sqq.

288 2749 354 2780 12ss
370 2757 448 2789 sqq.
472 2765 514 2770 —
536 2744 576 2778 E.
597 2744 693 2787 Pais,
721 2747 748 2780 I
767 2747 980 2788 frammenti
1004 2745 1066 2780 alz’
1087 2744 1353 2789 autobioyrafta
1380 2745 1421 2778 ἀί
1448 2745 1501 2779 M.
1524 2745 1663 2779 Emz'lz'o
1684 2744 1823 2779 Scauro

284 2810 301 2833 e
329 2800 363 2832 Ia,
385 2799 464 2833 Lex
485 2799 599 2832 Varia
625 2799 666 2832 de
692 2799 886 2833 maiestate.
929 2799 1096 2833 Estratto
1117 2798 1182 2832 daz·
1203 2798 1424 2832 Rendicoozti
1449 2798 1483 2831 d.
1504 2798 1609 2832 acad.
1631 2798 1690 2831 dei
1714 2798 1824 2832 lincez'

285 2851 316 2884 X
340 2856 357 2885 2
386 2864 421 2896 p.
444 2854 596 2885 50-60.
