2002 3342
290 184 344 225 88
926 180 1185 222 RELIQVIAE

375 308 413 343 9.
447 293 655 332 Rodiensis
683 289 873 343 superbos
901 304 987 330 esse
1015 293 1140 342 aiunt,
1171 291 1211 329 id
1238 291 1496 343 obiectantes,
1529 292 1632 343 quod
1657 294 1755 332 mihi
1782 300 1820 333 et

288 360 423 399 liberis
452 361 549 397 meis
577 359 739 397 minime
774 357 850 395 dici
877 357 1007 395 uelim.
1054 358 1132 395 sint
1159 369 1250 395 sane
1279 356 1450 408 superbi.
1490 357 1583 408 quid
1609 357 1648 396 id
1675 358 1722 397 ad
1748 371 1818 398 nos

288 423 455 464 attinet?
494 424 584 463 idne
611 424 841 473 irascimini,
869 423 902 461 si
929 424 1016 473 quis
1045 421 1252 472 superbior
1279 428 1338 460 est
1365 435 1480 473 quam
1506 421 1606 461 nos‘?

377 486 454 528 96.
494 491 586 528 Gell.
609 489 677 539 11,
692 488 730 536 3,
745 488 783 526 2.
822 486 1008 526 Videbam
1037 510 1091 514 —
1116 487 1162 525 M.
1186 486 1370 526 Catonem
1397 489 1436 526 in
1464 489 1660 539 originum
1682 494 1818 540 quarto

288 577 340 581 —
371 555 579 605 scripsisse
613 558 651 592 et
682 554 777 592 item
810 554 850 591 in
884 554 1037 603 quinto:
1069 551 1189 591 urbes
1221 551 1449 603 insulasque
1475 555 1603 591 omnis
1630 566 1699 604 pro
1727 566 1818 605 agro

286 619 416 671 lllyrio
444 630 542 657 esse.

377 681 454 724 97.
486 685 587 722 Non.
608 696 637 722 s.
659 696 695 722 u.
709 686 982 733 pisculentum
993 695 1038 732 p.
1054 683 1151 721 151.
1194 682 1286 721 Cato
1313 684 1510 733 originum
1536 682 1636 722 libro
1657 683 1704 722 V:
1730 683 1818 722 Flu-

286 751 395 788 uium
423 748 618 787 Naronem
645 761 841 799 magnum,
868 747 1088 799 pulchrum,
1115 747 1379 798 pisculentum
1399 778 1407 786 .
1430 780 1437 787 .
1459 779 1467 786 .

375 811 452 854 98.
490 815 615 853 Prisc.
633 815 742 863 10]).
759 814 907 852 510H.
947 812 1039 852 Cato
1066 814 1106 851 in
1126 813 1155 850 V
1182 814 1395 863 originum:
1423 813 1526 864 quod
1547 826 1683 852 eorum
1703 826 1817 852 nemo

286 881 494 931 quisquam
521 880 730 930 quicquam
756 878 854 917 mihi
880 880 1086 929 ignoturus
1113 883 1173 917 est
1194 910 1201 916 .
1223 910 1230 916 .
1251 909 1260 917 .

375 942 452 984 99.
492 946 585 983 Gell.
602 946 669 993 15,
685 945 723 993 9,
739 945 776 983 5.
816 943 863 982 Μ.
887 943 979 982 Cato
1007 945 1047 981 in
1068 944 1205 994 quinta
1225 944 1377 994 origine
1398 944 1451 982 ita
1472 945 1647 995 scripsit:
1677 944 1818 983 Postri-

381 1137 412 1170 9.
451 1125 589 1159 Gellius
619 1124 705 1158 haec
737 1124 779 1157 de
810 1128 882 1158 tota
917 1125 1079 1158 oratione
1110 1123 1268 1157 iudicat:
1300 1122 1497 1157 Praeterea
1523 1123 1820 1158 animaduertere

288 1174 355 1214 est,
376 1173 413 1205 in
435 1173 515 1205 tota
535 1171 608 1205 ista
629 1171 779 1205 Catonis
800 1170 968 1205 oratione
988 1171 1112 1204 omnia
1127 1170 1409 1214 disciplinarum
1429 1169 1695 1204 rhetoricarum
1717 1182 1820 1205 arma

287 1221 399 1263 atque
415 1219 581 1253 subsidia
594 1221 696 1253 mota
712 1229 808 1259 esse;
830 1218 894 1252 sed
908 1229 981 1252 non
1002 1217 1158 1262 proinde
1172 1218 1266 1251 utin
1281 1217 1497 1252 decursibus
1517 1217 1670 1252 ludicris
1691 1222 1758 1252 aut
1772 1219 1817 1252 si-

285 1266 461 1300 mulacris
476 1266 702 1311 proeliorum
716 1265 940 1309 uoluptariis
954 1265 1033 1299 fieri
1046 1265 1229 1308 uidemus,
1249 1276 1323 1299 non
1337 1265 1446 1308 enim,
1461 1265 1626 1309 inquam,
1644 1266 1819 1300 distincte

285 1315 397 1348 nimis
427 1315 538 1357 atque
565 1315 711 1358 compte
738 1316 850 1357 atque
876 1313 1066 1347 modulate
1092 1323 1150 1346 res
1177 1314 1262 1347 aeta
1288 1314 1352 1355 est,
1379 1313 1444 1346 sed
1465 1313 1572 1356 quasi
1597 1313 1635 1346 in
1663 1313 1820 1357 ancipiti

286 1361 502 1403 certamine,
528 1373 611 1396 cum
638 1371 767 1405 sparsa
787 1360 884 1395 acies
906 1362 972 1403 est,
999 1359 1127 1394 multis
1153 1360 1244 1394 locis
1265 1360 1384 1394 Marte
1405 1360 1508 1394 uario
1534 1362 1738 1405 pugnatur:
1767 1361 1819 1394 sic

285 1410 323 1444 in
355 1410 429 1443 ista
462 1411 540 1443 tum
579 1419 692 1443 causa
725 1408 830 1451 Cato,
871 1419 953 1442 cum
993 1407 1168 1452 superbia.
1196 1407 1263 1441 illa
1296 1407 1538 1442 Rodiensium
1570 1408 1819 1442 famosissima

286 1456 486 1491 multorum
513 1456 599 1490 odio
626 1461 738 1500 atque
764 1455 910 1490 inuidia
935 1455 1121 1501 flagraret,
1148 1455 1319 1489 omnibus
1345 1455 1529 1499 promisce
1554 1455 1683 1489 tuendi
1707 1457 1819 1500 atque

286 1503 551 1549 propugnandi
584 1503 704 1538 modis
736 1515 823 1537 usus
857 1505 913 1537 est
946 1505 982 1537 et
1015 1514 1113 1537 nunc
1145 1505 1187 1536 ut
1219 1503 1360 1547 optime
1391 1502 1543 1537 meritos
1573 1503 1818 1545 commendat,

285 1564 394 1594 nunc,
424 1554 614 1595 tamquam
642 1551 672 1585 si
699 1551 915 1585 innocentes
942 1552 1090 1595 purgat,
1116 1561 1162 1584 ne
1188 1550 1287 1584 bona
1313 1550 1544 1594 diuitiaeque
1565 1561 1691 1585 eorum
1711 1561 1819 1595 expe-

285 1601 425 1643 tantur,
452 1598 639 1644 obiurgat,
664 1610 763 1633 nunc
790 1599 827 1632 et
852 1598 960 1642 quasi
986 1598 1035 1632 sit
1061 1599 1223 1632 erratum
1245 1597 1477 1642 deprecatur,
1504 1609 1601 1631 nunc
1627 1599 1668 1631 ut
1693 1609 1820 1632 neces-

286 1646 402 1681 sarios
429 1646 481 1680 rei
507 1645 682 1691 publicae
708 1648 883 1687 ostentat,
912 1657 1010 1679 nunc
1037 1645 1269 1688 clementiae,
1295 1657 1393 1680 nunc
1419 1645 1716 1680 mansuetudinis
1743 1656 1820 1680 ma-

286 1694 416 1736 iorum,
443 1705 540 1728 nune
566 1693 744 1728 utilitatis
770 1693 945 1737 publicae
972 1693 1268 1727 commonefacit.
1308 1693 1435 1736 anue
1462 1694 1586 1727 omnia
1607 1693 1819 1727 distinctius

286 1741 592 1785 numerosiusque
618 1741 827 1775 fortassean
849 1740 922 1775 dici
948 1741 1149 1785 potuerint,
1177 1740 1309 1774 fortius
1330 1742 1441 1784 atque
1462 1739 1627 1774 uiuidius
1653 1743 1819 1785 potuisse

287 1789 360 1823 dici
386 1800 459 1823 non
485 1789 671 1823 uidentur.

383 1842 447 1877 96.
474 1842 647 1877 Fortasse
672 1842 896 1884 referendum
923 1841 1040 1876 estad
1059 1853 1092 1876 a.
1115 1843 1196 1875 167.
1219 1843 1304 1883 587,
1330 1852 1400 1885 quo
1425 1845 1572 1875 senatus
1590 1841 1821 1885 populusque

287 1890 479 1925 Romanus
504 1894 649 1934 partem
674 1890 894 1934 Illyriorum
921 1889 1070 1923 liberam
1096 1900 1166 1923 esse
1192 1889 1299 1923 iussit
1326 1889 1429 1931 (Lm.
1445 1891 1576 1931 45,26‚
1591 1890 1671 1932 12),
1703 1890 1750 1932 fr.
1772 1891 1820 1923 97

287 1938 336 1972 ad
362 1938 492 1971 bellum
518 1948 597 1971 cum
628 1936 758 1972 Gentio
783 1941 919 1981 gestum
949 1936 1164 1971 Gulsclzmid
1185 1936 1219 1970 V
1227 1947 1267 1980 p.
1283 1938 1354 1970 524
1369 1947 1417 1979 sq.

381 1990 446 2025 97.
477 1990 529 2033 cf.
551 1991 596 2034 fr.
620 1993 700 2024 110.

373 2174 409 2209 9,
439 2164 461 2199 2
496 2161 572 2198 dici
605 2161 707 2199 deest
740 2163 779 2198 ln
804 2162 842 2198 P
870 2161 1013 2199 lacuna
1047 2161 1177 2198 relicta
1239 2161 1399 2197 minime
1435 2161 1555 2198 uelim
1587 2161 1820 2199 Lambecius

288 2221 389 2258 obici
403 2221 553 2258 Jordan
580 2221 742 2258 minime
763 2220 864 2257 obici
885 2219 1008 2257 nolim
1028 2221 1081 2257 H.
1095 2220 1252 2267 δαφῳῳθ
1276 2220 1410 2267 Opnsc.
1419 2233 1460 2267 p.
1479 2221 1564 2257 552
1590 2220 1690 2258 deici
1700 2220 1820 2259 Hertz

348 2280 443 2329 quid
468 2280 504 2317 V
526 2275 587 2329 qd’
610 2281 647 2316 P
704 2292 775 2316 uos
805 2280 996 2327 lVayencr
1119 2281 1140 2317 3
1170 2279 1348 2328 superior
1372 2281 1409 2317 R
1471 2292 1541 2317 uos
1571 2280 1761 2327 PVayener

377 2334 455 2390 96,
485 2341 506 2376 5
540 2340 582 2376 in
610 2334 767 2389 quinto]
801 2339 841 2375 in
867 2341 913 2375 ut
941 2338 982 2376 X
1042 2351 1160 2389 argro
1195 2339 1225 2386 Q
1349 2339 1371 2375 6
1406 2339 1528 2376 illirio
1563 2338 1734 2386 QZBH
1762 2341 1821 2376 est

288 2398 327 2449 (e
353 2399 391 2435 B
418 2405 449 2436 e.
479 2393 527 2449 Q)
556 2410 637 2436 esse
666 2398 784 2445 QZB

377 2453 456 2507 97,
487 2459 507 2494 7
537 2460 624 2495 ante
650 2457 838 2494 Fluuium
864 2458 954 2495 libri
981 2458 1131 2507 origine
1158 2457 1318 2495 addunt.
1345 2458 1415 2494 ἀεὶ.
1435 2458 1589 2495 Mera-er
1700 2458 1722 2495 8
1751 2470 1818 2506 pa-

286 2529 422 2554 ronem
448 2529 633 2567 magnoni
663 2513 715 2554 G¹

378 2571 456 2626 98,
486 2577 508 2613 9
544 2577 583 2612 in
610 2576 645 2612 V
672 2576 871 2625 originum
905 2588 976 2613 om.
996 2576 1114 2624 Sawy.
1239 2576 1292 2613 10
1326 2571 1554 2627 quisquam]
1584 2577 1670 2624 quis
1697 2576 1820 2613 Bam-

289 2631 406 2683 ber-9}
433 2639 521 2673 (mle
546 2647 642 2673 corr.
704 2635 801 2672 mihi
827 2637 868 2672 'in
894 2648 967 2683 my.
995 2635 1084 2672 add.
1104 2635 1300 2672 Halberst.

302 2743 309 2749 -
378 2690 456 2745 99,
488 2698 536 2732 11
567 2694 618 2731 Μ.
642 2690 757 2745 Cato]
788 2707 807 2728 ’κ
831 2696 918 2732 cato
946 2688 989 2746 (a
1015 2690 1159 2745 eras.?)
1189 2694 1231 2730 X
1291 2690 1449 2745 quinta]
1481 2693 1603 2731 OTY
1624 2695 1734 2742 quito
1756 2688 1821 2731 Χ11

289 2756 380 2826 fimo
404 2777 478 2824 QZ
538 2773 708 2827 origine]
737 2776 961 2815 Gronouizcs
987 2777 1183 2827 originum
1211 2777 1299 2814 libri
1361 2778 1451 2825 post
1476 2775 1593 2814 tridie
1620 2776 1704 2813 ZH
1726 2776 1822 2814 Post

288 2836 431 2874 tridiae
459 2836 500 2872 X
523 2838 614 2885 post
640 2836 691 2873 tri
718 2836 780 2873 die
808 2836 839 2884 Q

1839 891 1871 915 10
