2002 3342
394 199 437 234 11.
466 198 529 232 DE
556 196 871 232 LITTERARVM
896 195 1217 230 MONVMENTIS
1242 196 1463 231 PRIVATIS
1538 211 1699 240 xxxvn

169 311 256 350 dem
284 310 452 348 familiae
480 308 526 347 ad
554 308 649 347 illud
683 320 826 346 munus
859 306 1147 357 ascendissent,
1186 306 1395 345 admodum
1429 307 1536 345 utilis
1571 304 1698 360 suit.¹)

167 388 257 414 nam
296 376 413 413 etiam
452 378 609 425 praeter
649 373 952 411 commentarios
993 371 1221 421 tabulasque
1267 371 1423 422 publice
1457 374 1700 423 constitutas,

169 440 311 491 quibus
345 438 551 490 disciplina
585 450 793 488 moresque
826 438 974 476 ciuium
1008 436 1262 487 regebantur,
1301 436 1421 475 multa
1455 436 1698 476 obseruanda

170 511 277 544 erant
307 506 419 556 quasi
446 516 586 542 arcana
614 504 699 542 eius
727 504 989 552 magistratus.

258 570 391 621 ltaque
418 568 562 607 Romae
589 581 666 607 non
694 570 733 606 in
759 569 840 606 uita
868 567 1034 618 publica,
1061 572 1104 605 ut
1133 567 1307 617 Athenis,
1341 567 1407 605 sed
1435 569 1537 606 intra
1566 567 1700 607 domos

167 637 342 687 priuatas
364 636 480 673 etiam
502 634 660 672 mutatis
684 633 851 671 dominis
873 632 1161 684 triumphantes
1176 629 1277 670 ‘erat
1298 632 1511 671 stimulatio
1534 631 1701 683 ingens',

167 706 211 739 ut
242 701 295 739 ait
326 700 476 738 Plinius
503 712 539 737 11.
562 699 597 737 h.
620 696 687 748 35,
711 696 753 749 7,
787 696 1132 748 ‘exprobrantibus
1166 698 1280 735 tectis
1314 697 1473 735 cottidie
1500 697 1698 736 imbellem

169 765 369 804 dominum
391 767 539 803 intrare
560 765 599 802 in
623 764 793 802 alienum
818 761 1090 814 triumphum',
1118 762 1186 801 sed
1212 775 1260 801 ne
1288 763 1352 800 hic
1373 762 1532 813 quidem
1559 764 1700 801 uitium

167 830 314 869 alienas
335 831 526 880 imagines
542 842 634 867 suae
657 830 764 879 genti
784 828 988 867 inserendi
1007 827 1150 879 probro
1172 829 1352 866 censorio
1373 827 1541 878 notabat,
1557 829 1700 879 quippe

167 897 231 935 cui
259 894 392 934 ‘etiam
418 896 578 933 mentiri
605 894 800 932 clarorum
828 895 1018 944 imagines
1046 899 1151 931 esset
1177 892 1318 943 aliquis
1344 893 1536 931 uirtutum
1564 892 1700 932 amor’.

167 962 284 1000 etiam
311 961 448 999 Cicero
475 957 562 1013 (qui
590 960 672 998 loco
701 959 811 997 Bruti
840 971 868 998 s.
889 971 917 997 s.
940 960 992 997 ita
1019 959 1166 1009 pergit:
1199 970 1442 1007 quamquam
1468 959 1531 997 his
1556 961 1699 997 lauda-

167 1029 344 1065 tionibus
362 1028 535 1065 histore'a
555 1038 693 1064 rerum
714 1031 946 1063 nostrarum
967 1029 1024 1063 est
1040 1024 1158 1074 sacta
1178 1025 1418 1062 mendosior.
1452 1026 1576 1061 multa
1597 1027 1701 1062 enim

164 1095 320 1141 scripta
339 1097 433 1130 sunt
453 1095 494 1130 in
516 1095 584 1135 eis,
611 1103 716 1139 quae
732 1091 849 1140 faeta
871 1102 950 1128 non
971 1094 1074 1137 sunt,
1097 1089 1197 1138 falsi
1217 1090 1421 1137 triumphi,
1441 1091 1585 1137 plures
1606 1101 1698 1127 con-

164 1159 329 1206 sectatus,
353 1169 509 1205 genera
530 1159 650 1195 ellam
673 1156 784 1206 salsa
806 1161 843 1194 et
865 1157 921 1194 ad
930 1156 1089 1204 plebem
1111 1157 1384 1201 transitione&
1412 1166 1501 1192 cum
1521 1155 1701 1193 homines

165 1223 400 1261 humiliores
426 1225 467 1260 m
500 1224 674 1260 alienum
708 1222 887 1260 eiusdem
919 1223 1092 1259 nominis
1125 1219 1444 1268 infunderentur
1473 1231 1621 1267 oenus:
1661 1226 1703 1258 ut

164 1290 200 1326 se*
231 1299 304 1335 eqo
337 1299 398 1326 me
430 1299 454 1325 a
488 1287 558 1325 Μ’.
585 1287 710 1325 Tullio
744 1298 829 1325 esse
862 1288 1056 1333 dicerem,
1097 1287 1167 1333 que·
1190 1287 1400 1333 patricius
1433 1296 1522 1322 cum
1555 1285 1701 1323 Seruio

167 1353 346 1402 Sulpicio
380 1354 522 1391 consul
553 1363 659 1390 anno
693 1353 846 1390 decimo
871 1355 965 1400 post
997 1355 1163 1389 exactos
1195 1362 1312 1398 reyes
1347 1346 1453 1401 fuit)
1487 1350 1526 1387 in
1564 1349 1700 1387 eodem

166 1417 266 1456 libro
293 1414 380 1470 (11,
401 1414 477 1470 42)
506 1416 732 1456 rhetoribus
760 1420 1011 1455 concesserat
1038 1413 1238 1453 ‘ementiri
1265 1416 1305 1453 in
1332 1415 1528 1465 historiis,
1564 1420 1607 1452 ut
1634 1415 1701 1453 ali-

166 1483 261 1533 quid
300 1482 430 1521 dicere
469 1487 631 1533 possent
669 1479 862 1532 argutius'
896 1478 1158 1534 (Geschz'chtl.
1186 1480 1327 1519 Litter.
1355 1479 1387 1518 II
1421 1492 1455 1531 p.
1485 1477 1567 1519 185
1584 1477 1700 1533 sqq),

167 1548 426 1599 similiterque
454 1547 590 1587 Liuius
618 1544 677 1600 (id
704 1548 787 1598 ipsa
816 1548 900 1585 eius
928 1547 1100 1584 narratio
1126 1542 1284 1598 probat)
1313 1545 1359 1584 de
1388 1545 1558 1584 diuersis
1586 1547 1699 1584 samis

167 1626 252 1652 eam
279 1613 424 1664 eligere
457 1613 561 1651 haud
597 1612 796 1651 dubitasse
831 1612 1007 1662 uidetur,
1047 1623 1147 1662 quae
1179 1616 1341 1662 propter
1373 1611 1544 1661 argutias
1577 1612 1701 1661 magis

165 1679 351 1730 placeret,
378 1678 469 1717 dum
496 1678 712 1717 mendaciis
739 1678 914 1716 offensus
941 1675 1269 1727 examinandique
1296 1676 1488 1714 molestiis
1519 1676 1701 1727 fatigatus

166 1745 355 1782 extremis
380 1743 515 1782 uerbis
535 1743 627 1782 libri
647 1744 777 1782 octaui
797 1744 837 1781 in
857 1743 1036 1781 uitiatam
1057 1741 1290 1780 funebribus
1312 1741 1493 1779 laudibus
1516 1741 1701 1792 falsisque

166 1810 381 1860 imaginum
414 1809 540 1848 titulis
568 1809 788 1858 inuehitur,
825 1821 900 1859 quo
934 1807 1017 1846 loco
1045 1819 1161 1858 quam
1194 1807 1444 1857 potissimum
1477 1812 1633 1856 gentem
1662 1808 1700 1845 in

167 1876 296 1913 animo
324 1874 515 1923 babuerit,
544 1875 644 1912 infra
672 1873 969 1925 explicabimus,
996 1885 1101 1911 nunc
1129 1871 1175 1910 de
1200 1873 1258 1910 eis
1280 1871 1578 1923 disputabimus,
1606 1884 1701 1922 quas

165 1941 436 1979 nominaverit.
451 1936 484 1994 2)
542 1941 715 1991 primum
755 1938 977 1990 exemplum
1016 1943 1077 1977 est
1115 1937 1154 1976 L.
1185 1937 1400 1987 Minucii,
1439 1949 1572 1988 quern,
1612 1949 1701 1975 cum

166 2007 330 2057 patricia
358 2007 443 2044 eius
470 2006 640 2044 nominis
668 2018 763 2056 gens
790 2017 868 2043 non
891 2003 993 2043 ultra
1016 2016 1047 2042 a.
1069 2000 1167 2042 366.
1189 2000 1274 2041 388
1303 2008 1522 2054 appareret,
1547 2001 1701 2053 plebeia

165 2072 374 2123 posteritas
411 2071 705 2121 Augurinorum
740 2070 806 2109 uel
844 2069 1033 2108 Ruforum
1071 2068 1137 2107 uel
1169 2068 1431 2106 Thermorum
1465 2062 1700 2120 (Mommsen

165 2137 214 2176 R.
236 2138 279 2175 F.
300 2136 315 2174 I
338 2133 392 2175 66
409 2149 465 2187 sq.
493 2136 527 2174 Il
547 2134 632 2174 213
649 2132 765 2190 sqq),
789 2140 833 2174 ut
852 2134 1008 2173 laudem
1028 2133 1241 2172 Maelianae
1263 2133 1468 2172 seditionis
1488 2145 1700 2183 oppressae

165 2201 241 2241 sibi
267 2201 505 2250 uindicaret,
540 2206 623 2240 tum
653 2197 703 2253 (a.
724 2198 823 2239 439.
846 2196 951 2254 315)
981 2198 1186 2238 ‘transisse
1213 2211 1233 2237 a
1260 2198 1439 2249 patribus
1466 2198 1512 2236 ad
1545 2197 1700 2248 plebem

166 2267 497 2317 undecimumque
524 2266 727 2305 tribunum
753 2265 879 2317 plebis
907 2263 1145 2316 cooptatum’
1183 2277 1270 2303 esse
1310 2264 1470 2302 finxisse
1508 2261 1699 2313 ‘salsoque

165 2333 348 2383 imaginis
375 2331 487 2370 titulo
515 2329 785 2370 confirmasse'
813 2331 990 2381 uidetur,
1024 2329 1127 2381 quod
1160 2329 1409 2368 mendacium
1439 2327 1700 2380 ‘quorundam

262 2436 294 2479 1)
322 2434 375 2469 Cf.
390 2433 520 2468 Ranke
541 2434 628 2478 (Die
641 2445 747 2469 roem».
766 2434 929 2477 Paepste,
950 2433 1094 2467 Saemtz.
1116 2432 1241 2466 lVerke
1254 2431 1424 2465 XXXVII
1447 2431 1547 2465 Vorr.
1562 2430 1698 2474 p.V11):

164 2489 212 2523 In
246 2488 403 2533 Venedz'y
433 2488 557 2522 hatten
589 2488 681 2522 eiust
712 2488 770 2522 die
800 2498 946 2532 §rossem
971 2486 1121 2520 Hauser
1146 2486 1221 2528 fast
1246 2485 1412 2520 scimtlzsseh
1440 2485 1498 2518 die
1526 2484 1699 2519 Gewohwn-

163 2542 246 2584 heic,
271 2542 345 2576 sich
370 2542 482 2575 neben
508 2541 606 2575 einer
626 2541 832 2575 Bibliothek
857 2540 951 2574 auch
976 2540 1035 2574 ein
1057 2540 1208 2574 Cabzssozet
1224 2550 1295 2574 von
1314 2538 1608 2580 Handsclzriften
1633 2548 1699 2570 afn-

164 2597 321 2641 zuleyen.
374 2596 447 2629 Dte
474 2595 601 2629 Naffur
626 2595 690 2629 der
715 2594 828 2629 Sache
854 2595 975 2639 brinyt
1001 2605 1034 2627 es
1059 2593 1126 2627 mit
1149 2593 1242 2634 siclt,
1281 2593 1364 2626 dass
1395 2593 1471 2626 sich
1503 2591 1596 2625 ctz‘ese
1622 2601 1698 2624 vor-

163 2649 338 2683 nehmlz'eh
358 2650 432 2691 auf
451 2648 508 2682 die
529 2648 853 2693 Anyeleqenheiten
872 2648 936 2681 der
956 2647 1137 2690 Republik
1158 2647 1325 2691 bezoycoz:
1350 2646 1399 2679 sie
1420 2643 1700 2688 representet-ten

165 2702 233 2736 den
265 2703 424 2743 Antheil,
458 2702 611 2736 melchan
645 2701 702 2735 die
740 2701 899 2735 Familia*
937 2712 987 2734 cm
1022 2700 1091 2734 den
1126 2699 1353 2741 O‘ffentlidten
1391 2698 1605 2740 (ieschae'iften
1642 2707 1699 2740 ye-

164 2766 346 2790 nommen:
390 2756 446 2789 als
484 2755 705 2789 Denkmc't'ler
742 2755 803 2789 des
840 2755 1003 2795 Hauses,
1042 2764 1120 2788 zur
1166 2753 1517 2795 Unterstz‘t'tzuny
1554 2750 1700 2784 semer

167 2808 383 2854 jz't'nyeren
412 2808 676 2853 ZVIitylz'eder
701 2808 880 2843 wurden
905 2808 967 2842 sie.
993 2806 1282 2850 aufbewaltrt.

262 2863 297 2905 2)
323 2860 504 2905 Exempla
523 2860 724 2895 Valeriana
750 2861 797 2894 ad
824 2861 861 2894 id
889 2861 1013 2904 caput,
1040 2871 1112 2903 quo
1139 2859 1184 2892 de
1212 2858 1363 2892 Antiate
1391 2869 1510 2902 aga-m,
1538 2854 1698 2900 seposui.
