2002 3342
622 194 658 228 L.
682 193 949 228 CORNELIVS
976 193 1128 228 SVLLA
1440 207 1643 238 CCLXXIII

204 305 255 342 lle
285 305 489 343 consilio
517 310 647 342 autem
676 310 717 342 et
747 306 954 354 ratione,
982 317 1099 355 quam
1127 310 1286 343 secutus
1315 304 1418 343 Sulla
1446 317 1643 343 commen-

113 371 302 408 tariorum
342 370 461 408 libros
499 371 642 420 uiginti
676 376 711 407 et
754 369 849 407 duos
883 370 1105 420 scripserit,
1144 371 1377 420 grauissima
1412 369 1645 409 documenta

113 432 363 489 Plutarcho¹)
393 434 592 486 debemus,
626 436 737 472 cuins
764 435 844 472 uita
872 433 1002 472 Sullae
1029 440 1187 485 praeter
1213 440 1365 473 ceteras
1393 434 1644 474 multitudine

113 501 428 538 testimoniorum
461 501 578 538 unius
612 501 816 549 scriptoris
856 505 1231 550 numeratorumque
1258 499 1448 539 librorum
1478 500 1645 550 excellit,

113 564 230 615 idque
263 567 358 616 eius,
392 566 504 603 cuius
533 578 596 603 res
623 570 755 615 gestae
782 570 1010 615 narrantur,
1044 564 1112 603 sed
1145 577 1335 603 numerus
1363 578 1498 604 eorum
1527 567 1646 604 etiam

114 636 280 680 augetur
305 630 437 668 multis
465 630 550 668 aliis
578 630 746 681 indiciis,
774 642 872 680 quae
901 635 939 668 et
966 635 1197 680 argumento
1225 643 1295 668 suo
1317 636 1354 668 et
1380 630 1476 681 loco,
1504 643 1578 681 quo
1605 631 1646 668 in

115 697 336 734 narratione
359 709 447 734 curn
469 695 546 733 illis
570 696 806 734 testimoniis
829 707 944 746 saepe
967 696 1175 733 coniuncta
1197 701 1397 746 apparent,
1419 695 1466 734 ad
1481 695 1646 735 eandem

114 762 385 799 auctoritatem
417 761 628 799 trahuntur
655 758 752 813 (uid.
779 761 881 798 int'ra
907 774 943 811 p.
967 758 1298 812 CCLXXVIsqq.).
1340 773 1481 799 uerum
1516 766 1646 800 tamen

113 825 346 864 Plutarchus
373 827 490 865 etiam
517 826 835 864 aduersariorum
864 827 1100 864 sententiam
1129 827 1323 876 cognitam
1356 825 1493 864 hahuit
1519 839 1648 877 neque

114 903 198 929 eam
220 897 452 942 aspernatus
475 891 610 930 multis
628 891 861 929 criminibus
883 891 1012 929 Sullae
1038 893 1162 929 uitam
1183 903 1392 942 moresque
1421 891 1646 930 cumulauit.

113 968 203 994 nam
238 957 315 994 iam
350 956 602 1006 Posidonius,
639 958 714 994 etsi
747 958 832 995 eius
868 956 989 994 indoli
1024 962 1062 995 et
1102 956 1301 994 doctrinae
1342 955 1470 994 Sullae
1511 969 1648 1007 super-

114 1023 312 1060 stitionem
340 1023 507 1060 maxime
534 1021 729 1072 placuisse
763 1026 1071 1060 consentaneum
1105 1017 1218 1072 ess-³),
1251 1021 1421 1060 mediam
1453 1021 1647 1072 quandam

113 1088 218 1125 inter
239 1086 366 1125 Sullae
388 1086 609 1125 laudatores
631 1093 669 1125 et,
696 1087 980 1125 obtrectatores
1002 1088 1206 1138 ingressus
1228 1092 1287 1125 est
1306 1088 1412 1125 uiam
1434 1086 1648 1137 habuitque

114 1158 324 1203 sequentes
351 1152 563 1191 Diodorum
597 1158 636 1191 et
663 1152 709 1191 de
742 1152 844 1191 hello
877 1151 1140 1190 Mithridatico
1166 1147 1450 1205 Appianum),
1485 1151 1648 1189 fortasse

115 1218 231 1256 etiam
254 1214 548 1271 Strabonem34)
579 1217 624 1256 de
652 1217 801 1256 Latinis
829 1223 959 1256 autem
988 1216 1027 1255 L.
1050 1216 1256 1255 Cornelius
1285 1216 1450 1255 Sisenna
1477 1217 1649 1267 primum

116 1283 200 1321 eius
234 1282 368 1321 laudes
398 1288 696 1334 propagauerat,
723 1288 806 1321 tum
833 1295 929 1321 uero
957 1282 1165 1321 Sallustius
1193 1294 1257 1321 eas
1284 1283 1533 1333 temperauit,
1560 1294 1650 1320 cum

114 1347 228 1386 bonis
249 1349 372 1386 initiis
392 1347 515 1386 malos
537 1354 704 1387 euentus
725 1360 814 1386 eum
837 1348 1020 1386 habuisse
1044 1347 1249 1397 scriberet,
1275 1352 1318 1385 ut
1337 1348 1514 1386 incertus
1535 1352 1650 1397 esset,

116 1418 247 1451 utrum
281 1425 378 1463 quae
411 1419 497 1464 post
530 1415 738 1452 uictoriam
774 1413 932 1451 ciuilem
966 1414 1143 1463 fecisset,
1177 1412 1345 1464 puderet
1378 1413 1500 1462 magis
1534 1424 1651 1462 quam

116 1479 270 1529 pigeret
304 1478 498 1516 disserere
526 1474 763 1532 <Catil.4,4.
791 1479 870 1529 lug.
887 1474 1035 1531 95‚4);
1069 1478 1232 1517 chorum
1258 1483 1390 1516 tamen
1417 1477 1651 1515 inferiorum

116 1543 252 1581 Liuius
281 1543 397 1594 ducit,
426 1545 491 1595 qui
520 1557 608 1582 cum
637 1544 742 1582 Sulla
772 1544 817 1582 de
846 1556 1010 1582 numero
1043 1543 1213 1582 militum
1241 1543 1289 1581 ad
1316 1543 1583 1581 Chaeroneam
1609 1543 1650 1580 in

116 1614 281 1659 utraque
321 1610 402 1647 acie
444 1604 541 1662 (uid.
570 1609 655 1648 adn.
685 1608 731 1647 ad
760 1610 803 1647 fr.
829 1606 902 1662 15)
941 1615 980 1647 et
1020 1609 1065 1647 de
1100 1608 1351 1647 multitudine
1391 1608 1564 1646 hostium
1603 1607 1651 1646 ad

116 1673 239 1712 Tifata
268 1680 438 1712 montem
467 1687 670 1712 caesorum
696 1675 904 1724 consentit,
932 1674 1181 1712 Sullanorum
1208 1679 1339 1712 tamen
1360 1675 1400 1711 in
1427 1672 1534 1711 Italia
1556 1685 1650 1723 pau-

116 1740 273 1777 citatem
301 1735 462 1792 auxit5),
491 1739 659 1790 denique
687 1739 994 1789 pulcherrimam
1020 1740 1228 1788 uictoriam
1255 1734 1364 1790 (ante
1390 1744 1544 1789 portam
1566 1737 1651 1776 Col-

117 1800 255 1857 linam)
292 1804 534 1855 crudelitate,
571 1810 715 1855 quanta
750 1806 791 1843 in
827 1804 933 1843 nullo
970 1805 1174 1843 hominum
1216 1804 1373 1854 fuisset,
1407 1804 1652 1854 inquinatam

117 1881 204 1908 esse
241 1869 421 1908 concedit
457 1865 760 1923 (pe1·ioch.88).
809 1883 854 1908 ex
892 1870 963 1908 hac.
1000 1871 1194 1908 sententia
1228 1869 1399 1908 Velleius
1436 1863 1494 1922 (2,
1516 1865 1584 1919 25,
1606 1865 1650 1921 3)

118 1933 212 1972 adeo
235 1947 322 1973 eum
347 1934 575 1973 dissimilem
599 1935 721 1974 fuisse
742 1935 973 1974 bellatorem
995 1948 1037 1973 ac
1058 1936 1253 1973 uictorem
1275 1934 1478 1984 declamat,
1498 1939 1541 1972 ut
1560 1933 1652 1972 dum

117 2000 314 2050 uinceret,
347 2002 584 2051 aequissimo
612 2000 749 2052 lenior,
779 2006 869 2052 post
898 2002 1106 2040 uictoriam
1131 1999 1261 2039 audito
1292 2000 1411 2038 fuerit
1441 1998 1652 2039 crudelior.

118 2065 248 2115 itaque
280 2065 514 2104 Plutarchus
541 2067 581 2104 in
614 2068 739 2117 prima
773 2071 883 2117 parte
910 2067 1015 2105 uitae
1041 2078 1113 2117 per
1138 2065 1352 2117 particulas
1379 2063 1493 2103 modo
1522 2064 1652 2103 Sullae

117 2129 232 2167 modo
248 2131 332 2169 eius
348 2130 586 2169 aduersariis
609 2132 712 2170 fauet
733 2133 951 2182 miscetque
973 2131 1108 2170 laudes
1130 2130 1437 2181 calumniasque,
1459 2131 1498 2167 in
1519 2130 1651 2180 pensi-

118 2194 245 2233 tandis
273 2201 402 2233 tamen
430 2198 486 2234 eis
514 2198 669 2248 saepius
697 2196 743 2235 ad
777 2196 1060 2235 obtrectatores
1089 2209 1204 2247 quam
1232 2195 1280 2234 ad
1307 2195 1566 2233 admiratores
1592 2195 1650 2232 in-

118 2257 286 2314 clinat.‘³)
319 2267 401 2299 tum
429 2267 570 2313 autem,
598 2268 803 2313 postquam
831 2262 878 2300 ad
906 2275 969 2301 res
997 2263 1036 2300 in
1065 2261 1229 2300 Graecia
1263 2266 1300 2299 et
1326 2273 1448 2312 prope
1484 2260 1652 2311 patriam

215 2376 246 2418 1)
274 2374 381 2409 Nunc
407 2375 444 2408 in
471 2375 600 2410 multis
626 2376 736 2410 rebus
763 2376 808 2410 ab
836 2388 880 2410 ea
907 2376 1103 2419 sententia,
1130 2387 1242 2420 quam
1269 2375 1323 2409 De
1350 2373 1542 2408 Plutarchi
1571 2372 1652 2407 fon-

118 2426 216 2461 tibus
243 2428 332 2461 olim
358 2429 546 2472 proposui,
573 2429 764 2464 dissentio.

214 2484 248 2517 2)
276 2480 359 2516 Vid.
381 2481 513 2516 Zelleri
539 2482 625 2516 hist.
648 2482 773 2517 Graec.
795 2483 886 2527 phil.
907 2483 957 2516 III
984 2487 1000 2516 1
1016 2482 1028 2501 ⁸
1054 2494 1089 2526 p.
1111 2485 1179 2516 575
1207 2493 1259 2525 sq.

215 2537 247 2577 3)
274 2534 404 2568 Vitelli
430 2535 454 2569 1.
475 2547 502 2569 s,
523 2547 558 2579 p.
581 2539 647 2570 380
675 2548 752 2580 sqq.

215 2590 248 2631 4)
276 2587 406 2622 Busoltz
432 2587 454 2621 1.
476 2600 502 2622 s.
523 2601 558 2632 p.
580 2593 647 2623 436
675 2601 752 2633 sqq.

215 2643 249 2684 5)
276 2640 328 2675 Cf.
350 2641 500 2685 Eutrop.
524 2647 555 2685 ὅ,
579 2646 608 2677 7.
637 2643 736 2677 Oros.
760 2647 792 2685 ι’),
814 2646 846 2684 2,
867 2646 898 2676 2.
926 2642 996 2676 hoc
1015 2641 1097 2676 loco
1119 2641 1287 2676 consulto
1309 2641 1437 2675 Liuius
1458 2651 1651 2675 numerum

120 2694 344 2735 mutauerat,
379 2694 464 2728 aliis
496 2695 697 2740 Eutropius
732 2698 768 2730 et
802 2695 952 2730 Orosius
985 2696 1083 2729 inter
1115 2706 1153 2729 se
1186 2694 1362 2729 differunt:
1393 2697 1504 2738 atque
1538 2694 1652 2728 etiam

121 2757 245 2780 eorum
270 2746 357 2781 libri
383 2759 467 2782 mss.
501 2749 598 2783 inter
630 2761 678 2793 se,
713 2750 777 2783 sed
803 2749 858 2784 ita
882 2752 924 2783 ut:
949 2748 1231 2783 multitudinem
1257 2748 1419 2783 hostium
1446 2747 1651 2782 occisorum

121 2800 366 2841 seruauerint3
394 2801 635 2846 neglegentia
661 2802 777 2846 igitur
804 2802 938 2836 subest.
967 2802 1012 2836 cf.
1036 2802 1118 2835 adn.
1142 2801 1189 2835 ad
1217 2801 1344 2836 Claud.
1367 2801 1409 2834 fr.
1432 2804 1487 2834 84.

216 2854 249 2896 6)
278 2852 406 2887 Vitelli
432 2853 456 2888 1.
479 2866 505 2888 s.
528 2865 589 2889 eas
616 2855 831 2899 particulas,
861 2866 955 2899 quae
984 2854 1109 2889 Sullae
1137 2865 1289 2898 aequae,
1316 2856 1351 2888 et
1374 2864 1447 2896 eas,
1475 2864 1570 2897 quae
1596 2852 1653 2886 in-

192 2918 271 2942 nist.
285 2918 367 2943 Rom.
388 2919 441 2943 rei.
456 2920 480 2951 1,
501 2920 545 2944 ed.
566 2921 687 2945 Peter.
718 2921 773 2945 Ed.
789 2922 839 2945 ait.
1250 2913 1368 2947 XVIII
