2002 3342
77 903 111 927 10

78 1229 111 1255 15

474 189 670 223 VALERII
696 188 919 224 ANTIATIS
948 188 1183 223 ANNALES.
1222 190 1265 224 fr.
1288 194 1331 224 45
1583 190 1667 232 265

136 303 323 340 socictate
351 300 554 352 peculatus
580 299 830 350 uiderentur,
857 299 1008 338 scribae
1037 312 1189 351 quoque
1219 300 1293 339 duo
1322 307 1359 339 et.
1386 314 1586 340 accensus.
1628 301 1668 341 L.
1707 316 1716 322 ·

136 366 325 404 Hostilius
359 372 397 404 et
429 365 580 404 scribae
614 371 653 403 et
685 377 892 415 accensus,
925 367 1155 416 priusquam
1186 365 1232 404 de
1261 366 1443 417 Scipione
1477 366 1667 405 iudicium

137 432 261 482 lieret,
282 431 450 469 absoluti
465 436 567 479 sunt,
584 430 714 480 Scipio
731 435 765 468 ct
783 431 823 468 A.
838 430 1027 469 Hostilius
1046 430 1195 481 legatus
1211 437 1249 470 et
1264 431 1302 469 C.
1319 431 1461 470 Furius
1478 431 1667 471 damnati:

133 509 210 547 quo
244 495 486 535 commodior
516 508 590 546 pax
618 495 808 533 Antiocho
842 495 1019 546 daretur,
1053 496 1277 546 Scipionem
1304 509 1370 535 sex
1400 496 1505 535 milia
1540 497 1668 548 pondo

133 563 236 611 auri,
270 560 556 612 quadringenta
589 561 785 610 octoginta
813 561 963 610 argenti
995 560 1082 611 plus
1116 563 1315 612 accepisse
1349 574 1464 612 quam
1492 563 1530 601 in
1560 575 1668 601 aera·

135 628 237 665 rium
265 625 473 677 rettulerit,
500 626 541 663 A.
564 625 774 664 Hostilium
801 627 996 676 octoginta
1023 625 1151 676 pondo
1180 628 1276 677 auri,
1304 629 1455 677 argenti
1483 627 1668 678 quadrin-

132 698 248 741 genta
274 692 361 741 tria,
388 691 550 730 Furium
578 696 827 741 quaestorem
855 692 939 729 auri
968 690 1097 741 pondo
1126 697 1283 730 centum
1312 693 1489 743 triginta,
1516 695 1666 743 argenti

133 756 312 796 ducenta.
353 757 422 794 has
449 768 520 807 ego
549 768 722 794 summas
750 757 835 794 auri
862 761 900 794 et
926 757 1078 806 argenti
1104 756 1245 795 relatas
1267 757 1370 807 apud
1392 758 1587 797 Antiatem
1609 759 1667 796 in-

134 823 239 860 ueni.
267 845 322 848 —
353 844 401 847 —
1200 864 1204 869 .

223 882 276 940 (c.
298 883 386 940 55.)
420 886 580 925 Iudiciis
614 898 633 924 a
667 886 709 931 Q.
747 886 931 925 Terentio
964 892 1145 937 praetore
1184 887 1370 937 perfectis
1409 888 1597 927 Hostilius
1631 894 1669 927 et
1700 901 1717 922 s

134 952 277 991 Furius
312 951 482 990 damnati
513 951 679 1002 praedes
711 951 847 990 eodem
875 951 936 990 die
964 951 1238 1002 quaestoribus
1263 951 1426 991 urbanis
1455 952 1667 1006 dederunt,

131 1018 263 1069 Scipio
285 1030 374 1056 cum
395 1016 652 1055 contenderet
671 1028 827 1055 omnem
849 1029 964 1067 quam
986 1018 1203 1068 accepisset
1226 1019 1434 1068 pecuniam
1456 1019 1495 1057 in
1516 1020 1668 1057 aerario

133 1094 232 1133 esse,
259 1095 331 1122 nec
359 1094 400 1120 se
427 1083 637 1133 quicquam
666 1081 810 1132 publici
840 1081 1002 1133 hahere,
1037 1084 1077 1120 in
1102 1082 1261 1121 uincula
1290 1082 1379 1121 duci
1407 1089 1467 1122 est
1493 1089 1667 1134 coeptus.

133 1147 172 1186 P.
208 1147 338 1199 Scipio
371 1147 511 1186 Nasica
544 1147 724 1186 tribunos
760 1147 972 1198 appellauit
1006 1149 1303 1199 orationemque
1339 1148 1476 1188 habuit
1510 1148 1666 1200 plenam

132 1214 239 1251 ueris
267 1212 475 1251 decoribus
503 1225 579 1251 non
602 1214 865 1251 communiter
884 1212 998 1251 modo
1020 1213 1224 1252 Corneliae
1250 1215 1390 1265 gentis,
1419 1213 1488 1253 sed
1507 1215 1667 1265 proprie

134 1278 304 1317 familiae
337 1290 441 1316 suae.
480 1283 666 1329 parentes
695 1290 786 1317 suos
813 1283 852 1316 et
877 1278 916 1316 P.
943 1278 1116 1317 Africani
1144 1291 1188 1317 ac
1215 1278 1255 1317 L.
1283 1278 1499 1331 Scipionis,
1534 1281 1601 1330 qui
1626 1281 1666 1318 in

132 1355 333 1382 carcerem
369 1343 596 1394 duceretur,
632 1343 753 1382 fuisse
787 1343 854 1382 Cn.
886 1348 924 1382 et
949 1343 989 1383 P.
1018 1343 1241 1395 Scipiones,
1274 1343 1514 1383 clarissimos
1546 1346 1667 1383 uiros.

131 1421 210 1460 eos,
238 1421 327 1447 cum
354 1421 424 1459 per
451 1409 598 1459 aliquot
626 1421 748 1447 annos
775 1410 815 1447 in
843 1414 947 1447 terra
968 1408 1155 1460 Hispania
1181 1409 1373 1448 aduersus
1401 1410 1545 1448 multos
1573 1410 1668 1449 Poe-

132 1486 274 1512 norum
295 1473 638 1524 Hispanorumque
667 1479 704 1512 et
732 1473 851 1512 duces
872 1479 911 1512 et
931 1475 1127 1513 exercitus
1148 1476 1319 1513 nominis
1339 1474 1504 1514 Romani
1525 1475 1667 1514 samam

81 1555 114 1580 20
134 1540 339 1578 auxissent
364 1551 441 1577 non
467 1538 568 1577 bello
594 1538 731 1589 solum,
758 1538 826 1577 sed
847 1539 950 1590 quod
971 1539 1166 1578 Romanae
1187 1542 1470 1591 temperantiae
1498 1540 1667 1592 fideique

134 1605 337 1655 specimen
357 1603 435 1642 illis
456 1603 640 1655 gentibus
663 1603 874 1655 dedissent,
901 1604 948 1643 ad
969 1610 1189 1644 extremum
1210 1605 1323 1644 ambo
1350 1618 1420 1656 pro
1442 1618 1483 1645 re
1510 1605 1667 1657 publica

226 1754 254 1777 r.
289 1743 347 1777 De
374 1743 554 1787 pecuniae
587 1753 728 1777 summa
760 1742 836 1776 uid.
860 1743 1063 1777 Blommsen
1098 1744 1120 1777 Z.
1146 1754 1173 1778 s.
1189 1746 1395 1788 p.422sqq.
1429 1744 1472 1778 de
1503 1755 1541 1779 re
1569 1756 1666 1779 mom.

126 1792 261 1834 12402.
303 1790 464 1825 Ceterum
499 1790 541 1824 de
575 1801 717 1824 samma
749 1791 835 1824 auri
869 1794 902 1824 et
933 1792 1076 1835 arqenti
1107 1791 1251 1825 dubitat
1282 1792 1437 1834 Liuius,
1469 1802 1551 1826 cum
1578 1804 1612 1826 u.
1638 1803 1665 1826 s.

130 1838 362 1882 transcriptis
386 1838 472 1872 haec
497 1837 634 1872 addat:
658 1836 700 1870 In
726 1836 764 1871 L.
787 1836 958 1881 Scipione
985 1837 1112 1871 malim
1133 1838 1306 1882 equidem
1325 1838 1470 1873 librarii
1489 1839 1666 1873 mendum

129 1895 243 1929 quam
269 1884 505 1918 mendacium
533 1884 723 1929 scriptoris
751 1895 830 1919 esse
856 1885 896 1918 in
916 1896 1061 1919 summa
1081 1886 1161 1920 auri
1182 1887 1294 1929 atque
1315 1886 1473 1931 argenti.
1507 1886 1667 1921 similius

129 1931 229 1967 enim
260 1932 339 1966 ueri
372 1934 427 1966 est
457 1931 603 1977 argenti
630 1942 742 1975 quam
769 1932 850 1966 auri
875 1932 996 1967 maius
1021 1933 1168 1977 pondus
1193 1933 1327 1974 fuisse,
1359 1936 1398 1968 et
1422 1934 1547 1978 potius
1575 1944 1666 1978 qua-

130 1979 306 2024 dragiens
338 1991 449 2023 quam
482 1979 700 2014 ducentiens
737 1979 988 2023 quadragiens
1023 1980 1127 2015 litem
1163 1981 1418 2024 aestimatam,
1455 1992 1497 2016 eo
1532 1981 1666 2026 magis,

130 2026 230 2071 quod
261 2027 389 2061 tantae
422 2037 587 2061 summae
619 2027 802 2062 rationem
835 2026 949 2062 etiam
981 2027 1028 2061 ab
1060 2028 1141 2072 ipso
1173 2028 1211 2063 P.
1240 2027 1413 2073 Scipione
1444 2029 1665 2072 requisitam

130 2085 209 2109 esse
241 2073 280 2108 in
313 2076 443 2108 senatu
469 2074 641 2115 tradunt,
672 2074 885 2118 librumque
909 2074 1066 2109 rationis
1093 2075 1188 2117 eius,
1223 2086 1306 2110 cum
1332 2075 1485 2110 Lucium
1512 2076 1665 2110 fratrem

130 2121 275 2156 adferre
301 2121 484 2163 iussisset,
517 2122 752 2166 inspectante
785 2123 916 2156 senatu
949 2121 1025 2156 suis
1057 2123 1180 2167 ipsum
1212 2123 1385 2157 manibus
1412 2124 1664 2168 concerpsisse

131 2169 404 2214 indignantem,
433 2169 543 2213 quod,
565 2181 648 2203 cum
668 2169 726 2204 bis
747 2168 907 2204 milliens
928 2169 965 2203 in
987 2170 1170 2204 aerarium
1191 2169 1392 2207 intulisset.
1414 2171 1666 2217 quadragiens

130 2217 226 2251 ratio
253 2216 300 2250 ab
328 2227 366 2251 se
391 2218 617 2261 posceretur.

225 2265 336 2299 s—t.
366 2264 456 2298 Gen.
478 2266 640 2307 6,19,8.·
666 2263 873 2298 Valerius
910 2265 1035 2299 autem
1072 2264 1238 2299 Antias
1274 2265 1418 2311 [ancias
1447 2267 1498 2311 R]
1535 2267 1666 2300 contra

129 2311 226 2346 hanc
258 2311 491 2346 decretorum
523 2311 740 2346 memoriam
773 2312 975 2355 contraque
1008 2312 1252 2347 auctoritates
1276 2315 1445 2347 ueterum
1472 2313 1664 2348 annalium

128 2361 214 2404 post
232 2358 401 2393 Africani
426 2360 583 2393 mortem
602 2358 906 2393 intercessionem
926 2359 1038 2393 istam
1057 2371 1123 2404 pro
1146 2359 1318 2405 Scipione
1337 2360 1504 2395 Asiatico
1523 2360 1662 2395 factam

131 2417 211 2441 esse
243 2418 265 2440 a
296 2405 445 2441 Tiberio
479 2406 646 2441 Graccho
679 2406 792 2449 dixit,
824 2417 944 2449 neque
976 2406 1133 2441 multam
1158 2407 1362 2452 irrogatam
1389 2407 1570 2452 Scipioni,
1597 2409 1664 2443 sed

131 2453 376 2498 dampnatum
390 2464 474 2488 eum
489 2454 627 2500 [meum
642 2455 678 2488 R
698 2466 730 2488 α.
747 2454 852 2499 corin]
874 2453 1068 2498 peculatus
1083 2455 1312 2500 [speculatus
1327 2455 1363 2490 R
1382 2455 1598 2499 pecculatus
1610 2456 1660 2502 V]

130 2501 177 2536 ob
202 2500 467 2535 Antiochinam
495 2501 741 2547 [antiochiam
765 2502 862 2546 ΒΡ]
888 2501 1097 2545 pecuniam,
1124 2503 1213 2545 quia
1239 2503 1320 2548 [qui
1342 2503 1415 2537 VP
1426 2503 1478 2549 R]
1504 2503 1664 2547 praedes

129 2560 204 2583 non
237 2548 360 2591 daret,
392 2548 431 2582 in
463 2559 648 2583 carcerem
682 2548 766 2582 duci
799 2552 970 2592 coeptum
997 2551 1111 2593 atque
1136 2550 1190 2584 ita
1215 2550 1469 2585 intercedente
1496 2550 1662 2585 Graccho

129 2597 353 2641 exemptum.
381 2617 424 2622 -
451 2596 510 2631 De
540 2598 583 2631 P.
608 2596 792 2641 Scipionis
817 2597 978 2631 Nasicae
1009 2599 1173 2632 oratione
1203 2598 1279 2632 uid.
1306 2609 1420 2642 supra
1440 2609 1480 2642 p.
1502 2609 1590 2633 ccc-X
1601 2608 1661 2633 VII.

221 2726 245 2763 3
273 2725 319 2762 A.
347 2725 436 2762 add.
464 2736 507 2762 ex
531 2726 638 2773 Illoy.
762 2726 785 2763 6
813 2726 993 2764 retulerit
1018 2728 1124 2775 Jon.
1156 2728 1346 2765 retulerat
1371 2728 1462 2766 libra·
1487 2739 1558 2766 rec.

133 2787 183 2823 11
219 2780 380 2835 Furius]
414 2783 456 2822 L.
476 2785 620 2822 Furius
646 2786 753 2833 Moy.
877 2788 927 2823 21
963 2798 1034 2835 pro
1068 2799 1108 2824 re
1141 2786 1299 2836 publica
1332 2798 1355 2830 ς
1379 2787 1557 2835 plerique
1589 2801 1661 2838 pro

130 2843 172 2881 P.
193 2844 237 2880 R.
266 2854 290 2887 ς
316 2844 384 2881 cclii
