2002 3342
521 686 571 732 L.
600 685 859 732 COELIVS
893 679 1308 751 ANTIPATER1)

236 793 402 831 Prorsus
430 805 572 831 nouam
599 794 703 830 niam
731 794 771 831 in
798 793 960 831 historia
988 793 1214 845 scribenda,
1248 807 1338 833 cum
1372 808 1434 833 res
1462 808 1538 834 non
1567 797 1680 835 niodo

146 863 324 897 narraret
347 857 415 897 sed
437 859 552 896 etiam
576 863 794 908 exornaret,
822 859 1044 909 ingressum
1072 871 1158 898 esse
1180 859 1220 898 L.
1237 860 1412 898 Coelium
1433 862 1680 912 Antipatrum

146 923 360 962 identidem
383 923 519 961 Cicero
548 922 803 974 praedicauit.
843 936 932 962 nam
954 924 1052 975 illos,
1080 926 1148 976 qui
1175 930 1263 963 ante
1293 938 1382 964 eum
1410 927 1448 964 in
1476 926 1681 965 annalibus

147 988 402 1028 conficiendis
423 989 569 1026 uersati
594 994 737 1039 essent,
760 988 880 1027 solam
903 1002 984 1027 rem
1008 991 1194 1041 tenuisse,
1214 990 1336 1029 uerba
1357 992 1487 1029 minus
1509 1004 1681 1041 curasse,

145 1054 249 1093 hune
283 1060 364 1092 arte
399 1053 564 1104 quadam
599 1060 637 1091 et
670 1055 819 1092 ratione
854 1054 975 1092 uerba
1012 1061 1050 1093 et
1082 1055 1248 1105 elegisse
1283 1062 1321 1094 et
1353 1055 1565 1095 collocasse
1602 1059 1680 1108 pri-

145 1131 330 1170 mumque
364 1131 403 1157 se
439 1120 612 1157 erexisse
648 1125 685 1157 et
717 1118 903 1157 historiae
938 1122 1126 1159 maiorem
1159 1122 1270 1159 uocis
1304 1134 1444 1160 sonum
1471 1121 1679 1161 addidisse.

241 1248 272 1289 1)
300 1246 339 1280 B.
353 1246 395 1279 A.
411 1245 537 1279 Nauta
558 1246 594 1278 et
617 1244 657 1278 G.
675 1244 795 1279 Groen
816 1256 888 1279 van
908 1245 1113 1281 Prinsterer
1139 1257 1171 1280 a.
1195 1250 1283 1281 1821
1313 1259 1356 1281 ex
1384 1249 1601 1292 quaestione
1620 1249 1681 1284 lit-

143 1299 295 1341 teraria,
327 1309 423 1343 quae
450 1309 471 1332 a
497 1297 679 1332 facultate
706 1298 824 1343 Lugd.
845 1298 927 1333 Bat.
949 1300 1142 1344 proposita
1169 1302 1249 1335 erat
1275 1301 1333 1335 De
1359 1301 1403 1336 L.
1427 1302 1544 1337 Coelio
1571 1304 1680 1337 Anti-

137 1357 248 1397 patro
274 1353 444 1387 historico
470 1352 554 1386 belli
578 1352 717 1386 Punici
741 1352 903 1395 secundi,
929 1355 1007 1387 tam
1035 1353 1237 1399 diligenter
1257 1356 1294 1389 et
1314 1357 1487 1390 accurate
1514 1359 1679 1400 egerunt,

143 1408 183 1440 ut
215 1406 408 1449 utriusque
436 1405 724 1439 commentarius
751 1405 949 1440 annalibus
977 1407 1080 1440 acad.
1103 1407 1220 1452 Lugd.
1243 1408 1323 1442 Bat.
1347 1419 1378 1442 a.
1402 1412 1491 1443 1821
1519 1409 1679 1444 insertus

141 1459 306 1504 praemio
335 1459 468 1504 dignus
495 1468 574 1492 esse
607 1458 844 1493 iudicaretur.
886 1470 907 1492 a
928 1459 1062 1503 quibus
1089 1459 1206 1504 libris,
1234 1472 1462 1505 quamquam
1488 1461 1615 1496 Nauta
1641 1463 1679 1497 in

142 1512 360 1557 fragmentis
387 1512 433 1545 ad
460 1523 518 1546 res
545 1513 670 1556 gestas
697 1511 900 1546 referendis
928 1513 1039 1547 nimis
1066 1513 1217 1558 ingenio
1245 1526 1310 1549 suo
1336 1515 1510 1557 indulsit,
1542 1518 1585 1550 ut
1612 1515 1679 1550 ali-

143 1568 232 1610 quot
259 1566 337 1599 eius
365 1565 598 1599 coniecturas
627 1567 794 1609 repetere
822 1565 956 1600 inutile
982 1567 1104 1600 uisum
1126 1567 1186 1610 sit,
1212 1569 1338 1603 tamen
1358 1568 1397 1602 in
1417 1568 1603 1612 plerisque
1623 1580 1679 1603 re-

140 1619 210 1654 bus
238 1620 351 1654 etiam
378 1630 476 1652 nunc
501 1618 811 1663 proficiscendum
838 1621 904 1653 est.
949 1622 1035 1664 post
1067 1631 1129 1654 eos
1157 1621 1201 1655 de
1228 1621 1353 1655 Coelio
1381 1621 1420 1656 O.
1442 1622 1597 1656 Meltzer
1622 1623 1679 1657 De

141 1673 184 1707 L.
204 1673 320 1708 Coelio
340 1673 540 1716 Antipatro
568 1672 650 1706 belli
670 1673 809 1706 Punici
833 1673 985 1707 secandi
1001 1675 1175 1718 scriptore
1195 1674 1343 1719 Lipsiae
1361 1679 1450 1709 1867
1479 1675 1679 1720 diligenter

140 1728 178 1760 et
204 1727 312 1760 docte
339 1726 424 1770 egit,
451 1728 530 1759 tum
557 1725 638 1769 ipsa
664 1725 877 1770 fragmenta
903 1728 1161 1761 tract-auemnt
1187 1726 1228 1762 O.
1250 1727 1394 1762 Gilbert
1422 1729 1509 1771 (Die
1528 1730 1677 1774 Fraym.

140 1780 173 1814 d.
190 1780 234 1814 L.
252 1779 288 1813 C.
305 1780 350 1813 A.
366 1780 404 1812 in
419 1778 649 1813 Fleckeiseni
671 1778 792 1822 suppl.
807 1778 838 1812 X
855 1791 892 1823 p.
908 1783 1108 1824 363-479,
1129 1791 1173 1814 ex
1193 1792 1265 1824 quo
1285 1781 1382 1815 libro
1404 1781 1548 1826 aliquot
1566 1785 1678 1817 notae

140 1832 315 1867 editionis
348 1832 481 1877 prioris
514 1843 611 1865 nunc
645 1831 839 1876 suppletae
873 1834 973 1877 sunt)
1001 1836 1038 1867 et
1063 1833 1177 1878 paulo
1209 1836 1295 1878 post
1321 1834 1388 1870 Gu.
1411 1834 1553 1880 Sieglin
1580 1838 1678 1881 (cum

140 1886 268 1920 eadem
289 1886 398 1920 inser.
419 1885 456 1919 in
478 1884 617 1919 eisdem
640 1885 761 1929 suppl.
776 1885 826 1919 XI
839 1898 874 1930 p.
893 1889 1032 1930 1-92),
1055 1887 1119 1930 (1111
1138 1887 1241 1922 illius
1262 1890 1482 1933 argumenta
1502 1900 1679 1934 magnam

137 1941 282 1984 partem
314 1938 510 1980 refutauit,
551 1938 615 1972 sed
648 1948 694 1972 ne
732 1938 813 1982 ipse
849 1939 1000 1982 quidem
1037 1940 1194 1974 aliorum
1227 1941 1401 1986 plausum
1433 1942 1540 1986 tulit,
1578 1943 1678 1986 quod

139 1992 306 2027 Coelium
333 1994 370 2027 et
396 1991 535 2026 bellum
562 1991 743 2025 Punicum
769 1992 961 2036 scripsisse
986 1994 1113 2037 posuit
1139 1996 1176 2028 et
1202 1996 1326 2029 aetate
1353 1999 1572 2039 prouectum
1606 1996 1678 2030 ori-

139 2046 263 2090 ginem
291 2045 392 2079 urbis
419 2056 536 2089 usque
563 2044 611 2079 ad
638 2056 742 2078 suam
769 2047 932 2079 aetatem
959 2046 1233 2090 continuatam3
1260 2050 1334 2082 tres
1355 2049 1388 2082 ei
1410 2049 1617 2083 aduersarii
1637 2050 1675 2083 in

137 2099 260 2133 indice
280 2099 371 2143 phil.
393 2099 424 2133 X
446 2111 482 2143 p.
499 2101 698 2141 384-400,
726 2097 768 2132 G.
783 2099 820 2132 F.
837 2098 973 2144 Vnger‚
1002 2100 1042 2135 O.
1064 2100 1220 2143 Gilbert‚
1248 2102 1289 2136 R.
1312 2101 1543 2136 Poehlmann
1565 2103 1677 2137 exsti-

136 2155 215 2187 tere
228 2152 316 2195 (uid.
332 2152 429 2186 infra
442 2164 478 2196 p.
492 2164 619 2194 ccxnnj.
646 2151 699 2184 Ex
720 2161 762 2186 eo
784 2153 1000 2197 certamine,
1021 2165 1093 2197 quo
1116 2154 1160 2188 de
1182 2156 1408 2190 auctoritate
1423 2156 1537 2190 Coelii
1553 2158 1589 2190 et
1608 2168 1676 2190 usu

138 2206 237 2249 apud
270 2205 463 2239 inferiores
496 2205 692 2248 scriptores
718 2204 791 2238 uiri
819 2205 919 2239 docti
951 2206 1253 2251 disputauerunt,
1289 2219 1350 2242 eos
1377 2210 1677 2252 commentario&

137 2259 202 2303 qui
227 2259 342 2293 etiam
368 2269 465 2293 nunc
491 2258 678 2292 mentione
706 2257 811 2303 digni
837 2259 928 2292 mihi
949 2260 1021 2294 uisi
1043 2263 1139 2303 sunt,
1169 2261 1268 2296 infra
1287 2275 1322 2307 p.
1339 2275 1451 2296 ccxxv
1466 2275 1517 2306 sq.
1541 2263 1675 2298 citabo.

137 2312 320 2353 Quoniam
345 2312 432 2346 libri
458 2311 534 2346 Vlr.
555 2311 791 2345 Kahrstedtii
817 2312 1040 2351 (Geschz'ehte
1061 2314 1124 2349 der
1144 2315 1356 2361 Karthayer
1382 2327 1451 2351 ron
1471 2320 1543 2351 ,218
1555 2321 1674 2352 -146

137 2367 240 2409 1913)
261 2368 297 2399 et
311 2365 409 2399 Frid.
425 2365 558 2400 Leonis
579 2364 801 2409 (Gesclzz'chte
821 2365 883 2399 der
904 2377 1008 2401 roem.
1026 2368 1258 2403 Literaturl
1275 2372 1377 2412 1913,
1399 2381 1470 2413 quo
1493 2370 1537 2403 de
1552 2369 1675 2405 Coelio

135 2430 170 2463 p.
189 2422 374 2453 336—341
398 2419 544 2463 agitur),
571 2419 772 2462 postquam
802 2428 868 2453 eae
893 2420 1057 2464 paginae
1084 2432 1179 2464 quae
1207 2422 1447 2467 antecedunt,
1473 2423 1548 2457 iam
1575 2424 1676 2468 typis

136 2472 343 2516 exscriptae
365 2474 452 2506 sunt
470 2474 663 2515 totumque
685 2470 755 2504 hoc
775 2471 949 2506 uolumen
970 2473 1046 2507 iam
1068 2475 1115 2508 ad
1138 2474 1248 2510 finem
1268 2475 1489 2520 perductum
1511 2479 1547 2510 et
1569 2476 1674 2511 abso-

134 2523 265 2567 lutum,
286 2525 322 2558 in
345 2536 475 2559 manus
497 2535 598 2559 meas
619 2527 878 2569 peruenerunt,
900 2537 1009 2569 nunc⁷
1031 2527 1070 2560 id
1091 2528 1190 2571 quod
1212 2528 1330 2571 (10100,
1356 2528 1416 2563 filo
1437 2541 1519 2564 meo
1535 2541 1674 2574 paucas

135 2578 283 2612 notulas
309 2578 471 2612 inserere
497 2577 614 2622 potui.

230 2631 269 2665 In
296 2631 444 2666 nomine
478 2631 591 2666 Coelii
628 2630 841 2674 scribendo,
875 2644 957 2666 cum
992 2634 1030 2668 in
1064 2634 1204 2669 talibus
1236 2635 1346 2670 rebus
1380 2635 1467 2670 libri
1499 2648 1583 2670 mss.
1611 2637 1673 2670 uix

135 2694 312 2729 magnum
338 2686 567 2719 momentum
594 2684 771 2726 habeant,
798 2688 946 2720 secutus
974 2699 1054 2721 sum
1081 2687 1277 2722 titulorum
1303 2689 1494 2734 lapidibus
1516 2689 1575 2724 uel
1597 2690 1674 2724 aeri

134 2738 334 2772 incisorum
362 2738 636 2772 auctoritatem.
677 2748 721 2771 ex
749 2737 876 2774 decem
904 2740 1002 2774 enim
1030 2740 1132 2784 locis,
1159 2742 1197 2775 in
1224 2742 1359 2785 quibus
1385 2742 1456 2777 hoc
1482 2753 1615 2777 nomen
1636 2743 1672 2776 in

133 2789 351 2825 Mommseni
378 2791 413 2825 C.
435 2792 460 2826 1.
482 2791 519 2826 L.
548 2792 657 2826 uol.I
684 2795 826 2836 exstat,
859 2804 953 2827 unus
986 2794 1151 2829 incertae
1185 2796 1322 2830 aetatis
1350 2795 1501 2829 exhibet
1529 2797 1673 2831 Caelius

135 2845 182 2887 (n.
204 2846 303 2888 845),
343 2843 437 2878 alter
470 2847 517 2888 (n.
539 2848 621 2885 844)
655 2847 828 2887 Kaile,
868 2848 980 2881 ceteri
1014 2850 1062 2891 (n.
1085 2851 1164 2882 270.
1187 2852 1265 2883 382.
1288 2852 1366 2883 479.
1390 2853 1467 2883 571.
1492 2853 1569 2883 641,
1593 2853 1670 2883 858.

1275 2908 1354 2941 XIV
1367 2908 1382 2925 ²²
