2002 3342
143 920 177 944 10

141 1246 173 1270 15

138 1571 172 1596 20

390 207 428 241 P.
448 206 672 242 CORNELII
698 205 927 242 SCIPIONIS
953 206 1180 242 AFRICANI
1207 208 1416 244 MAJORIS.
1456 209 1498 244 fr.
1523 214 1537 244 1
1673 210 1730 250 45

199 314 368 367 ἔξοδον,
395 314 449 357 οὐ
474 321 524 369 τῇ
552 315 659 368 τύχῃ
685 314 904 356 πιστεύων
931 313 1040 355 ἀλλὰ
1066 323 1157 364 τοῖς
1183 318 1507 370 συλλογισμοῖς.
1542 331 1730 371 παραγε-

199 381 384 434 νόμενός
416 395 463 433 γε
496 380 583 433 μὴν
618 381 680 428 εἰς
711 379 791 433 τὴν
815 378 1024 433 Ἰβηρίαν,
1056 380 1221 429 πάντας
1248 380 1499 435 ἀνακρίνων
1523 382 1596 423 καὶ
1622 382 1731 436 παρ’

200 444 385 487 ἑκάστου
424 447 764 498 πυνθανόμενος
799 445 850 486 τὰ
885 444 983 498 περὶ
1018 447 1122 493 τοὺς
1159 444 1387 495 ἐναντίους
1431 446 1613 501 ηὕρισκε
1654 449 1730 497 τὰς

199 511 280 565 μὲν
306 509 515 564 δυνάμεις
541 517 630 550 τῶν
656 510 978 563 Καρχηδονίων
1004 510 1065 558 εἰς
1091 511 1190 563 τρία
1216 509 1324 564 μέρη
1352 510 1638 565 διῃρημένας,
1669 508 1732 553 ὧν

200 576 400 629 ,Μάγωνα
425 572 504 629 μὲν
531 574 808 615 ἐπυνθάνετο
835 575 1082 628 διατρίβειν
1108 574 1230 623 ἐντὸς
1259 573 1527 628 Ἡρακλείων
1557 579 1730 629 στηλῶν

198 640 247 682 ἐν
273 648 363 690 τοῖς
389 641 570 688 Κονίοις
596 638 1065 693 προσαγορευομένοις,
1091 638 1362 694 Ἀσδρούβαν
1389 638 1437 681 δὲ
1462 642 1540 682 τὸν
1563 641 1730 684 Γέσκω-

198 722 273 755 νος
287 704 386 760 περὶ
407 705 551 758 Τάγου
566 710 765 758 ποταμοῦ
779 706 916 758 στόμα
929 705 1037 746 κατὰ
1051 705 1131 758 τὴν
1147 707 1417 759 Λυσιτανήν,
1432 706 1509 747 τὸν
1524 703 1561 747 δ’
1581 706 1731 760 ἕτερον

196 771 466 824 Ἀσδρούβαν
492 772 746 824 πολιορκεῖν
771 785 870 811 τινα
889 770 1020 811 πόλιν
1041 768 1089 811 ἐν
1109 777 1201 819 τοῖς
1220 772 1542 824 Καρπητανοῖς,
1569 772 1730 814 οὐδένα

196 834 302 890 <δὲ>
328 842 416 877 τῶν
446 833 777 889 προειρημένων
809 832 971 876 ἐλάττω
999 833 1084 889 δέχ’
1117 834 1293 889 ἡμερῶν
1319 835 1426 876 ὁδὸν
1454 836 1630 891 ἀπέχειν
1655 845 1730 892 τῆς

199 904 367 956 Καινῆς
390 902 567 949 πόλεως.
600 901 791 951 νομίζων
814 896 911 952 οὖν,
939 898 1015 941 ἐὰν
1035 897 1115 953 μὲν
1135 901 1196 949 εἰς
1216 900 1359 954 μάχην
1380 901 1579 943 συνιέναι
1600 903 1729 958 κρίνῃ

195 973 285 1016 τοῖς
305 966 543 1020 πολεμίοις,
569 965 618 1006 τὸ
639 963 720 1018 μὲν
738 965 848 1018 πρὸς
867 965 1032 1014 πάντας
1052 965 1139 1019 ἅμα
1159 966 1442 1007 κινδυνεύειν
1461 966 1730 1021 <ἐπισφαλὲς

196 1029 336 1085 εἷναι>
363 1030 517 1079 τελέως
542 1029 614 1071 καὶ
642 1030 716 1071 διὰ
741 1031 789 1071 τὸ
815 1033 1120 1084 προηττῆσθαι
1148 1033 1251 1080 τοὺς
1276 1031 1361 1084 πρὸ
1389 1031 1527 1073 αὐτοῦ
1556 1031 1627 1073 καὶ
1655 1034 1729 1074 διὰ

194 1098 242 1138 τὸ
275 1096 630 1145 πολλαπλασίους
666 1092 780 1136 εἶναι
816 1098 920 1144 τοὺς
958 1095 1271 1147 ὑπεναντίους,
1309 1096 1385 1137 ἐὰν
1420 1094 1467 1138 δὲ
1503 1098 1613 1150 πρὸς
1652 1097 1728 1139 ἕνα

195 1164 435 1215 συμβαλεῖν
461 1161 679 1213 σπεύδων,
705 1161 886 1202 κᾶπειτα
912 1161 1073 1202 τούτου
1095 1163 1504 1215 φυγομαχήσαντος,
1532 1162 1727 1216 ἐπιγενο-

193 1226 338 1281 μένων
371 1225 418 1268 δε
451 1234 539 1267 τῶν
571 1227 717 1268 ἄλλων
749 1226 996 1280 δυνάμεων,
1030 1230 1302 1282 συγκλεισθῇ
1337 1243 1444 1280 που,
1477 1228 1728 1282 κατάφοβος

196 1290 261 1346 ἧν,
287 1293 344 1346 μὴ
370 1299 465 1341 ταῖς
492 1291 643 1340 αὐταῖς
666 1292 811 1348 Γναίῳ
838 1296 898 1347 τῷ
924 1293 1034 1348 θείῳ
1060 1290 1133 1333 καὶ
1155 1293 1339 1348 Ποπλίῳ
1366 1296 1425 1349 τῷ
1451 1292 1583 1346 πατρὶ
1607 1308 1727 1347 περι-

192 1356 300 1412 πέσῃ
335 1363 593 1411 συμφοραῖς.
647 1360 698 1406 (e.
720 1358 778 1406 8.)
813 1357 882 1398 διὸ
917 1363 1045 1398 τοῦτο
1078 1357 1159 1411 μὲν
1185 1358 1231 1398 τὸ
1259 1356 1388 1411 μέρος
1418 1357 1724 1412 ἀπεδοκίμασε,

192 1424 532 1476 πυνθανόμενος
564 1419 612 1462 δὲ
644 1423 725 1476 τὴν
755 1421 1077 1476 προειρημένην
1110 1423 1379 1476 Καρχηδόνα
1410 1424 1616 1476 μεγίστας
1647 1422 1728 1478 μὲν

192 1488 338 1541 χρείας
368 1487 636 1540 παρέχεσθαι
669 1493 762 1535 τοῖς
792 1486 1090 1540 ὑπεναντίοις,
1123 1487 1306 1541 μέγιστα
1338 1486 1384 1529 δὲ
1417 1489 1629 1541 βλάπτειν
1654 1491 1726 1531 καὶ

192 1553 300 1593 κατὰ
335 1553 413 1593 τὸν
450 1551 662 1593 ἐνεστῶτα
696 1553 889 1606 πόλεμον
924 1553 1103 1606 αὐτούς,
1139 1551 1333 1606 ἐξητάκει
1369 1554 1420 1594 τὰ
1452 1554 1560 1595 κατὰ
1594 1553 1726 1608 μέρος

192 1615 300 1671 ὑπὲρ
334 1617 468 1670 αὐτῆς
493 1615 542 1658 ἐν
568 1622 617 1670 τῇ
651 1619 972 1674 παραχειμασίᾳ
996 1618 1170 1672 <παρὲι>
1195 1625 1284 1659 τῶν
1312 1619 1506 1660 εἰδότων.
1551 1619 1726 1661 ἀκούων

192 1680 239 1724 δὲ
266 1690 442 1735 πρῶτον
467 1681 562 1735 μέν,
589 1682 654 1723 ὅτι
683 1682 858 1735 λιμένας
884 1681 971 1737 ἔχει
999 1685 1139 1739 στόλῳ
1165 1684 1237 1725 καὶ
1263 1692 1490 1733 ναυτικαῖς
1511 1685 1724 1738 δυνάμεσι

190 1749 301 1801 μόνη
329 1747 488 1802 σχεδὸν
514 1754 603 1788 τῶν
628 1747 736 1788 κατὰ
762 1748 842 1802 τὴν
863 1746 1071 1802 Ἰβηρίαν,
1099 1749 1185 1801 ἅμα
1212 1749 1261 1790 δὲ
1286 1748 1358 1790 καὶ
1385 1750 1499 1791 διότι
1519 1751 1629 1804 πρὸς
1648 1751 1726 1792 τὸν

192 1813 276 1855 ἀπὸ
304 1819 379 1867 τῆς
400 1813 571 1866 Λιβύης
597 1815 741 1854 πλοῦν
763 1811 836 1854 καὶ
855 1813 1068 1867 πελάγιον
1088 1814 1250 1868 δίαρμα
1272 1815 1372 1855 λίαν
1392 1815 1568 1869 εὐφυῶς
1588 1822 1725 1857 κεῖται

137 1897 152 1913 <>
190 1885 282 1927 τοῖς
308 1878 652 1932 Καρχηδονίοις,
683 1878 790 1932 μετὰ
822 1875 870 1920 δὲ
896 1885 1033 1920 ταῦτα
1060 1879 1172 1920 διότι
1199 1878 1270 1920 καὶ
1298 1880 1346 1921 τὸ
1372 1886 1461 1921 τῶν
1492 1881 1726 1935 χρημάτων

189 1947 362 1997 πλῆθος
393 1942 465 1984 καὶ
491 1943 567 1992 τὰς
593 1942 840 1993 ἀποσκευὰς
865 1951 953 1986 τῶν
983 1943 1291 1999 στρατοπέδων
1318 1944 1488 1994 ἁπάσας
1514 1945 1563 1987 ἐν
1588 1947 1723 2002 ταύτῃ

189 2015 240 2064 τῇ
273 2010 397 2050 πόλει
431 2007 666 2061 συνέβαινε
700 2015 793 2057 τοῖς
826 2010 1150 2064 Καρχηδονίοις
1181 2009 1409 2065 ὑπάρχειν,
1441 2008 1504 2051 ἔτι
1537 2011 1586 2053 δὲ
1621 2013 1724 2061 τοὺς

190 2073 382 2128 ὁμήρους
407 2075 511 2122 τοὺς
536 2072 579 2123 ἐξ
607 2073 710 2128 ὅλης
735 2079 811 2127 τῆς
834 2072 1035 2128 Ἰβηρίας,
1060 2074 1109 2116 τὸ
1138 2072 1186 2116 δὲ
1207 2073 1428 2129 μέγιστον,
1456 2075 1522 2117 ὅτι
1543 2076 1724 2131 μάχιμοι

285 2225 315 2248 e.
343 2213 365 2246 f.
403 2214 554 2248 Insulae
587 2215 697 2248 situm
735 2215 969 2259 Cartltayinis
1001 2218 1149 2259 portum
1182 2216 1323 2259 partim
1361 2215 1565 2251 claudentis
1596 2221 1721 2260 postea

190 2262 367 2307 Polybius
391 2273 418 2295 c.
442 2264 537 2303 10‚2
556 2262 758 2305 explicauit
783 2262 845 2304 (cf.
870 2262 956 2296 Lm.
977 2273 1002 2296 c.
1026 2264 1085 2304 42,
1100 2265 1159 2305 ὅ),
1184 2263 1268 2297 item
1293 2263 1417 2308 stayni
1441 2264 1564 2298 urbem
1591 2276 1614 2297 α
1639 2276 1720 2300 con-

190 2309 321 2344 tinenti
345 2309 570 2352 defendentis
594 2311 702 2343 situm
729 2313 972 2353 naturaquw
997 2320 1024 2344 c.
1047 2313 1105 2352 10,
1120 2313 1141 2344 5
1155 2320 1227 2353 sq.;
1252 2312 1309 2344 12.
1347 2311 1408 2353 (cf.
1430 2311 1517 2345 Lm.
1538 2311 1559 2345 l.
1580 2315 1624 2354 s.)

282 2446 302 2482 1
337 2444 522 2482 πιστεύον
544 2444 677 2482 Vrbin.
795 2447 817 2482 2
849 2442 1051 2482 ἀνακινῶν
1077 2445 1166 2482 libri
1191 2456 1288 2482 corr.
1312 2445 1478 2484 Casanb.
1592 2447 1613 2483 7
1646 2446 1721 2484 Τά-

188 2518 260 2555 γου
288 2516 355 2541 em.
387 2504 552 2542 Casaub.
598 2503 639 2542 τὸ
672 2510 740 2542 τοῦ
775 2505 864 2542 libra·
1009 2505 1031 2541 9
1067 2502 1209 2541 οὐδένα
1238 2504 1366 2542 Vrsz'n.
1401 2502 1517 2543 οὐδὲν
1549 2506 1638 2543 libra·

190 2562 231 2601 δὲ
252 2563 341 2601 add.
359 2563 525 2601 Casaub.
652 2565 705 2602 10
731 2565 884 2613 Καινῆς
915 2564 1080 2601 Casanb.
1113 2568 1230 2613 κενῆς
1255 2564 1345 2601 ΗΖΝ-ι’
1469 2567 1535 2602 11.
1559 2567 1609 2602 12
1638 2563 1720 2603 ἐπι-

189 2620 335 2671 σφαλὲς
360 2617 461 2660 εἶναι
486 2623 575 2660 add.
596 2622 940 2667 Schweiqleaeuser,
967 2621 1163 2672 σφαλερὸν
1189 2623 1252 2660 uel
1277 2620 1449 2672 ἄβουλον
1471 2627 1557 2671 post
1585 2622 1720 2670 τελέως

188 2682 327 2720 Reiske
432 2684 483 2719 12
511 2685 784 2732 προηττῆσθαι
814 2681 980 2720 Cas-aul).
1007 2684 1262 2732 προηγῆσθαι
1292 2682 1422 2720 Vrbiu.
1458 2686 1720 2734 προηγεῖσθαι

190 2741 279 2778 libri
306 2752 376 2777 rec.
501 2742 552 2778 15
580 2755 802 2789 καταφι.ος
824 2741 956 2778 Vrbin.
984 2744 1071 2778 antas
1098 2752 1192 2778 corr.
1331 2742 1384 2779 20
1411 2740 1556 2788 αὐτοὺς
1581 2744 1719 2780 Rois-ke

190 2798 311 2838 αὐτοῦ
338 2800 426 2837 libri
521 2802 570 2838 21
601 2798 703 2850 παρὰ
731 2801 818 2838 add.
840 2801 978 2837 Reislce
1039 2799 1200 2838 εἰδότων
1226 2801 1363 2838 Reislce
1400 2800 1557 2839 εἰλότων
1587 2802 1718 2839 tvvm.

192 2861 244 2897 23
272 2858 362 2909 μόνι
388 2859 518 2896 Γνῦἱη.

1760 595 1778 618 C
