2002 3342
198 926 264 956 189

196 986 264 1016 5623

294 192 381 233 25⁴3
932 193 1189 236 REmQVIAE

293 303 353 341 sul
382 316 469 341 rum
498 303 680 342 Boiorum
715 305 889 342 exercitu
924 306 1046 354 signis
1078 305 1227 344 collatis
1255 307 1411 356 egregie
1439 308 1638 357 pugnauit.
1679 308 1824 347 duode-

294 369 451 418 triginta
480 369 586 407 milia
613 369 783 407 hostium
811 371 938 407 occisa
960 371 1096 408 Antias
1119 370 1292 409 Valerius
1314 371 1463 422 scribit,
1491 378 1601 422 capta
1622 375 1696 411 tria
1717 372 1824 412 milia

292 439 331 471 et
351 433 670 484 quadringentos,
692 435 801 485 signa
817 434 1000 473 militaria
1022 441 1180 473 centum
1202 437 1343 484 uiginti
1359 443 1553 487 quattuor,
1575 449 1696 488 equos
1717 438 1823 477 mille

294 498 481 537 ducentos
509 501 679 550 triginta,
706 505 891 550 carpenta
920 499 1085 538 ducenta
1115 500 1369 551 quadraginta
1398 507 1561 552 septem,
1589 515 1634 541 ex
1661 504 1823 541 uictori-

292 563 364 601 bus
393 564 496 602 mille
525 564 833 615 quadringentos
857 566 1052 615 octoginta
1075 571 1258 616 quattuor
1279 565 1482 605 cecidisse.
1521 566 1589 605 ubi
1614 573 1658 606 ut
1684 568 1723 606 in
1751 579 1822 606 nu-

292 641 400 667 mero
428 631 611 680 scriptori
639 642 777 680 parum
806 630 896 668 fidei
920 631 981 680 sit,
1009 631 1098 681 quia
1125 632 1166 668 in
1193 630 1369 681 augendo
1392 643 1436 669 eo
1458 643 1535 669 non
1557 632 1654 670 alius
1682 634 1824 671 intem-

292 696 492 745 perantior
513 702 583 745 est,
605 707 784 745 magnam
805 701 935 733 tamen
954 696 1161 733 uictoriam
1183 696 1304 734 fuisse
1320 702 1490 747 apparet,
1512 696 1615 747 quod
1636 702 1675 735 et
1696 703 1822 736 castra

292 765 402 810 capta
435 765 527 798 sunt
560 765 598 798 et
624 760 692 798 Boi
725 766 812 811 post
846 773 929 798 eam
963 773 1132 811 pugnam
1161 761 1355 812 extemplo
1387 761 1622 800 dediderunt
1648 774 1752 813 sese,
1786 768 1824 801 et

293 824 395 875 quod
424 824 656 875 supplicatio
683 826 768 864 eius
795 826 986 864 uictoriae
1014 838 1128 864 causa
1152 825 1307 865 decreta
1334 826 1380 864 ab
1402 832 1539 865 senatu
1560 828 1824 879 uictimaeque

292 891 461 927 maiores
490 902 637 929 caesae.

381 950 458 995 42.
493 956 580 994 Liu.
602 956 669 1004 37,
686 955 752 994 45¹.
786 955 833 994 M.
856 955 993 994 Fuluio
1015 955 1214 995 Nobiliore
1236 962 1274 995 et
1295 956 1362 995 Cn.
1384 956 1526 995 Manlio
1541 957 1706 996 Volsone
1728 969 1819 996 con-

292 1019 443 1058 sulibus
470 1020 646 1059 Valerius
673 1021 808 1059 Antias
835 1027 971 1059 auctor
997 1026 1056 1059 est
1084 1034 1283 1060 rumorem
1309 1021 1504 1061 celebrem
1530 1022 1674 1061 Romae
1703 1023 1824 1061 fuisse

293 1091 332 1123 et
356 1097 479 1136 paene
507 1098 578 1136 pro
607 1092 713 1124 certo
741 1086 929 1136 habitum,
957 1086 1174 1137 recipiendi
1196 1086 1391 1138 Scipionis
1418 1087 1680 1126 adulescentis
1708 1100 1824 1126 causa

292 1150 493 1189 consulem
520 1151 560 1190 L.
586 1150 811 1202 Scipionem
838 1157 875 1190 et
903 1164 991 1190 cum
1019 1164 1064 1190 eo
1085 1152 1124 1190 P.
1146 1152 1373 1191 Africanum
1400 1154 1439 1190 in
1467 1152 1703 1204 colloquium
1731 1165 1822 1191 euo-

290 1222 396 1254 catos
424 1217 527 1267 regis
547 1214 785 1268 [Antiochi]
812 1223 850 1254 et
870 1218 975 1267 ipsos
997 1217 1301 1268 comprehensos
1324 1230 1410 1256 esse
1439 1223 1477 1256 et
1504 1217 1669 1256 ducibus
1697 1219 1821 1269 captis

290 1281 495 1320 confestim
529 1282 576 1320 ad
604 1288 731 1321 castra
757 1282 930 1320 Romana
959 1284 1177 1321 exercitum
1206 1282 1365 1321 ductum
1394 1295 1516 1334 eaque
1544 1288 1763 1334 expugnata
1785 1288 1824 1322 et

291 1345 436 1385 deletas
469 1349 595 1385 omnis
629 1348 759 1399 copias
786 1347 1051 1386 Romanorum
1085 1360 1183 1386 esse.
1223 1347 1270 1386 ob
1304 1348 1400 1387 haec
1426 1348 1581 1387 Aetolos
1615 1348 1823 1387 sustulisse

290 1412 440 1450 animos
468 1417 506 1451 et
533 1412 718 1451 abnuisse
744 1414 935 1464 imperata
960 1413 1101 1463 facere,
1128 1414 1407 1464 principesque
1429 1426 1564 1452 eorum
1586 1415 1627 1452 in
1647 1413 1823 1452 Macedo-

291 1478 395 1515 niam
417 1483 455 1515 et
475 1479 515 1516 in
535 1478 735 1517 Dardanos
758 1484 796 1517 et
816 1480 856 1516 in
877 1478 1108 1517 Thraeciam
1133 1478 1180 1517 ad
1201 1478 1455 1517 conducenda
1477 1478 1659 1517 mercede
1681 1479 1823 1517 auxilia

289 1542 497 1592 profectos.
536 1543 632 1582 haec
665 1545 731 1594 qui
765 1545 993 1582 nuntiarent
1018 1543 1198 1592 Romam,
1231 1544 1271 1583 A.
1294 1544 1523 1583 Terentium
1544 1544 1759 1582 Varronem
1785 1549 1824 1582 et

290 1606 337 1645 M.
360 1607 564 1647 Claudium
586 1608 777 1660 Lepidum
806 1608 852 1647 ab
879 1610 919 1648 A.
942 1609 1123 1648 Cornelio
1150 1614 1405 1660 propraetore
1434 1622 1479 1648 ex
1506 1608 1653 1648 Aetolia
1679 1610 1823 1647 missos

290 1684 388 1711 esse.
428 1673 599 1712 subtexit
625 1674 766 1713 deinde
800 1674 951 1713 fabulae
984 1675 1093 1723 huic,
1126 1674 1273 1725 legatos
1299 1674 1454 1713 Aetolos
1484 1675 1525 1712 in
1553 1679 1691 1713 senatu
1718 1675 1823 1713 inter

285 1817 432 1860 pionem
456 1818 723 1863 scynisicantem
742 1819 850 1861 facit·
877 1818 961 1852 Plus
983 1821 1127 1862 partem
1148 1818 1344 1852 dimidiam
1365 1829 1408 1852 ex
1429 1818 1704 1863 quinquaginta
1724 1818 1823 1852 mili-

292 1864 358 1898 bus
384 1865 575 1899 hominum
603 1876 768 1908 caesam
796 1865 914 1900 multa
939 1866 1046 1900 milia
1072 1868 1194 1910 capta
1222 1877 1327 1900 senes
1353 1876 1558 1910 puerosque
1584 1866 1671 1900 Bois
1697 1877 1824 1910 super-

289 1923 380 1946 esse
415 1913 512 1947 unde
543 1914 650 1948 etiam
676 1924 703 1947 c
725 1916 772 1948 39
798 1917 831 1947 et
855 1916 913 1955 40,
945 1915 1075 1957 quibus
1106 1915 1148 1948 de
1179 1914 1362 1958 Scipi'oms
1394 1915 1575 1957 triumpho
1608 1914 1743 1958 αρίύιιν,
1775 1913 1825 1948 ad

290 1960 459 1995 Antiatis
484 1961 733 1995 auctoritatem
759 1962 876 1995 redire
896 1962 1014 1996 elucet.
1042 1962 1097 1996 N
1086 1973 1178 1996 zssen
1191 1973 1230 2005 p.
1248 1964 1330 1995 186.
1353 1982 1396 1986 —-
1419 1962 1558 2007 Viyintz
1576 1961 1681 1996 milia
1706 1961 1825 1996 occisa

289 2018 360 2043 esse
386 2009 508 2042 minus
532 2012 700 2043 accurate
730 2008 879 2043 Orosius
898 2011 930 2051 4,
946 2011 1062 2051 20,21
1090 2010 1288 2052 eaescripszsst.

386 2054 449 2090 4⁸2.
475 2056 520 2090 L.
543 2056 744 2100 scipionem
773 2056 906 2098 (fllium
932 2057 976 2090 P.
997 2056 1132 2100 Afric.)
1155 2056 1413 2091 adulescentem
1433 2068 1466 2090 α.
1484 2058 1564 2090 190.
1586 2058 1657 2090 564
1677 2060 1824 2100 captum

290 2114 361 2137 esse
387 2103 524 2138 Liuius
543 2115 569 2138 c.
586 2106 643 2146 34,
659 2106 680 2137 5
706 2104 904 2138 secundum
929 2104 1021 2138 dnos
1040 2109 1204 2139 auctores
1222 2107 1462 2138 narrauerat:
1480 2103 1512 2136 is
1532 2103 1597 2137 ubi
1618 2105 1655 2137 et
1676 2103 1823 2146 quando

291 2152 328 2184 et
354 2161 426 2194 quo
453 2161 541 2185 casu
567 2152 696 2195 captus
725 2150 790 2193 sit,
823 2151 919 2185 sieut
944 2151 1122 2195 pleraque
1149 2151 1235 2193 alia,
1261 2161 1392 2196 parum
1420 2150 1517 2184 inter
1543 2152 1711 2185 auctores
1739 2161 1824 2185 eon-

292 2200 375 2231 stat.
411 2197 475 2232 alii
501 2198 685 2242 principio
711 2198 801 2232 belli
828 2209 849 2232 a
875 2198 1052 2233 Chalcide
1079 2198 1214 2233 Oreum
1240 2200 1428 2243 petentem
1456 2198 1749 2232 circumuentum
1776 2197 1823 2232 ab

291 2245 403 2290 regiis
435 2246 595 2279 nauibus
628 2246 797 2287 tradunt,
831 2245 911 2288 aiii,
945 2248 1144 2290 postquam
1177 2246 1378 2280 transitum
1413 2245 1451 2278 in
1478 2245 1606 2279 Asiam
1638 2245 1702 2287 sib,
1740 2256 1825 2279 eum

288 2295 414 2326 turma
451 2293 671 2338 Fregellana
702 2294 855 2327 missum
887 2293 1120 2338 exploratum
1153 2294 1200 2328 ad
1235 2293 1338 2338 regia
1370 2294 1492 2327 eastra
1524 2291 1640 2326 effuso
1672 2292 1823 2326 obuiam

386 2436 406 2472 1
437 2435 591 2473 collatis
618 2437 740 2486 signis
767 2436 907 2473 Bamb.
934 2448 969 2473 a.
991 2447 1087 2474 corr.
1194 2437 1229 2473 2.
1247 2435 1270 2472 3
1299 2437 1416 2484 capta
1440 2434 1503 2472 ΠΙ
1529 2435 1568 2472 et
1594 2446 1658 2472 cce
1682 2434 1823 2472 Bamb.

384 2496 407 2531 3
430 2497 649 2543 equos—4
672 2495 937 2544 quadraginta
957 2497 1107 2543 septem
1127 2506 1198 2532 om.
1213 2494 1354 2532 Bamb.
1375 2494 1464 2532 add.
1479 2494 1586 2540 Moy.
1673 2495 1709 2530 4.
1727 2494 1750 2531 5
1779 2506 1825 2531 ex

293 2553 508 2592 uictoribus
532 2565 584 2590 00
609 2553 942 2592 OCCCLXXXIH
968 2554 1107 2591 Bamb.
1146 2553 1254 2591 mille
1283 2553 1592 2602 quadringentos
1623 2553 1826 2603 octoginta

293 2615 485 2661 quattuor
509 2614 616 2660 Moy.
651 2614 759 2651 mille
792 2615 832 2651 et
859 2612 1188 2651 OCGCLXXXVI
1219 2613 1282 2650 lib.
1309 2612 1398 2659 aliq.
1424 2624 1495 2649 ree.
1620 2612 1642 2649 5
1677 2614 1721 2649 ut
1753 2623 1824 2649 om.

295 2672 434 2709 Bamb.
462 2673 550 2710 add.
571 2674 678 2720 Moy.
802 2673 824 2710 6
853 2672 1054 2720 scriptoris
1081 2673 1220 2710 Bamb.

385 2726 463 2781 42,
488 2734 538 2770 12
567 2732 726 2769 Valerio
748 2732 889 2769 Flacco
910 2732 1032 2769 Antio
1059 2734 1197 2769 auctor
1218 2731 1357 2768 Bamb.
1379 2733 1467 2768 ante
1486 2741 1582 2768 corr.
1672 2731 1724 2768 18
1751 2731 1825 2767 im-

294 2792 433 2838 perata
458 2791 563 2839 Illogl.
596 2792 764 2840 imperia
789 2791 929 2829 Bamb.
1027 2792 1077 2828 19
1107 2790 1309 2828 Tardanos
1337 2790 1475 2828 Bamb.
1571 2791 1622 2826 22
1651 2789 1826 2827 subtexit

296 2849 435 2886 Bcimb.
468 2850 613 2888 adiecit]
638 2851 742 2898 DIogy.
807 2854 946 2888 senata
973 2850 1112 2888 Bamb.

1848 912 1881 936 10

1845 1235 1878 1260 15

1844 1561 1877 1586 20
