2002 3342
109 927 143 952 10

106 1253 138 1278 15

102 1579 137 1604 20

370 211 410 252 Q.
431 211 559 245 FABII
585 211 801 247 PICTORIS
830 211 1052 247 GRAECAE
1079 212 1349 248 HISTORIAE.
1389 212 1432 247 fr.
1456 212 1495 245 5b
1643 213 1697 253 15

167 317 332 372 βρέφος
358 321 419 369 εἰς
443 320 588 374 νάπην
614 321 754 370 εὐθὺς
780 321 864 363 ἀπὸ
892 327 1025 374 γονῆς
1051 319 1122 362 καὶ
1146 322 1256 374 πρὸς
1275 328 1364 362 τῶν
1384 319 1556 373 νομέων
1576 320 1699 362 ἀναι-

167 383 315 436 ρεθεὶς
336 384 583 438 ἐκτραφείη,
608 388 781 440 βραχὺν
801 385 991 440 ἐπισχὼν
1016 387 1193 439 χρόνον,
1221 390 1306 427 εἴτε
1332 385 1631 439 ὑποτοπηθείς
1656 401 1696 426 τι

166 457 255 490 τῶν
293 449 475 504 ἀληθῶν
519 454 604 491 εἴτε
647 457 726 492 τοῦ
772 452 981 503 δαίμονος
1024 451 1210 503 ἄγοντος
1254 451 1316 500 εἰς
1359 450 1611 505 τούμφανὲς
1648 451 1696 491 τὸ

165 521 355 568 πρᾶγμα,
382 514 497 570 λέγει
516 517 625 569 πρὸς
652 516 805 558 αὐτόν·
835 515 945 557 “'On
966 515 1046 569 μὲν
1068 514 1132 557 ἐπ’
1159 514 1255 569 ἐμοὶ
1276 514 1474 569 γέγονας,
1502 512 1535 557 ὦ
1552 513 1696 568 Ῥῶμε,

164 584 329 621 παθεῖν
355 581 422 622 ὅτι
447 579 502 621 ἂν
529 582 763 634 δικαιώσω,
789 582 860 622 καὶ
888 581 947 629 ὡς
972 580 1071 633 περὶ
1098 583 1266 622 πολλοῦ
1293 578 1539 634 ποιήσαιντ’
1572 579 1628 621 ἂν
1654 581 1696 621 οἱ

164 645 421 697 κομίσαντές
453 657 500 686 σε
533 647 665 699 δεῦρο
697 646 838 688 πολλὰ
869 646 942 687 καὶ
975 646 1099 687 δεινὰ
1129 647 1332 686 παθόντα
1360 657 1407 686 σε
1434 645 1695 697 ἀποθανεῖν,

165 707 298 751 οὐδὲν
325 710 392 751 δεῖ
416 711 525 764 πρὸς
551 712 697 753 εἰδότα
724 711 880 766 λέγειν,
926 712 962 752 εἰ
997 711 1048 752 δέ
1078 722 1124 752 σε
1158 710 1358 751 θανάτου
1388 726 1432 751 τε
1460 709 1531 751 καὶ
1558 710 1694 751 ἄλλου

162 777 326 824 παντὸς
352 775 618 830 ἐκλυσαίμην
638 783 789 830 κακοῦ,
815 773 882 830 ἆρ’
910 775 965 817 ἂν
985 776 1144 829 εἰδείης
1163 791 1238 830 μοι
1258 775 1388 829 χάριν
1407 774 1478 816 καὶ
1500 774 1694 831 δεομένῳ

162 839 486 894 ὑπουργήσειας
512 840 534 883 ὃ
561 843 713 883 κοινὸν
740 842 906 896 ἀμφοῖν
939 839 1059 882 ἔσται
1092 840 1299 893 ἀγαθόν;’
1340 839 1694 894 ἀποκριναμένου

163 903 210 946 δὲ
238 911 316 947 τοῦ
348 909 576 960 μειρακίου
609 906 748 948 ὁπόσα
780 909 885 956 τοὺς
917 905 965 948 ἐν
998 905 1247 959 ἀπογνώσει
1281 906 1381 959 βίου
1414 904 1643 959 κειμένους
1668 906 1693 959 ἡ

161 977 239 1012 τοῦ
279 973 566 1025 σωθήσεσθαι
605 971 726 1022 ε’λπὶς
763 980 854 1021 τοῖς
891 972 1062 1026 κυρίοις
1105 972 1265 1012 τούτου
1305 970 1449 1024 λέγειν
1487 968 1558 1011 καὶ
1595 969 1694 1011 ὑπι-

162 1041 393 1090 σχνεῖσθαι
420 1036 601 1092 ἐπαίρει,
627 1042 756 1079 λῦσαι
781 1038 988 1086 κελεύσας
1008 1036 1144 1078 αὐτὸν
1165 1035 1187 1077 ὁ
1209 1035 1417 1089 Νεμέτωρ
1438 1035 1510 1076 καὶ
1529 1035 1694 1084 πάντας

161 1100 373 1143 ἀπελθεῖν
398 1100 599 1144 ἐκποδὼν
626 1103 736 1158 φράς
722 1106 777 1144 ει
804 1104 880 1152 τὰς
906 1102 1043 1143 αυτοῦ
1070 1101 1223 1155 τύχας,
1257 1101 1313 1150 ὡς
1339 1099 1532 1153 Ἀμόλιος
1559 1100 1695 1141 αὐτὸν

160 1165 350 1220 ἀδελφὸς
395 1168 458 1209 ὢν
503 1167 767 1222 ἀπεστέρησε
815 1175 890 1222 τῆς
934 1168 1158 1221 βασιλείας
1201 1165 1402 1220 ὀρφανόν
1445 1181 1490 1207 τε
1528 1164 1695 1206 τέκνων

158 1229 311 1285 ἔθηκε,
348 1233 427 1274 τὸν
458 1230 539 1285 μὲν
572 1233 640 1275 ἐπὶ
674 1236 791 1289 θήρα
829 1233 979 1287 κρύφα
1018 1231 1417 1286 διαχειρισάμενος,
1455 1231 1536 1284 τὴν
1569 1229 1605 1271 δ’
1646 1230 1693 1272 ἐν

159 1297 304 1352 εἱρκτῇ
338 1298 577 1352 δεδεμένην
609 1299 858 1353 φυλάττων,
889 1299 940 1339 τά
965 1313 1010 1339 τε
1038 1298 1148 1339 ἄλλα
1180 1296 1318 1338 ὁπόσα
1345 1297 1558 1350 δεσπότης
1583 1296 1693 1349 χρώ-

157 1377 288 1416 μενος
321 1363 465 1419 δούλῳ
498 1365 756 1418 <λωβᾶται>.
821 1368 928 1415 (cap.
956 1365 1032 1413 82)
1079 1360 1206 1403 Ταῦτ’
1252 1361 1389 1402 εἰπὼν
1434 1359 1504 1401 καὶ
1549 1362 1693 1402 πολὺν

156 1432 330 1482 θρῆνον
362 1429 449 1483 ἅμα
482 1436 572 1478 τοῖς
604 1431 752 1483 λόγοις
786 1429 1104 1482 καταχεάμενος
1129 1426 1253 1480 ἠξίου
1281 1426 1473 1479 τιμωρὸν
1500 1433 1591 1475 τοῖς
1617 1441 1692 1466 κα-

156 1501 250 1542 κοῖς
283 1494 419 1535 αὐτοῦ
451 1497 529 1536 τὸν
557 1493 720 1547 Ῥῶμον
754 1494 978 1548 γενέσθαι.
1036 1492 1234 1547 ἀσμένως
1273 1491 1321 1533 δὲ
1359 1490 1690 1545 ὑποδεξαμένου

157 1559 234 1600 τὸν
260 1561 394 1612 λόγον
426 1566 505 1601 τοῦ
537 1561 765 1614 μειρακίου
798 1558 869 1601 καὶ
901 1561 1148 1612 παραυτίκα
1180 1559 1353 1598 τάττειν
1385 1555 1520 1597 αὑτὸν
1546 1555 1616 1597 ἐπὶ
1642 1556 1690 1597 τὸ

155 1621 289 1677 ἔργον
327 1624 555 1674 ἀξιοῦντος
594 1624 825 1674 ἐπαινέσας
857 1624 880 1666 ὁ
913 1623 1122 1679 Νεμέτωρ
1161 1625 1241 1677 τὴν
1279 1623 1540 1675 προθυμίαν
1584 1621 1691 1674 ςΤῆς

156 1689 236 1741 μὲν
273 1692 481 1744 πράξεως’
521 1689 604 1745 ἔφη
641 1691 735 1733 (τὸν
769 1692 927 1744 καιρὸν
967 1689 1051 1743 ἐγὼ
1084 1689 1393 1741 ταμιεύσομαι,
1430 1688 1484 1728 σὺ
1512 1686 1561 1727 δὲ
1586 1685 1691 1735 τέως

157 1817 370 1862 ἀποκρίσεις
401 1820 475 1865 [sic
507 1821 620 1854 latia
650 1820 783 1855 Ζοηαν.
811 1818 1024 1861 ἀνακρίσεις
1055 1817 1163 1862 libri]
1196 1817 1263 1852 οὐκ
1297 1816 1408 1850 ἔλαθε
1441 1814 1507 1859 τὴν
1541 1815 1689 1858 σκάφην

155 1868 205 1912 τῷ
225 1865 412 1913 χλαμιδίῳ
439 1867 731 1910 περικαλύπτων.
771 1863 818 1911 ἦν
845 1866 887 1901 δέ
910 1879 964 1905 τις
990 1866 1029 1900 ἐν
1057 1865 1183 1904 αὐτοῖς
1209 1862 1282 1898 ἀπὸ
1309 1863 1420 1918 τύχης
1445 1868 1518 1897 τῶν
1538 1861 1583 1895 τὰ
1602 1875 1689 1895 παι-

156 1902 218 1947 δία
244 1914 318 1959 [sic
347 1914 424 1949 Vat.
449 1914 631 1958 παιδάρια
658 1915 783 1960 wally]
810 1912 921 1958 ῥῖψαι
934 1911 1140 1971 λαβόντων
1174 1913 1236 1946 καὶ
1269 1910 1475 1956 γεγοόντων
1507 1910 1591 1952 περὶ
1624 1909 1689 1952 τὴν

156 1961 317 1996 ἔκθεσιν.
363 1959 469 2002 οὗτος
499 1963 591 1997 ἰδὼν
622 1961 690 2007 τὴν
722 1961 871 2020 σκάφην
902 1959 983 1996 τότε
1016 1960 1080 1994 καὶ
1107 1958 1290 2004 γνωρίσας
1318 1964 1359 2004 τῇ
1387 1962 1595 2002 κατασκευῇ
1625 1957 1688 1990 καὶ

155 2014 231 2049 τοῖς
262 2008 472 2053 γράιιιασιν
505 2010 630 2056 ἔτυχεν
668 2009 829 2056 ὑπονοίᾳ
866 2014 931 2043 τοῦ
971 2008 1077 2048 ὄντος
1112 2021 1176 2041 και
1209 2007 1252 2041 οὐ
1284 2005 1558 2050 παρημέλησεν,
1597 2003 1688 2038 ἀλλα

156 2056 301 2098 φράσας
332 2057 372 2091 τὸ
405 2063 556 2101 πρᾶγμα
587 2060 636 2104 τῷ
665 2058 807 2115 βασιλεῖ
839 2055 1057 2112 κατέστησεν
1090 2056 1141 2095 εἰς
1174 2054 1335 2099 ἔλεγχον·
1388 2054 1427 2087 ἐν
1463 2051 1503 2086 δε
1536 2053 1688 2091 πολλαῖς

154 2104 218 2159 καὶ
255 2103 429 2148 μεγάλαις
466 2104 649 2148 ἀνάγκαις
675 2103 693 2139 ὃ
730 2104 939 2143 Φαυστύλος
977 2100 1056 2138 οὐτ’
1086 2101 1266 2146 ἀήττητον
1299 2101 1433 2136 ἑαυτὸν
1466 2099 1688 2142 διεφύλαξεν

155 2150 238 2185 οὔτε
264 2151 503 2187 παντάπασιν
530 2152 743 2197 ἐκβιασθεὶς
769 2153 950 2193 σωζεσθαι
975 2151 1041 2195 μὲν
1067 2148 1276 2194 ὡμολόγησε
1300 2149 1386 2188 τοὺς
1412 2148 1563 2190 παῖδας,
1590 2143 1687 2180 εἶναι

155 2196 190 2231 δ’
220 2198 368 2233 ἄποθεν
398 2205 462 2244 τῆς
487 2197 607 2245 ’Άλρης
641 2199 710 2244 ἔφη
743 2199 937 2243 νέμοντας·
985 2197 1095 2237 αὐτὸς
1135 2195 1174 2231 δὲ
1213 2202 1320 2230 τοῦτο
1353 2193 1445 2236 πρὸς
1477 2194 1544 2238 τὴν
1572 2191 1688 2227 Ιλίαν

154 2245 278 2289 φέρων
310 2246 476 2292 βαδίζειν
506 2246 683 2287 πολλάκις
721 2247 815 2297 ἰδ-εῐν
853 2247 917 2280 καὶ
954 2247 1080 2289 θιγεῖν
1112 2242 1173 2279 ἐπ’
1209 2243 1331 2278 ἐλπίδι
1363 2241 1582 2299 βεβαιοτέρα
1614 2246 1686 2275 τῶν

152 2293 292 2328 τέκνων
323 2295 556 2339 ποθήσασαν.
603 2294 692 2337 ὅπερ
726 2292 793 2329 οὖν
825 2307 860 2328 οι
890 2291 1157 2336 ταραττόμενοι
1188 2292 1252 2326 καὶ
1284 2290 1373 2335 μετὰ
1407 2289 1513 2329 δέους
1546 2287 1567 2332 ὴ
1594 2285 1687 2331 πρὸς

153 2340 267 2385 ὀργὴν
292 2341 515 2385 πράττοντες
541 2341 666 2376 ὁτιουν
693 2342 862 2381 ἐπιεικῶς
887 2340 1079 2385 πάσχουσι,
1107 2339 1280 2373 συνέπεσε
1307 2340 1449 2372 παθεῖν
1474 2337 1540 2370 τὸν
1565 2334 1685 2379 Αμού-

151 2390 240 2423 λιον.
281 2388 403 2432 ἄνδρα
422 2390 491 2434 γὰρ
513 2389 601 2435 άλλῃ
622 2403 661 2424 τε
683 2387 839 2434 χρηστὸν
866 2402 930 2422 και
954 2393 1020 2422 τοῦ
1046 2386 1266 2431 Νομήτορος
1292 2384 1402 2429 φίλον
1429 2384 1500 2418 ὑπὸ
1522 2385 1687 2428 σπουδῆς

243 2513 266 2550 6
293 2512 491 2560 παθόντες
523 2515 611 2552 libri
643 2512 826 2551 παθόντα
859 2523 898 2550 σε
930 2511 1069 2548 Reislce
1100 2508 1284 2547 παθόντα
1317 2504 1352 2546 σ’
1385 2506 1450 2546 ἀπ.
1481 2508 1686 2545 ,Meua-ner

154 2574 178 2609 8
206 2571 392 2622 δεομένου
415 2574 546 2611 Vrbz'n.
636 2576 686 2611 12
716 2572 890 2617 ἅπαντας
917 2572 1016 2609 Clas.
1107 2571 1158 2607 13
1187 2567 1309 2606 αὐτοῦ
1337 2569 1427 2605 libri
1447 2567 1684 2613 cornsteple.

155 2633 208 2669 14
236 2628 291 2669 ὢν
316 2643 386 2669 om.
410 2633 540 2671 Vrbm.
604 2630 645 2670 ὁὲ
671 2633 761 2669 libri
802 2645 840 2669 τε
860 2631 1065 2668 Meutmer
1152 2629 1203 2666 17
1233 2628 1405 2677 λωβᾶται
1425 2627 1515 2664 add.
1535 2627 1686 2664 Illenlz-

151 2702 221 2728 κον
253 2691 419 2729 διατελεῖ
442 2692 612 2729 Simem's
731 2691 796 2729 18.
826 2692 877 2729 19
906 2693 986 2735 τοῖς
1012 2687 1209 2732 κατοίκοις
1235 2686 1357 2725 αὑτοῦ
1384 2687 1523 2723 omisso
1549 2687 1685 2730 κακοῖς

156 2750 257 2788 Chi-9.
280 2751 410 2789 Vrbin.
437 2746 539 2803 (κατ’
565 2750 699 2796 οἴκους
721 2750 810 2787 Vrb.
826 2744 942 2800 corr.)
1005 2750 1085 2792 τοῖς
1105 2748 1239 2792 κακοῖς
1260 2743 1380 2783 αὐτοῦ
1401 2745 1539 2782 Reiskc
1600 2747 1681 2788 τοῖς

151 2804 235 2846 κατ’
259 2804 369 2847 οἶκον
394 2808 534 2848 ἑαυτοῦ
559 2812 696 2856 κακοῖς
721 2810 920 2855 Kios-slew
1056 2808 1110 2844 20
1137 2805 1356 2857 παραυτίκα
1381 2805 1532 2851 Jacoby
1583 2802 1684 2853 μάλα

151 2868 310 2916 Sauppe
347 2869 465 2906 πάλαι
492 2870 580 2907 libri
645 2867 765 2906 αὑτὸν
792 2869 879 2906 libre·
919 2865 1040 2905 αὑτὸν
1065 2866 1221 2912 Sauppe
1638 2857 1640 2861 ’
