<?xml version="1.0" encoding="UTF-8"?>
<!DOCTYPE html PUBLIC "-//W3C//DTD XHTML 1.0 Transitional//EN"
    "http://www.w3.org/TR/xhtml1/DTD/xhtml1-transitional.dtd">
<html xmlns="http://www.w3.org/1999/xhtml" xml:lang="en" lang="en">
 <head>
  <title>
</title>
<meta http-equiv="Content-Type" content="text/html;charset=utf-8" />
  <meta name='ocr-system' content='tesseract 3.04.00' />
  <meta name='ocr-capabilities' content='ocr_page ocr_carea ocr_par ocr_line ocrx_word'/>
</head>
<body>
  <div class='ocr_page' id='page_1' title='image "./historicorumroma01peteuoft_0284.png"; bbox 0 0 2002 3342; ppageno 0'>
   <div class='ocr_carea' id='block_1_1' title="bbox 704 694 1428 759">
    <p class='ocr_par' dir='ltr' id='par_1_1' title="bbox 704 694 1428 759">
     <span class='ocr_line' id='line_1_1' title="bbox 704 694 1428 759; baseline -0.001 -16"><span class='ocrx_word' id='word_1_1' title='bbox 704 698 748 743; x_wconf 89' lang='lat' dir='ltr'>L.</span> <span class='ocrx_word' id='word_1_2' title='bbox 789 695 1142 743; x_wconf 82' lang='lat' dir='ltr'>CORNELIVS</span> <span class='ocrx_word' id='word_1_3' title='bbox 1182 695 1383 742; x_wconf 78' lang='lat' dir='ltr'>SVLLA</span> <span class='ocrx_word' id='word_1_4' title='bbox 1394 694 1428 759; x_wconf 79' lang='lat'>¹)</span> 
     </span>
    </p>
   </div>
   <div class='ocr_carea' id='block_1_2' title="bbox 295 802 1831 2484">
    <p class='ocr_par' dir='ltr' id='par_1_2' title="bbox 295 802 1831 1884">
     <span class='ocr_line' id='line_1_2' title="bbox 389 802 1830 854; baseline 0.001 -13"><span class='ocrx_word' id='word_1_5' title='bbox 389 803 430 841; x_wconf 91' lang='lat' dir='ltr'>L.</span> <span class='ocrx_word' id='word_1_6' title='bbox 452 802 678 841; x_wconf 86' lang='lat' dir='ltr'>Cornelium</span> <span class='ocrx_word' id='word_1_7' title='bbox 706 802 870 853; x_wconf 78' lang='lat' dir='ltr'><strong>Sullam,</strong></span> <span class='ocrx_word' id='word_1_8' title='bbox 904 804 1016 841; x_wconf 82' lang='lat' dir='ltr'>euius</span> <span class='ocrx_word' id='word_1_9' title='bbox 1050 804 1171 841; x_wconf 86' lang='lat' dir='ltr'>uitam</span> <span class='ocrx_word' id='word_1_10' title='bbox 1204 815 1346 854; x_wconf 87' lang='lat' dir='ltr'>resque</span> <span class='ocrx_word' id='word_1_11' title='bbox 1380 808 1508 853; x_wconf 81' lang='lat' dir='ltr'>gestas</span> <span class='ocrx_word' id='word_1_12' title='bbox 1542 816 1725 842; x_wconf 86' lang='lat' dir='ltr'>enarrare</span> <span class='ocrx_word' id='word_1_13' title='bbox 1750 816 1830 842; x_wconf 92' lang='lat' dir='ltr'>non</span> 
     </span>
     <span class='ocr_line' id='line_1_3' title="bbox 300 864 1830 918; baseline 0 -11"><span class='ocrx_word' id='word_1_14' title='bbox 300 874 360 907; x_wconf 87' lang='lat' dir='ltr'>est</span> <span class='ocrx_word' id='word_1_15' title='bbox 386 873 565 907; x_wconf 88' lang='lat' dir='ltr'>nostrum</span> <span class='ocrx_word' id='word_1_16' title='bbox 593 867 663 906; x_wconf 89' lang='lat' dir='ltr'>sed</span> <span class='ocrx_word' id='word_1_17' title='bbox 689 868 980 918; x_wconf 82' lang='lat' dir='ltr'>historicorum,</span> <span class='ocrx_word' id='word_1_18' title='bbox 1007 880 1096 906; x_wconf 85' lang='lat' dir='ltr'>cum</span> <span class='ocrx_word' id='word_1_19' title='bbox 1124 881 1155 906; x_wconf 83' lang='lat' dir='ltr'>a.</span> <span class='ocrx_word' id='word_1_20' title='bbox 1179 866 1245 906; x_wconf 80' lang='lat'>79.</span> <span class='ocrx_word' id='word_1_21' title='bbox 1267 864 1351 906; x_wconf 77' lang='lat'>675</span> <span class='ocrx_word' id='word_1_22' title='bbox 1381 867 1572 907; x_wconf 77' lang='lat' dir='ltr'>dictatura</span> <span class='ocrx_word' id='word_1_23' title='bbox 1594 868 1769 907; x_wconf 85' lang='lat' dir='ltr'>abdicata</span> <span class='ocrx_word' id='word_1_24' title='bbox 1788 870 1830 907; x_wconf 88' lang='lat' dir='ltr'>in</span> 
     </span>
     <span class='ocr_line' id='line_1_4' title="bbox 300 929 1831 984; baseline 0 -12"><span class='ocrx_word' id='word_1_25' title='bbox 300 946 413 984; x_wconf 86' lang='lat' dir='ltr'>agros</span> <span class='ocrx_word' id='word_1_26' title='bbox 440 933 622 972; x_wconf 78' lang='lat' dir='ltr'>Puteolos</span> <span class='ocrx_word' id='word_1_27' title='bbox 651 946 691 971; x_wconf 90' lang='lat' dir='ltr'>se</span> <span class='ocrx_word' id='word_1_28' title='bbox 713 934 940 984; x_wconf 75' lang='lat' dir='ltr'>recepisset,</span> <span class='ocrx_word' id='word_1_29' title='bbox 966 938 1010 971; x_wconf 90' lang='lat' dir='ltr'>ut</span> <span class='ocrx_word' id='word_1_30' title='bbox 1029 929 1165 984; x_wconf 92' lang='lat' dir='ltr'>(quem</span> <span class='ocrx_word' id='word_1_31' title='bbox 1188 932 1233 971; x_wconf 87' lang='lat' dir='ltr'>ad</span> <span class='ocrx_word' id='word_1_32' title='bbox 1255 932 1413 972; x_wconf 87' lang='lat' dir='ltr'>modum</span> <span class='ocrx_word' id='word_1_33' title='bbox 1435 939 1593 972; x_wconf 86' lang='lat' dir='ltr'>eentum</span> <span class='ocrx_word' id='word_1_34' title='bbox 1614 934 1697 972; x_wconf 89' lang='lat' dir='ltr'>sere</span> <span class='ocrx_word' id='word_1_35' title='bbox 1718 935 1831 972; x_wconf 89' lang='lat' dir='ltr'>annis</span> 
     </span>
     <span class='ocr_line' id='line_1_5' title="bbox 299 994 1830 1051; baseline 0 -14"><span class='ocrx_word' id='word_1_36' title='bbox 299 1004 389 1050; x_wconf 86' lang='lat' dir='ltr'>post</span> <span class='ocrx_word' id='word_1_37' title='bbox 409 994 611 1051; x_wconf 86' lang='lat' dir='ltr'>Tiberius)</span> <span class='ocrx_word' id='word_1_38' title='bbox 638 998 740 1036; x_wconf 90' lang='lat' dir='ltr'>liber</span> <span class='ocrx_word' id='word_1_39' title='bbox 765 999 932 1048; x_wconf 80' lang='lat' dir='ltr'>negotiis</span> <span class='ocrx_word' id='word_1_40' title='bbox 959 997 1129 1048; x_wconf 79' lang='lat' dir='ltr'>puhlicis</span> <span class='ocrx_word' id='word_1_41' title='bbox 1157 999 1288 1049; x_wconf 77' lang='lat' dir='ltr'>quiete</span> <span class='ocrx_word' id='word_1_42' title='bbox 1316 1004 1355 1036; x_wconf 86' lang='lat' dir='ltr'>et</span> <span class='ocrx_word' id='word_1_43' title='bbox 1375 999 1453 1036; x_wconf 88' lang='lat' dir='ltr'>otio</span> <span class='ocrx_word' id='word_1_44' title='bbox 1480 999 1690 1049; x_wconf 83' lang='lat' dir='ltr'>frueretur,</span> <span class='ocrx_word' id='word_1_45' title='bbox 1716 998 1772 1037; x_wconf 89' lang='lat' dir='ltr'>ibi</span> <span class='ocrx_word' id='word_1_46' title='bbox 1792 1004 1830 1037; x_wconf 88' lang='lat' dir='ltr'>et</span> 
     </span>
     <span class='ocr_line' id='line_1_6' title="bbox 297 1063 1829 1115; baseline 0 -13"><span class='ocrx_word' id='word_1_47' title='bbox 297 1063 486 1115; x_wconf 85' lang='lat' dir='ltr'>piscando</span> <span class='ocrx_word' id='word_1_48' title='bbox 515 1069 552 1102; x_wconf 88' lang='lat' dir='ltr'>et</span> <span class='ocrx_word' id='word_1_49' title='bbox 576 1063 757 1102; x_wconf 90' lang='lat' dir='ltr'>uenando</span> <span class='ocrx_word' id='word_1_50' title='bbox 786 1076 930 1114; x_wconf 82' lang='lat' dir='ltr'>eorpus</span> <span class='ocrx_word' id='word_1_51' title='bbox 952 1065 1176 1102; x_wconf 79' lang='lat' dir='ltr'>exercuisse</span> <span class='ocrx_word' id='word_1_52' title='bbox 1197 1069 1235 1102; x_wconf 84' lang='lat' dir='ltr'>et</span> <span class='ocrx_word' id='word_1_53' title='bbox 1253 1068 1411 1114; x_wconf 85' lang='lat' dir='ltr'>praeter</span> <span class='ocrx_word' id='word_1_54' title='bbox 1431 1063 1574 1102; x_wconf 81' lang='lat' dir='ltr'>Bacchi</span> <span class='ocrx_word' id='word_1_55' title='bbox 1590 1064 1829 1115; x_wconf 84' lang='lat' dir='ltr'>Venerisque</span> 
     </span>
     <span class='ocr_line' id='line_1_7' title="bbox 297 1128 1829 1180; baseline 0 -13"><span class='ocrx_word' id='word_1_56' title='bbox 297 1129 520 1180; x_wconf 88' lang='lat' dir='ltr'>uoluptates</span> <span class='ocrx_word' id='word_1_57' title='bbox 559 1128 701 1167; x_wconf 87' lang='lat' dir='ltr'>litteris</span> <span class='ocrx_word' id='word_1_58' title='bbox 740 1128 907 1167; x_wconf 84' lang='lat' dir='ltr'>multum</span> <span class='ocrx_word' id='word_1_59' title='bbox 946 1128 1183 1167; x_wconf 82' lang='lat' dir='ltr'>oblectatum</span> <span class='ocrx_word' id='word_1_60' title='bbox 1222 1130 1338 1167; x_wconf 84' lang='lat' dir='ltr'>etiam</span> <span class='ocrx_word' id='word_1_61' title='bbox 1377 1129 1565 1167; x_wconf 80' lang='lat' dir='ltr'>historiae</span> <span class='ocrx_word' id='word_1_62' title='bbox 1599 1129 1829 1168; x_wconf 80' lang='lat' dir='ltr'>scribendae</span> 
     </span>
     <span class='ocr_line' id='line_1_8' title="bbox 299 1190 1830 1248; baseline 0.001 -16"><span class='ocrx_word' id='word_1_63' title='bbox 299 1207 459 1245; x_wconf 77' lang='lat' dir='ltr'>operam</span> <span class='ocrx_word' id='word_1_64' title='bbox 483 1193 637 1232; x_wconf 85' lang='lat' dir='ltr'>dedisse</span> <span class='ocrx_word' id='word_1_65' title='bbox 659 1200 811 1232; x_wconf 85' lang='lat' dir='ltr'>constat</span> <span class='ocrx_word' id='word_1_66' title='bbox 834 1190 1297 1248; x_wconf 73' lang='lat' dir='ltr'>(D1=uma11n11p.496).</span> <span class='ocrx_word' id='word_1_67' title='bbox 1331 1196 1372 1232; x_wconf 90' lang='lat' dir='ltr'>in</span> <span class='ocrx_word' id='word_1_68' title='bbox 1399 1207 1472 1245; x_wconf 89' lang='lat' dir='ltr'>qua</span> <span class='ocrx_word' id='word_1_69' title='bbox 1501 1207 1541 1233; x_wconf 91' lang='lat' dir='ltr'>re</span> <span class='ocrx_word' id='word_1_70' title='bbox 1569 1200 1674 1233; x_wconf 82' lang='lat' dir='ltr'>tanto</span> <span class='ocrx_word' id='word_1_71' title='bbox 1702 1194 1830 1233; x_wconf 85' lang='lat' dir='ltr'>studio</span> 
     </span>
     <span class='ocr_line' id='line_1_9' title="bbox 302 1258 1830 1310; baseline 0.001 -13"><span class='ocrx_word' id='word_1_72' title='bbox 302 1265 339 1298; x_wconf 89' lang='lat' dir='ltr'>et</span> <span class='ocrx_word' id='word_1_73' title='bbox 368 1264 472 1298; x_wconf 86' lang='lat' dir='ltr'>tanta</span> <span class='ocrx_word' id='word_1_74' title='bbox 500 1258 734 1297; x_wconf 72' lang='lat' dir='ltr'>adsiduitate</span> <span class='ocrx_word' id='word_1_75' title='bbox 761 1265 943 1298; x_wconf 84' lang='lat' dir='ltr'>uersatus</span> <span class='ocrx_word' id='word_1_76' title='bbox 971 1265 1041 1310; x_wconf 71' lang='lat' dir='ltr'>est,</span> <span class='ocrx_word' id='word_1_77' title='bbox 1067 1264 1111 1298; x_wconf 84' lang='lat' dir='ltr'>ut</span> <span class='ocrx_word' id='word_1_78' title='bbox 1138 1259 1289 1298; x_wconf 83' lang='lat' dir='ltr'>duobus</span> <span class='ocrx_word' id='word_1_79' title='bbox 1317 1259 1455 1298; x_wconf 83' lang='lat' dir='ltr'>diebus</span> <span class='ocrx_word' id='word_1_80' title='bbox 1475 1265 1564 1298; x_wconf 82' lang='lat' dir='ltr'>ante</span> <span class='ocrx_word' id='word_1_81' title='bbox 1584 1266 1750 1298; x_wconf 83' lang='lat' dir='ltr'>mortem</span> <span class='ocrx_word' id='word_1_82' title='bbox 1771 1261 1830 1298; x_wconf 89' lang='lat' dir='ltr'>ui·</span> 
     </span>
     <span class='ocr_line' id='line_1_10' title="bbox 299 1321 1830 1378; baseline 0 -15"><span class='ocrx_word' id='word_1_83' title='bbox 299 1326 489 1363; x_wconf 85' lang='lat' dir='ltr'>cesimum</span> <span class='ocrx_word' id='word_1_84' title='bbox 512 1324 678 1362; x_wconf 84' lang='lat' dir='ltr'>alterum</span> <span class='ocrx_word' id='word_1_85' title='bbox 700 1323 843 1362; x_wconf 87' lang='lat' dir='ltr'>librum</span> <span class='ocrx_word' id='word_1_86' title='bbox 866 1324 913 1362; x_wconf 90' lang='lat' dir='ltr'>ad</span> <span class='ocrx_word' id='word_1_87' title='bbox 934 1325 1052 1363; x_wconf 85' lang='lat' dir='ltr'>finem</span> <span class='ocrx_word' id='word_1_88' title='bbox 1074 1324 1310 1375; x_wconf 76' lang='lat' dir='ltr'>perduceret</span> <span class='ocrx_word' id='word_1_89' title='bbox 1332 1322 1448 1377; x_wconf 80' lang='lat' dir='ltr'>(Plut.</span> <span class='ocrx_word' id='word_1_90' title='bbox 1466 1324 1559 1363; x_wconf 86' lang='lat' dir='ltr'>Sull.</span> <span class='ocrx_word' id='word_1_91' title='bbox 1576 1321 1663 1378; x_wconf 75' lang='lat'><strong>37).</strong></span> <span class='ocrx_word' id='word_1_92' title='bbox 1696 1331 1830 1363; x_wconf 83' lang='lat' dir='ltr'>utrum</span> 
     </span>
     <span class='ocr_line' id='line_1_11' title="bbox 296 1389 1830 1441; baseline 0 -13"><span class='ocrx_word' id='word_1_93' title='bbox 296 1395 426 1428; x_wconf 88' lang='lat' dir='ltr'>tamen</span> <span class='ocrx_word' id='word_1_94' title='bbox 465 1390 506 1427; x_wconf 92' lang='lat' dir='ltr'>in</span> <span class='ocrx_word' id='word_1_95' title='bbox 546 1401 705 1427; x_wconf 82' lang='lat' dir='ltr'>secessu</span> <span class='ocrx_word' id='word_1_96' title='bbox 745 1389 956 1428; x_wconf 85' lang='lat' dir='ltr'>Puteolano</span> <span class='ocrx_word' id='word_1_97' title='bbox 996 1389 1206 1440; x_wconf 83' lang='lat' dir='ltr'>adgressus</span> <span class='ocrx_word' id='word_1_98' title='bbox 1246 1391 1297 1427; x_wconf 80' lang='lat' dir='ltr'>sit</span> <span class='ocrx_word' id='word_1_99' title='bbox 1333 1389 1379 1427; x_wconf 82' lang='lat' dir='ltr'>ad</span> <span class='ocrx_word' id='word_1_100' title='bbox 1414 1389 1484 1427; x_wconf 79' lang='lat' dir='ltr'>hos</span> <span class='ocrx_word' id='word_1_101' title='bbox 1516 1389 1638 1427; x_wconf 88' lang='lat' dir='ltr'>libros</span> <span class='ocrx_word' id='word_1_102' title='bbox 1675 1402 1830 1441; x_wconf 88' lang='lat' dir='ltr'>compo-</span> 
     </span>
     <span class='ocr_line' id='line_1_12' title="bbox 296 1451 1830 1506; baseline 0 -14"><span class='ocrx_word' id='word_1_103' title='bbox 296 1454 464 1502; x_wconf 82' lang='lat' dir='ltr'>nendos,</span> <span class='ocrx_word' id='word_1_104' title='bbox 505 1467 601 1504; x_wconf 81' lang='lat' dir='ltr'>quos</span> <span class='ocrx_word' id='word_1_105' title='bbox 646 1455 884 1493; x_wconf 83' lang='lat' dir='ltr'>nouissimos</span> <span class='ocrx_word' id='word_1_106' title='bbox 925 1454 1055 1493; x_wconf 87' lang='lat' dir='ltr'>Sullae</span> <span class='ocrx_word' id='word_1_107' title='bbox 1094 1455 1216 1493; x_wconf 82' lang='lat' dir='ltr'>fuisse</span> <span class='ocrx_word' id='word_1_108' title='bbox 1263 1454 1474 1492; x_wconf 82' lang='lat' dir='ltr'>Suetonius</span> <span class='ocrx_word' id='word_1_109' title='bbox 1514 1451 1580 1506; x_wconf 85' lang='lat' dir='ltr'>(de</span> <span class='ocrx_word' id='word_1_110' title='bbox 1619 1467 1740 1505; x_wconf 81' lang='lat' dir='ltr'>gram.</span> <span class='ocrx_word' id='word_1_111' title='bbox 1776 1453 1830 1493; x_wconf 80' lang='lat'>12</span> 
     </span>
     <span class='ocr_line' id='line_1_13' title="bbox 295 1516 1830 1573; baseline 0.001 -16"><span class='ocrx_word' id='word_1_112' title='bbox 295 1533 332 1571; x_wconf 91' lang='lat' dir='ltr'>p.</span> <span class='ocrx_word' id='word_1_113' title='bbox 358 1517 441 1558; x_wconf 82' lang='lat'>110</span> <span class='ocrx_word' id='word_1_114' title='bbox 460 1516 540 1573; x_wconf 81' lang='lat' dir='ltr'>Rs.)</span> <span class='ocrx_word' id='word_1_115' title='bbox 568 1519 741 1570; x_wconf 73' lang='lat' dir='ltr'>tradidit,</span> <span class='ocrx_word' id='word_1_116' title='bbox 768 1521 822 1558; x_wconf 84' lang='lat' dir='ltr'>ita</span> <span class='ocrx_word' id='word_1_117' title='bbox 847 1525 891 1558; x_wconf 85' lang='lat' dir='ltr'>ut</span> <span class='ocrx_word' id='word_1_118' title='bbox 918 1532 1007 1558; x_wconf 88' lang='lat' dir='ltr'>eum</span> <span class='ocrx_word' id='word_1_119' title='bbox 1035 1532 1171 1558; x_wconf 88' lang='lat' dir='ltr'>omnes</span> <span class='ocrx_word' id='word_1_120' title='bbox 1197 1521 1339 1570; x_wconf 73' lang='lat' dir='ltr'>uiginti</span> <span class='ocrx_word' id='word_1_121' title='bbox 1361 1519 1457 1558; x_wconf 90' lang='lat' dir='ltr'>duos</span> <span class='ocrx_word' id='word_1_122' title='bbox 1484 1519 1604 1558; x_wconf 88' lang='lat' dir='ltr'>libros</span> <span class='ocrx_word' id='word_1_123' title='bbox 1630 1532 1708 1558; x_wconf 90' lang='lat' dir='ltr'>uno</span> <span class='ocrx_word' id='word_1_124' title='bbox 1730 1532 1830 1558; x_wconf 85' lang='lat' dir='ltr'>anno</span> 
     </span>
     <span class='ocr_line' id='line_1_14' title="bbox 297 1584 1830 1636; baseline 0.001 -13"><span class='ocrx_word' id='word_1_125' title='bbox 297 1585 515 1623; x_wconf 87' lang='lat' dir='ltr'>ahsoluisse</span> <span class='ocrx_word' id='word_1_126' title='bbox 549 1585 851 1623; x_wconf 84' lang='lat' dir='ltr'>existimandum</span> <span class='ocrx_word' id='word_1_127' title='bbox 887 1586 954 1636; x_wconf 84' lang='lat' dir='ltr'>sit⁷</span> <span class='ocrx_word' id='word_1_128' title='bbox 994 1598 1042 1623; x_wconf 89' lang='lat' dir='ltr'>an</span> <span class='ocrx_word' id='word_1_129' title='bbox 1074 1586 1151 1623; x_wconf 87' lang='lat' dir='ltr'>iam</span> <span class='ocrx_word' id='word_1_130' title='bbox 1185 1597 1274 1623; x_wconf 78' lang='lat' dir='ltr'>eum</span> <span class='ocrx_word' id='word_1_131' title='bbox 1313 1586 1372 1623; x_wconf 87' lang='lat' dir='ltr'>rei</span> <span class='ocrx_word' id='word_1_132' title='bbox 1404 1584 1583 1635; x_wconf 82' lang='lat' dir='ltr'>publicae</span> <span class='ocrx_word' id='word_1_133' title='bbox 1615 1590 1830 1636; x_wconf 79' lang='lat' dir='ltr'>praeesset,</span> 
     </span>
     <span class='ocr_line' id='line_1_15' title="bbox 296 1649 1830 1701; baseline 0 -13"><span class='ocrx_word' id='word_1_134' title='bbox 296 1652 453 1689; x_wconf 91' lang='lat' dir='ltr'>initium</span> <span class='ocrx_word' id='word_1_135' title='bbox 481 1651 630 1700; x_wconf 71' lang='lat' dir='ltr'>fecerit,</span> <span class='ocrx_word' id='word_1_136' title='bbox 658 1655 765 1688; x_wconf 83' lang='lat' dir='ltr'>certo</span> <span class='ocrx_word' id='word_1_137' title='bbox 793 1649 1001 1688; x_wconf 85' lang='lat' dir='ltr'>diiudicari</span> <span class='ocrx_word' id='word_1_138' title='bbox 1032 1651 1186 1700; x_wconf 81' lang='lat' dir='ltr'>nequit:</span> <span class='ocrx_word' id='word_1_139' title='bbox 1219 1649 1315 1688; x_wconf 92' lang='lat' dir='ltr'>illud</span> <span class='ocrx_word' id='word_1_140' title='bbox 1348 1655 1479 1688; x_wconf 82' lang='lat' dir='ltr'>tamen</span> <span class='ocrx_word' id='word_1_141' title='bbox 1508 1655 1545 1688; x_wconf 91' lang='lat' dir='ltr'>et</span> <span class='ocrx_word' id='word_1_142' title='bbox 1577 1662 1648 1701; x_wconf 91' lang='lat' dir='ltr'>per</span> <span class='ocrx_word' id='word_1_143' title='bbox 1675 1662 1716 1688; x_wconf 90' lang='lat' dir='ltr'>se</span> <span class='ocrx_word' id='word_1_144' title='bbox 1742 1651 1830 1688; x_wconf 90' lang='lat' dir='ltr'>ueri</span> 
     </span>
     <span class='ocr_line' id='line_1_16' title="bbox 297 1712 1830 1754; baseline -0.001 -1"><span class='ocrx_word' id='word_1_145' title='bbox 297 1715 466 1754; x_wconf 90' lang='lat' dir='ltr'>similius</span> <span class='ocrx_word' id='word_1_146' title='bbox 500 1721 559 1753; x_wconf 89' lang='lat' dir='ltr'>est</span> <span class='ocrx_word' id='word_1_147' title='bbox 592 1720 630 1753; x_wconf 89' lang='lat' dir='ltr'>et</span> <span class='ocrx_word' id='word_1_148' title='bbox 663 1720 836 1753; x_wconf 85' lang='lat' dir='ltr'>extrema</span> <span class='ocrx_word' id='word_1_149' title='bbox 863 1714 985 1753; x_wconf 83' lang='lat' dir='ltr'>uerba</span> <span class='ocrx_word' id='word_1_150' title='bbox 1018 1715 1063 1753; x_wconf 86' lang='lat' dir='ltr'>fr.</span> <span class='ocrx_word' id='word_1_151' title='bbox 1087 1712 1111 1753; x_wconf 73' lang='lat'>8</span> <span class='ocrx_word' id='word_1_152' title='bbox 1140 1727 1229 1753; x_wconf 90' lang='lat' dir='ltr'>eum</span> <span class='ocrx_word' id='word_1_153' title='bbox 1261 1715 1327 1753; x_wconf 79' lang='lat' dir='ltr'>uix</span> <span class='ocrx_word' id='word_1_154' title='bbox 1357 1713 1553 1753; x_wconf 86' lang='lat' dir='ltr'>dicturum</span> <span class='ocrx_word' id='word_1_155' title='bbox 1580 1715 1700 1753; x_wconf 80' lang='lat' dir='ltr'>fuisse</span> <span class='ocrx_word' id='word_1_156' title='bbox 1727 1714 1830 1753; x_wconf 87' lang='lat' dir='ltr'>arbi-</span> 
     </span>
     <span class='ocr_line' id='line_1_17' title="bbox 296 1778 1829 1831; baseline 0 -13"><span class='ocrx_word' id='word_1_157' title='bbox 296 1786 380 1819; x_wconf 85' lang='lat' dir='ltr'>tror</span> <span class='ocrx_word' id='word_1_158' title='bbox 406 1781 484 1818; x_wconf 87' lang='lat' dir='ltr'>nisi</span> <span class='ocrx_word' id='word_1_159' title='bbox 512 1786 590 1818; x_wconf 87' lang='lat' dir='ltr'>toto</span> <span class='ocrx_word' id='word_1_160' title='bbox 619 1792 689 1818; x_wconf 87' lang='lat' dir='ltr'>suo</span> <span class='ocrx_word' id='word_1_161' title='bbox 711 1792 829 1831; x_wconf 90' lang='lat' dir='ltr'>opere</span> <span class='ocrx_word' id='word_1_162' title='bbox 857 1781 933 1818; x_wconf 86' lang='lat' dir='ltr'>iam</span> <span class='ocrx_word' id='word_1_163' title='bbox 960 1780 1133 1830; x_wconf 80' lang='lat' dir='ltr'>perfecto</span> <span class='ocrx_word' id='word_1_164' title='bbox 1156 1785 1194 1817; x_wconf 87' lang='lat' dir='ltr'>et</span> <span class='ocrx_word' id='word_1_165' title='bbox 1214 1791 1256 1818; x_wconf 93' lang='lat' dir='ltr'>re</span> <span class='ocrx_word' id='word_1_166' title='bbox 1277 1778 1433 1830; x_wconf 80' lang='lat' dir='ltr'>publica</span> <span class='ocrx_word' id='word_1_167' title='bbox 1454 1779 1566 1830; x_wconf 78' lang='lat' dir='ltr'>bene,</span> <span class='ocrx_word' id='word_1_168' title='bbox 1594 1785 1634 1818; x_wconf 92' lang='lat' dir='ltr'>ut</span> <span class='ocrx_word' id='word_1_169' title='bbox 1658 1779 1829 1830; x_wconf 78' lang='lat' dir='ltr'>putabat,</span> 
     </span>
     <span class='ocr_line' id='line_1_18' title="bbox 297 1847 519 1884; baseline -0.005 0"><span class='ocrx_word' id='word_1_170' title='bbox 297 1847 519 1884; x_wconf 71' lang='lat' dir='ltr'>constituta.</span> 
     </span>
    </p>

    <p class='ocr_par' dir='ltr' id='par_1_3' title="bbox 295 1909 1829 2484">
     <span class='ocr_line' id='line_1_19' title="bbox 385 1909 1828 1960; baseline 0 -12"><span class='ocrx_word' id='word_1_171' title='bbox 385 1910 650 1949; x_wconf 87' lang='lat' dir='ltr'>Enarrauerat</span> <span class='ocrx_word' id='word_1_172' title='bbox 677 1916 806 1949; x_wconf 85' lang='lat' dir='ltr'>autem</span> <span class='ocrx_word' id='word_1_173' title='bbox 833 1910 941 1949; x_wconf 80' lang='lat' dir='ltr'>hisee</span> <span class='ocrx_word' id='word_1_174' title='bbox 968 1910 1080 1949; x_wconf 87' lang='lat' dir='ltr'>libris</span> <span class='ocrx_word' id='word_1_175' title='bbox 1108 1923 1170 1949; x_wconf 90' lang='lat' dir='ltr'>res</span> <span class='ocrx_word' id='word_1_176' title='bbox 1198 1909 1217 1948; x_wconf 75' lang='grc' dir='ltr'>ἐι</span> <span class='ocrx_word' id='word_1_177' title='bbox 1245 1922 1285 1948; x_wconf 89' lang='lat' dir='ltr'>se</span> <span class='ocrx_word' id='word_1_178' title='bbox 1313 1916 1461 1960; x_wconf 80' lang='lat' dir='ltr'>gestas,</span> <span class='ocrx_word' id='word_1_179' title='bbox 1496 1911 1549 1948; x_wconf 86' lang='lat' dir='ltr'>ita</span> <span class='ocrx_word' id='word_1_180' title='bbox 1574 1915 1617 1948; x_wconf 83' lang='lat' dir='ltr'>ut</span> <span class='ocrx_word' id='word_1_181' title='bbox 1645 1911 1761 1948; x_wconf 89' lang='lat' dir='ltr'>etiam</span> <span class='ocrx_word' id='word_1_182' title='bbox 1788 1911 1828 1948; x_wconf 89' lang='lat' dir='ltr'>in</span> 
     </span>
     <span class='ocr_line' id='line_1_20' title="bbox 297 1973 1829 2026; baseline -0.001 -12"><span class='ocrx_word' id='word_1_183' title='bbox 297 1975 470 2015; x_wconf 80' lang='lat' dir='ltr'>seeundo</span> <span class='ocrx_word' id='word_1_184' title='bbox 504 1975 551 2014; x_wconf 91' lang='lat' dir='ltr'>de</span> <span class='ocrx_word' id='word_1_185' title='bbox 584 1975 727 2014; x_wconf 83' lang='lat' dir='ltr'>familia</span> <span class='ocrx_word' id='word_1_186' title='bbox 755 1988 825 2014; x_wconf 89' lang='lat' dir='ltr'>sua</span> <span class='ocrx_word' id='word_1_187' title='bbox 856 1976 1116 2026; x_wconf 78' lang='lat' dir='ltr'>praefaretur,</span> <span class='ocrx_word' id='word_1_188' title='bbox 1150 1977 1188 2013; x_wconf 88' lang='lat' dir='ltr'>in</span> <span class='ocrx_word' id='word_1_189' title='bbox 1225 1977 1337 2014; x_wconf 85' lang='lat' dir='ltr'>euius</span> <span class='ocrx_word' id='word_1_190' title='bbox 1371 1975 1414 2013; x_wconf 76' lang='lat' dir='ltr'>fr.</span> <span class='ocrx_word' id='word_1_191' title='bbox 1437 1973 1464 2013; x_wconf 65' lang='lat'>2&gt;</span> <span class='ocrx_word' id='word_1_192' title='bbox 1492 1974 1538 2013; x_wconf 91' lang='lat' dir='ltr'>de</span> <span class='ocrx_word' id='word_1_193' title='bbox 1564 1987 1642 2013; x_wconf 91' lang='lat' dir='ltr'>uno</span> <span class='ocrx_word' id='word_1_194' title='bbox 1671 1987 1716 2013; x_wconf 78' lang='lat' dir='ltr'>ex</span> <span class='ocrx_word' id='word_1_195' title='bbox 1744 1976 1829 2013; x_wconf 85' lang='lat' dir='ltr'>eius</span> 
     </span>
     <span class='ocr_line' id='line_1_21' title="bbox 295 2038 1828 2091; baseline -0.001 -11"><span class='ocrx_word' id='word_1_196' title='bbox 295 2041 511 2080; x_wconf 85' lang='lat' dir='ltr'>maioribus</span> <span class='ocrx_word' id='word_1_197' title='bbox 539 2053 668 2079; x_wconf 90' lang='lat' dir='ltr'>sermo</span> <span class='ocrx_word' id='word_1_198' title='bbox 697 2046 767 2091; x_wconf 75' lang='lat' dir='ltr'>est,</span> <span class='ocrx_word' id='word_1_199' title='bbox 795 2042 861 2091; x_wconf 90' lang='lat' dir='ltr'>qui</span> <span class='ocrx_word' id='word_1_200' title='bbox 889 2053 990 2079; x_wconf 90' lang='lat' dir='ltr'>anno</span> <span class='ocrx_word' id='word_1_201' title='bbox 1016 2039 1114 2079; x_wconf 74' lang='lat'>1212.</span> <span class='ocrx_word' id='word_1_202' title='bbox 1136 2038 1221 2080; x_wconf 56' lang='lat'>{24⁶2</span> <span class='ocrx_word' id='word_1_203' title='bbox 1249 2046 1408 2091; x_wconf 86' lang='lat' dir='ltr'>praetor</span> <span class='ocrx_word' id='word_1_204' title='bbox 1440 2040 1583 2091; x_wconf 81' lang='lat' dir='ltr'>fuerat3</span> <span class='ocrx_word' id='word_1_205' title='bbox 1617 2052 1706 2078; x_wconf 88' lang='lat' dir='ltr'>nam</span> <span class='ocrx_word' id='word_1_206' title='bbox 1739 2052 1828 2078; x_wconf 84' lang='lat' dir='ltr'>eum</span> 
     </span>
     <span class='ocr_line' id='line_1_22' title="bbox 297 2102 1828 2158; baseline -0.001 -13"><span class='ocrx_word' id='word_1_207' title='bbox 297 2108 382 2146; x_wconf 87' lang='lat' dir='ltr'>eius</span> <span class='ocrx_word' id='word_1_208' title='bbox 405 2105 566 2144; x_wconf 78' lang='lat' dir='ltr'>‘familia</span> <span class='ocrx_word' id='word_1_209' title='bbox 587 2119 707 2157; x_wconf 88' lang='lat' dir='ltr'>prope</span> <span class='ocrx_word' id='word_1_210' title='bbox 730 2107 806 2144; x_wconf 83' lang='lat' dir='ltr'>iam</span> <span class='ocrx_word' id='word_1_211' title='bbox 830 2108 1001 2145; x_wconf 78' lang='lat' dir='ltr'>extincta</span> <span class='ocrx_word' id='word_1_212' title='bbox 1022 2107 1215 2144; x_wconf 88' lang='lat' dir='ltr'>maiorum</span> <span class='ocrx_word' id='word_1_213' title='bbox 1236 2103 1408 2156; x_wconf 85' lang='lat' dir='ltr'>ignauia’</span> <span class='ocrx_word' id='word_1_214' title='bbox 1433 2111 1539 2144; x_wconf 82' lang='lat' dir='ltr'>esset</span> <span class='ocrx_word' id='word_1_215' title='bbox 1560 2102 1734 2158; x_wconf 87' lang='lat' dir='ltr'>(Sallust.</span> <span class='ocrx_word' id='word_1_216' title='bbox 1747 2105 1828 2155; x_wconf 86' lang='lat' dir='ltr'>Ing.</span> 
     </span>
     <span class='ocr_line' id='line_1_23' title="bbox 297 2168 1829 2225; baseline -0.002 -15"><span class='ocrx_word' id='word_1_217' title='bbox 297 2170 364 2223; x_wconf 75' lang='lat'>95,</span> <span class='ocrx_word' id='word_1_218' title='bbox 387 2168 444 2225; x_wconf 77' lang='lat'>3),</span> <span class='ocrx_word' id='word_1_219' title='bbox 472 2184 609 2210; x_wconf 89' lang='lat' dir='ltr'>eorum</span> <span class='ocrx_word' id='word_1_220' title='bbox 637 2171 755 2210; x_wconf 84' lang='lat' dir='ltr'>rebus</span> <span class='ocrx_word' id='word_1_221' title='bbox 783 2173 906 2210; x_wconf 86' lang='lat' dir='ltr'>erutis</span> <span class='ocrx_word' id='word_1_222' title='bbox 934 2177 972 2210; x_wconf 79' lang='lat' dir='ltr'>et</span> <span class='ocrx_word' id='word_1_223' title='bbox 999 2171 1202 2222; x_wconf 79' lang='lat' dir='ltr'>explicatis</span> <span class='ocrx_word' id='word_1_224' title='bbox 1228 2170 1327 2208; x_wconf 85' lang='lat' dir='ltr'>hane</span> <span class='ocrx_word' id='word_1_225' title='bbox 1357 2171 1587 2208; x_wconf 84' lang='lat' dir='ltr'>memoriam</span> <span class='ocrx_word' id='word_1_226' title='bbox 1620 2171 1829 2208; x_wconf 84' lang='lat' dir='ltr'>restituere</span> 
     </span>
     <span class='ocr_line' id='line_1_24' title="bbox 296 2234 1829 2288; baseline -0.003 -12"><span class='ocrx_word' id='word_1_227' title='bbox 296 2249 533 2288; x_wconf 82' lang='lat' dir='ltr'>magnopere</span> <span class='ocrx_word' id='word_1_228' title='bbox 561 2238 646 2275; x_wconf 84' lang='lat' dir='ltr'>eius</span> <span class='ocrx_word' id='word_1_229' title='bbox 672 2238 873 2287; x_wconf 83' lang='lat' dir='ltr'>intererat,</span> <span class='ocrx_word' id='word_1_230' title='bbox 901 2249 977 2287; x_wconf 88' lang='lat' dir='ltr'>quo</span> <span class='ocrx_word' id='word_1_231' title='bbox 1000 2236 1158 2287; x_wconf 84' lang='lat' dir='ltr'>quidem</span> <span class='ocrx_word' id='word_1_232' title='bbox 1185 2237 1225 2274; x_wconf 89' lang='lat' dir='ltr'>in</span> <span class='ocrx_word' id='word_1_233' title='bbox 1248 2235 1376 2274; x_wconf 85' lang='lat' dir='ltr'>studio</span> <span class='ocrx_word' id='word_1_234' title='bbox 1399 2240 1437 2273; x_wconf 86' lang='lat' dir='ltr'>et</span> <span class='ocrx_word' id='word_1_235' title='bbox 1457 2234 1621 2273; x_wconf 87' lang='lat' dir='ltr'>aliarum</span> <span class='ocrx_word' id='word_1_236' title='bbox 1653 2235 1829 2285; x_wconf 81' lang='lat' dir='ltr'>gentium</span> 
     </span>
     <span class='ocr_line' id='line_1_25' title="bbox 297 2299 1828 2352; baseline -0.002 -12"><span class='ocrx_word' id='word_1_237' title='bbox 297 2302 520 2352; x_wconf 82' lang='lat' dir='ltr'>exemplum</span> <span class='ocrx_word' id='word_1_238' title='bbox 546 2303 720 2340; x_wconf 85' lang='lat' dir='ltr'>imitatus</span> <span class='ocrx_word' id='word_1_239' title='bbox 748 2301 1044 2352; x_wconf 81' lang='lat' dir='ltr'>aemnlatusque</span> <span class='ocrx_word' id='word_1_240' title='bbox 1072 2307 1108 2340; x_wconf 90' lang='lat' dir='ltr'>et</span> <span class='ocrx_word' id='word_1_241' title='bbox 1136 2313 1245 2340; x_wconf 85' lang='lat' dir='ltr'>suam</span> <span class='ocrx_word' id='word_1_242' title='bbox 1272 2302 1356 2351; x_wconf 77' lang='lat' dir='ltr'>ipse</span> <span class='ocrx_word' id='word_1_243' title='bbox 1384 2301 1657 2338; x_wconf 74' lang='lat' dir='ltr'>auctoritatem</span> <span class='ocrx_word' id='word_1_244' title='bbox 1681 2299 1828 2338; x_wconf 78' lang='lat' dir='ltr'>stabili-</span> 
     </span>
     <span class='ocr_line' id='line_1_26' title="bbox 295 2361 1829 2421; baseline -0.002 -16"><span class='ocrx_word' id='word_1_245' title='bbox 295 2369 402 2405; x_wconf 90' lang='lat' dir='ltr'>uisse</span> <span class='ocrx_word' id='word_1_246' title='bbox 425 2366 500 2405; x_wconf 86' lang='lat' dir='ltr'>sihi</span> <span class='ocrx_word' id='word_1_247' title='bbox 519 2368 631 2405; x_wconf 89' lang='lat' dir='ltr'>uisus</span> <span class='ocrx_word' id='word_1_248' title='bbox 653 2361 761 2421; x_wconf 66' lang='lat' dir='ltr'>est.2)</span> <span class='ocrx_word' id='word_1_249' title='bbox 801 2367 900 2405; x_wconf 88' lang='lat' dir='ltr'>libro</span> <span class='ocrx_word' id='word_1_250' title='bbox 924 2366 1075 2405; x_wconf 81' lang='lat' dir='ltr'>decimo</span> <span class='ocrx_word' id='word_1_251' title='bbox 1099 2362 1164 2419; x_wconf 79' lang='lat' dir='ltr'>(fr.</span> <span class='ocrx_word' id='word_1_252' title='bbox 1182 2362 1255 2420; x_wconf 79' lang='lat'>16)</span> <span class='ocrx_word' id='word_1_253' title='bbox 1277 2377 1511 2416; x_wconf 76' lang='lat' dir='ltr'>progressus</span> <span class='ocrx_word' id='word_1_254' title='bbox 1531 2370 1615 2403; x_wconf 89' lang='lat' dir='ltr'>erat</span> <span class='ocrx_word' id='word_1_255' title='bbox 1633 2377 1759 2415; x_wconf 86' lang='lat' dir='ltr'>usque</span> <span class='ocrx_word' id='word_1_256' title='bbox 1781 2364 1829 2402; x_wconf 86' lang='lat' dir='ltr'>ad</span> 
     </span>
     <span class='ocr_line' id='line_1_27' title="bbox 297 2426 1826 2484; baseline -0.001 -14"><span class='ocrx_word' id='word_1_257' title='bbox 297 2444 361 2471; x_wconf 83' lang='lat' dir='ltr'>eas</span> <span class='ocrx_word' id='word_1_258' title='bbox 383 2444 457 2483; x_wconf 83' lang='lat' dir='ltr'>res,</span> <span class='ocrx_word' id='word_1_259' title='bbox 479 2444 577 2482; x_wconf 84' lang='lat' dir='ltr'>quae</span> <span class='ocrx_word' id='word_1_260' title='bbox 599 2437 686 2482; x_wconf 87' lang='lat' dir='ltr'>post</span> <span class='ocrx_word' id='word_1_261' title='bbox 706 2444 876 2482; x_wconf 80' lang='lat' dir='ltr'>pugnam</span> <span class='ocrx_word' id='word_1_262' title='bbox 893 2431 1234 2470; x_wconf 84' lang='lat' dir='ltr'>Chaeroneensem</span> <span class='ocrx_word' id='word_1_263' title='bbox 1256 2436 1386 2482; x_wconf 81' lang='lat' dir='ltr'>gestae</span> <span class='ocrx_word' id='word_1_264' title='bbox 1408 2435 1499 2469; x_wconf 83' lang='lat' dir='ltr'>sunt</span> <span class='ocrx_word' id='word_1_265' title='bbox 1520 2427 1570 2484; x_wconf 84' lang='lat' dir='ltr'>(a.</span> <span class='ocrx_word' id='word_1_266' title='bbox 1587 2427 1654 2469; x_wconf 85' lang='lat'>86.</span> <span class='ocrx_word' id='word_1_267' title='bbox 1670 2426 1826 2484; x_wconf 73' lang='lat'>668).3&gt;</span> 
     </span>
    </p>
   </div>
   <div class='ocr_carea' id='block_1_3' title="bbox 343 2514 579 2516">
    <p class='ocr_par' dir='ltr' id='par_1_4' title="bbox 343 2514 579 2516">
     <span class='ocr_line' id='line_1_28' title="bbox 343 2514 579 2516; baseline 0 0"><span class='ocrx_word' id='word_1_268' title='bbox 343 2514 579 2516; x_wconf 95' lang='lat' dir='ltr'> </span> 
     </span>
    </p>
   </div>
   <div class='ocr_carea' id='block_1_4' title="bbox 297 2556 1828 2910">
    <p class='ocr_par' dir='ltr' id='par_1_5' title="bbox 297 2556 1828 2760">
     <span class='ocr_line' id='line_1_29' title="bbox 394 2556 1827 2602; baseline -0.001 -11"><span class='ocrx_word' id='word_1_269' title='bbox 394 2559 426 2601; x_wconf 86' lang='lat'>1)</span> <span class='ocrx_word' id='word_1_270' title='bbox 454 2556 490 2591; x_wconf 89' lang='lat' dir='ltr'>C.</span> <span class='ocrx_word' id='word_1_271' title='bbox 511 2556 656 2598; x_wconf 82' lang='lat' dir='ltr'>Vitelli,</span> <span class='ocrx_word' id='word_1_272' title='bbox 684 2558 778 2592; x_wconf 69' lang='lat' dir='ltr'>Note</span> <span class='ocrx_word' id='word_1_273' title='bbox 803 2557 846 2591; x_wconf 73' lang='lat' dir='ltr'>ecl</span> <span class='ocrx_word' id='word_1_274' title='bbox 871 2558 1031 2602; x_wconf 64' lang='lat' dir='ltr'>affluenti</span> <span class='ocrx_word' id='word_1_275' title='bbox 1061 2556 1143 2592; x_wconf 75' lang='lat' dir='ltr'>suZZ&#39;</span> <span class='ocrx_word' id='word_1_276' title='bbox 1171 2557 1438 2602; x_wconf 64' lang='lat' dir='ltr'>(zutobioyrafia</span> <span class='ocrx_word' id='word_1_277' title='bbox 1463 2557 1503 2590; x_wconf 79' lang='lat' dir='ltr'>(Ii</span> <span class='ocrx_word' id='word_1_278' title='bbox 1528 2557 1573 2591; x_wconf 89' lang='lat' dir='ltr'>L.</span> <span class='ocrx_word' id='word_1_279' title='bbox 1597 2557 1700 2591; x_wconf 73' lang='lat' dir='ltr'>Corn.</span> <span class='ocrx_word' id='word_1_280' title='bbox 1722 2556 1827 2591; x_wconf 63' lang='lat' dir='ltr'>Silta.</span> 
     </span>
     <span class='ocr_line' id='line_1_30' title="bbox 297 2610 1828 2656; baseline -0.001 -12"><span class='ocrx_word' id='word_1_281' title='bbox 297 2610 464 2645; x_wconf 67' lang='lat' dir='ltr'>Estmtto</span> <span class='ocrx_word' id='word_1_282' title='bbox 491 2611 593 2656; x_wconf 64' lang='lat' dir='ltr'>dagli</span> <span class='ocrx_word' id='word_1_283' title='bbox 617 2611 727 2646; x_wconf 68' lang='lat' dir='ltr'>Studz‘</span> <span class='ocrx_word' id='word_1_284' title='bbox 752 2611 905 2645; x_wconf 68' lang='lat' dir='ltr'>italiam</span> <span class='ocrx_word' id='word_1_285' title='bbox 931 2611 970 2645; x_wconf 64' lang='lat' dir='ltr'>cli</span> <span class='ocrx_word' id='word_1_286' title='bbox 997 2611 1183 2655; x_wconf 75' lang='lat' dir='ltr'>Filoloyia</span> <span class='ocrx_word' id='word_1_287' title='bbox 1215 2611 1377 2645; x_wconf 70' lang='lat' dir='ltr'>classica.</span> <span class='ocrx_word' id='word_1_288' title='bbox 1413 2610 1486 2644; x_wconf 79' lang='lat' dir='ltr'>Vol.</span> <span class='ocrx_word' id='word_1_289' title='bbox 1511 2610 1565 2644; x_wconf 88' lang='lat' dir='ltr'>VI</span> <span class='ocrx_word' id='word_1_290' title='bbox 1579 2621 1619 2654; x_wconf 74' lang='lat' dir='ltr'>p.</span> <span class='ocrx_word' id='word_1_291' title='bbox 1636 2612 1828 2643; x_wconf 71' lang='lat'><em>353—394</em></span> 
     </span>
     <span class='ocr_line' id='line_1_31' title="bbox 299 2666 665 2760; baseline 0.003 -11"><span class='ocrx_word' id='word_1_292' title='bbox 299 2666 536 2760; x_wconf 40' lang='lat' dir='ltr'>(magrini.</span> <span class='ocrx_word' id='word_1_293' title='bbox 557 2716 665 2750; x_wconf 72' lang='lat' dir='ltr'>infra.</span> 
     </span>
    </p>

    <p class='ocr_par' dir='ltr' id='par_1_6' title="bbox 297 2769 1826 2910">
     <span class='ocr_line' id='line_1_32' title="bbox 393 2769 1826 2814; baseline -0.001 -11"><span class='ocrx_word' id='word_1_294' title='bbox 393 2772 426 2813; x_wconf 88' lang='lat'>3)</span> <span class='ocrx_word' id='word_1_295' title='bbox 455 2769 555 2811; x_wconf 75' lang='lat' dir='ltr'>Quae</span> <span class='ocrx_word' id='word_1_296' title='bbox 579 2770 721 2804; x_wconf 89' lang='lat' dir='ltr'>Heeren</span> <span class='ocrx_word' id='word_1_297' title='bbox 743 2770 796 2804; x_wconf 92' lang='lat' dir='ltr'>De</span> <span class='ocrx_word' id='word_1_298' title='bbox 815 2770 904 2804; x_wconf 84' lang='lat' dir='ltr'>font.</span> <span class='ocrx_word' id='word_1_299' title='bbox 926 2770 1023 2804; x_wconf 86' lang='lat' dir='ltr'>Plut.</span> <span class='ocrx_word' id='word_1_300' title='bbox 1044 2782 1079 2814; x_wconf 87' lang='lat' dir='ltr'>p.</span> <span class='ocrx_word' id='word_1_301' title='bbox 1098 2774 1161 2804; x_wconf 81' lang='lat'>151</span> <span class='ocrx_word' id='word_1_302' title='bbox 1192 2769 1340 2814; x_wconf 73' lang='lat' dir='ltr'>scripsit</span> <span class='ocrx_word' id='word_1_303' title='bbox 1360 2769 1501 2803; x_wconf 83' lang='lat' dir='ltr'>Sullam</span> <span class='ocrx_word' id='word_1_304' title='bbox 1521 2769 1729 2813; x_wconf 84' lang='lat' dir='ltr'>profectum</span> <span class='ocrx_word' id='word_1_305' title='bbox 1748 2780 1826 2802; x_wconf 80' lang='lat' dir='ltr'>esse</span> 
     </span>
     <span class='ocr_line' id='line_1_33' title="bbox 297 2821 1826 2867; baseline -0.001 -11"><span class='ocrx_word' id='word_1_306' title='bbox 297 2833 319 2856; x_wconf 86' lang='lat' dir='ltr'>a</span> <span class='ocrx_word' id='word_1_307' title='bbox 350 2822 449 2856; x_wconf 88' lang='lat' dir='ltr'>bello</span> <span class='ocrx_word' id='word_1_308' title='bbox 482 2822 614 2857; x_wconf 80' lang='lat' dir='ltr'>sociali</span> <span class='ocrx_word' id='word_1_309' title='bbox 645 2822 758 2866; x_wconf 87' lang='lat' dir='ltr'>idque</span> <span class='ocrx_word' id='word_1_310' title='bbox 794 2822 929 2857; x_wconf 85' lang='lat' dir='ltr'>leuiter</span> <span class='ocrx_word' id='word_1_311' title='bbox 963 2825 1107 2857; x_wconf 71' lang='lat' dir='ltr'>tantum</span> <span class='ocrx_word' id='word_1_312' title='bbox 1141 2822 1412 2867; x_wconf 71' lang='lat' dir='ltr'>perstrinxisse,</span> <span class='ocrx_word' id='word_1_313' title='bbox 1448 2822 1548 2857; x_wconf 87' lang='lat' dir='ltr'>omni</span> <span class='ocrx_word' id='word_1_314' title='bbox 1583 2821 1826 2856; x_wconf 79' lang='lat' dir='ltr'>fundamento</span> 
     </span>
     <span class='ocr_line' id='line_1_34' title="bbox 297 2877 433 2910; baseline 0 -1"><span class='ocrx_word' id='word_1_315' title='bbox 297 2877 433 2910; x_wconf 84' lang='lat' dir='ltr'>carent.</span> 
     </span>
    </p>
   </div>
   <div class='ocr_carea' id='block_1_5' title="bbox 1954 0 2002 2535">
    <p class='ocr_par' dir='ltr' id='par_1_7' title="bbox 1954 0 2002 2535">
     <span class='ocr_line' id='line_1_35' title="bbox 1954 0 2002 2535; baseline 0 0"><span class='ocrx_word' id='word_1_316' title='bbox 1954 0 2002 2535; x_wconf 95' lang='lat' dir='ltr'> </span> 
     </span>
    </p>
   </div>
   <div class='ocr_carea' id='block_1_6' title="bbox 1928 3055 2002 3342">
    <p class='ocr_par' dir='ltr' id='par_1_8' title="bbox 1928 3055 2002 3342">
     <span class='ocr_line' id='line_1_36' title="bbox 1928 3055 2002 3342; baseline 0 0"><span class='ocrx_word' id='word_1_317' title='bbox 1928 3055 2002 3342; x_wconf 95' lang='lat' dir='ltr'> </span> 
     </span>
    </p>
   </div>
  </div>
 </body>
</html>
