2002 3342
695 712 740 759 C.
776 713 1052 760 LICINIVS
1092 713 1355 779 MAGER1)

349 819 392 857 In
419 819 620 858 historicis
645 819 791 858 Latinis
812 820 949 858 Cicero
973 819 1018 858 de
1040 820 1136 870 legg.
1157 819 1190 871 1,
1206 819 1244 871 2,
1261 819 1283 858 7
1309 823 1441 872 posuit
1467 823 1585 860 etiam
1605 822 1792 874 Macrum,

259 885 371 923 cuius
397 884 557 935 plenum
585 897 727 923 nomen
755 886 877 923 fuisse
899 885 938 923 C.
960 884 1102 923 Licinii
1124 885 1244 924 Macri
1272 898 1316 924 ex
1346 887 1402 924 eis
1426 886 1569 937 quibus
1596 888 1679 926 eius
1700 887 1791 926 libri

259 950 478 988 afferuntur
517 949 612 988 locis
650 949 850 1000 uidemus,
892 949 1065 1000 dixitque
1106 963 1195 988 eum
1235 952 1404 989 amicum
1437 952 1558 990 fuisse
1592 952 1790 992 Sisennae.

259 1016 366 1065 atqui
394 1014 559 1053 Sisenna
592 1020 706 1053 natus
734 1020 793 1053 est
827 1014 929 1053 haud
956 1016 1006 1053 ita
1034 1015 1156 1053 multo
1184 1020 1272 1054 ante
1300 1028 1331 1054 a.
1355 1013 1450 1055 118.
1473 1014 1575 1067 636,
1608 1023 1791 1068 praetura

258 1080 415 1118 functus
443 1093 473 1117 a.
498 1077 563 1118 78.
586 1078 689 1130 676,
723 1085 902 1118 mortuus
924 1078 990 1119 (37.
1013 1078 1109 1119 687.
1150 1093 1266 1131 quam
1293 1081 1340 1119 ob
1369 1093 1451 1120 rem
1484 1083 1550 1120 uix
1583 1084 1790 1133 quisquam

259 1144 469 1195 dubitabit,
503 1146 597 1195 quin
632 1146 697 1195 qui
732 1144 771 1183 C.
800 1145 974 1184 Licinius
995 1145 1125 1184 Macer
1157 1158 1257 1184 anno
1293 1143 1358 1184 73.
1381 1143 1463 1185 681
1493 1147 1676 1186 tribunus
1702 1143 1791 1201 pl.2)

258 1211 330 1248 suit
363 1216 399 1248 et
432 1222 532 1248 anno
564 1216 653 1261 post
686 1209 892 1249 Sisennam
927 1206 1039 1263 (ergo
1067 1223 1166 1249 anno
1195 1209 1262 1250 66.
1285 1207 1389 1264 688)
1425 1211 1528 1251 diem
1562 1225 1791 1263 supremum

257 1275 370 1325 obiit,
406 1274 511 1313 idem
544 1275 756 1313 historicus
788 1275 853 1313 ille
887 1276 953 1323 sit,
990 1288 1118 1326 neque
1152 1288 1243 1326 prae
1275 1276 1348 1315 hoc
1385 1276 1530 1316 diserto
1565 1278 1791 1316 testimonio

258 1342 388 1390 magni
422 1341 537 1378 saciet
571 1339 673 1390 quod
707 1340 862 1391 Cicero,
894 1340 962 1379 ubi
996 1340 1041 1379 de
1075 1340 1195 1379 Macri
1225 1341 1373 1380 tribuni
1406 1342 1589 1380 facultate
1623 1344 1792 1381 oratoria

259 1405 431 1456 disputat
446 1402 572 1458 (Brut.
589 1403 657 1456 67,
673 1402 792 1459 238),
813 1406 1001 1444 historiae
1023 1407 1107 1444 eius
1128 1408 1369 1445 mentionem
1391 1408 1534 1458 omisit,
1557 1409 1791 1458 praesertim

258 1483 347 1509 cum
368 1470 473 1509 idem
496 1471 612 1509 etiam
636 1470 721 1509 aliis
744 1483 877 1509 rerum
899 1470 1159 1522 scriptoribus
1180 1472 1220 1509 in
1241 1471 1361 1510 Bruto
1384 1472 1583 1522 acciderit,
1603 1478 1646 1511 ut
1661 1472 1699 1511 C.
1715 1472 1793 1511 Tu-

260 1535 389 1574 ditano
418 1532 597 1590 (25‚95)
626 1541 664 1574 et
690 1535 837 1574 Rutilio
866 1532 1084 1589 (3Q113).

377 1600 538 1639 Familia
573 1602 657 1640 eius
685 1606 769 1640 erat
795 1601 948 1652 plebeia
974 1601 1039 1640 illa
1067 1601 1226 1653 quidem
1254 1601 1322 1640 sed
1348 1601 1609 1653 nobilissima,
1644 1615 1690 1641 ex
1718 1615 1792 1654 qua

257 1673 296 1705 et
322 1667 389 1717 qui
415 1667 567 1717 primus
595 1666 779 1705 tribunus
807 1666 976 1705 militum
1004 1667 1202 1706 consulari
1235 1672 1426 1718 potestate
1455 1667 1501 1706 de
1526 1667 1639 1718 plebe
1667 1668 1793 1706 factus

263 1737 323 1769 est.
350 1727 453 1783 (Liu.
475 1728 596 1781 5,12,
613 1727 670 1784 9),
699 1738 736 1770 et
763 1733 829 1782 qui
852 1731 891 1770 L.
915 1732 1038 1770 Sextii
1065 1732 1224 1783 collega,
1251 1738 1294 1771 ut
1320 1732 1418 1771 alter
1444 1732 1580 1771 consul
1605 1732 1651 1771 de
1677 1732 1790 1783 plebe

259 1801 473 1846 crearetur,
501 1797 702 1846 rogatione
725 1809 794 1835 sua
816 1798 958 1847 effecit,
980 1798 1173 1848 originem
1196 1797 1400 1847 ducebant,
1426 1802 1539 1848 pater
1560 1797 1715 1848 Lucius,
1744 1797 1790 1836 de

257 1874 332 1911 quo
366 1861 422 1898 nil
454 1863 531 1899 nisi
564 1874 708 1900 nomen
741 1863 955 1900 memoriae
982 1861 1170 1900 traditum
1197 1858 1318 1920 est3),
1351 1862 1472 1913 filius,
1506 1868 1548 1901 ut
1580 1862 1652 1900 hoc
1686 1875 1791 1901 nunc

256 1925 378 1964 uerbo
405 1938 596 1977 moneam,
624 1926 663 1965 C.
687 1926 862 1965 Licinius
883 1926 1014 1965 Macer
1035 1926 1177 1965 Caluus
1205 1933 1243 1965 et
1269 1932 1381 1978 poeta
1409 1932 1447 1965 et
1473 1924 1651 1981 orat01·.4)

355 2053 387 2096 1)
414 2051 588 2086 Liebatdt
617 2053 652 2088 C.
680 2053 854 2088 Licinius
882 2053 1018 2088 Macer.
1049 2064 1171 2097 progr.
1192 2052 1400 2098 Numburg.
1424 2056 1524 2088 1848.
1571 2053 1791 2087 Gutschmid

258 2107 324 2141 KZ.
347 2106 445 2141 Sem.
471 2107 503 2140 V
518 2118 558 2151 p.
574 2109 774 2141 531-535.
819 2106 875 2140 W.
898 2106 1027 2140 Soltau
1056 2107 1184 2141 Macer
1210 2107 1288 2141 und
1316 2107 1454 2141 Tubero
1481 2117 1538 2151 ap.
1561 2105 1791 2141 Fleckeisen.

257 2158 348 2193 CLV
368 2171 402 2203 p.
419 2162 487 2193 409
500 2171 578 2204 sqq.
601 2163 667 2194 639
682 2172 761 2204 sqq.
788 2160 921 2194 Livius
941 2172 975 2204 p.
994 2163 1190 2194 105—116.
1217 2159 1369 2203 passim.

353 2214 386 2255 2)
415 2212 468 2246 De
500 2213 571 2246 hac
597 2224 653 2255 re,
687 2225 769 2247 eum
803 2213 956 2257 quidam
983 2212 1174 2246 tribunum
1206 2212 1312 2246 illum
1338 2212 1506 2247 historici
1532 2212 1650 2246 filium
1676 2212 1792 2246 fuisse

257 2265 430 2299 arbitrati
451 2268 584 2307 essent,
605 2266 786 2310 pluribus,
812 2277 923 2310 quam
945 2277 1036 2310 opus
1058 2267 1147 2309 erat,
1173 2266 1382 2310 disputauit
1396 2265 1587 2299 Weichert
1606 2266 1704 2309 poet.
1725 2265 1792 2299 lat.

255 2318 320 2352 rel.
341 2330 376 2362 p.
394 2323 436 2353 92
450 2331 528 2362 sqq.
557 2321 594 2353 et
620 2322 705 2364 post
732 2331 814 2354 eum
836 2319 1011 2353 Liebaldt
1030 2331 1064 2362 p.
1081 2323 1204 2363 3sqq.,
1231 2321 1387 2362 uterque
1407 2320 1532 2352 tamen
1553 2329 1575 2352 a
1594 2317 1691 2352 falsa
1712 2318 1790 2362 opi-

255 2371 379 2413 nione,
406 2384 479 2415 qua
507 2373 551 2406 de
580 2372 755 2407 Sisennae
783 2383 879 2407 anno
906 2372 1025 2406 natali
1051 2372 1223 2416 occupati
1250 2374 1368 2414 erant,
1393 2371 1562 2416 profecti.

353 2428 387 2468 3)
412 2425 453 2458 In
481 2425 634 2460 denario
656 2426 766 2469 enim,
794 2437 902 2469 quem
923 2426 1020 2460 inter
1041 2436 1072 2459 a.
1089 2428 1144 2459 84.
1168 2429 1234 2459 670
1256 2427 1291 2459 et
1311 2428 1366 2459 Sl.
1388 2429 1454 2459 673
1475 2435 1691 2469 percussum
1712 2434 1792 2458 esse

257 2477 463 2512 Mommsen
485 2479 630 2523 statuit,
653 2479 818 2513 thesauri
838 2478 1224 2513 Monteeodruzzensis
1246 2490 1277 2512 a..
1294 2482 1349 2513 81.
1371 2482 1438 2512 673
1460 2477 1598 2513 defossi
1618 2478 1710 2511 haec
1731 2487 1791 2510 ex-

258 2532 376 2564 stant:
407 2531 444 2566 0.
459 2532 631 2567 Licinius
651 2533 694 2567 L.
713 2534 739 2576 f.
759 2534 895 2567 Macer.
930 2532 1136 2566 Mommsen
1158 2530 1194 2566 C.
1209 2532 1234 2566 I.
1251 2532 1288 2566 L.
1305 2532 1319 2565 Ι
1338 2543 1372 2576 p.
1391 2534 1457 2565 137
1477 2543 1512 2565 n.
1528 2535 1606 2565 434.
1637 2532 1790 2565 Maem-

258 2596 371 2620 wesen
396 2597 432 2629 p.
449 2590 516 2620 235
536 2598 570 2619 n.
587 2589 665 2620 607.

354 2640 387 2682 4)
415 2638 535 2673 Natus
562 2639 592 2672 is
620 2640 676 2672 est
696 2650 726 2672 a.
743 2642 797 2673 82.
821 2643 888 2673 672
911 2649 942 2673 a.
965 2639 998 2673 d.
1014 2639 1046 2673 V
1065 2637 1141 2672 kal.
1161 2638 1239 2672 Iun.
1261 2637 1355 2671 Plin.
1370 2649 1404 2671 n.
1420 2638 1455 2671 h.
1471 2641 1503 2679 7,
1521 2640 1598 2671 165.
1626 2638 1789 2670 ceterum

258 2702 302 2725 ex
328 2690 396 2724 filii
422 2691 569 2725 nomine
597 2691 770 2726 Liebaldt
794 2705 828 2736 p.
846 2696 864 2725 2
893 2691 1004 2725 etiam
1036 2691 1136 2735 patri
1163 2690 1268 2725 Calui
1301 2701 1505 2735 cognomen
1538 2689 1652 2724 fuisse
1680 2688 1789 2723 colle-

257 2743 322 2788 git.
363 2754 457 2787 quae
484 2745 671 2778 sententia
697 2745 785 2779 inde
805 2745 1053 2787 confirmatur,
1080 2744 1180 2788 quod
1199 2744 1264 2778 ubi
1284 2743 1413 2777 Liuius
1433 2743 1606 2788 propriae
1626 2742 1790 2776 familiae

257 2797 407 2831 laudem
431 2808 453 2831 a
473 2797 616 2831 Licinio
638 2798 848 2841 quaesitam
869 2809 946 2832 esse
969 2797 1176 2842 exprobrat,
1204 2797 1248 2831 de
1270 2796 1306 2831 C.
1328 2797 1490 2840 quodam
1511 2796 1652 2830 Licinio
1675 2795 1789 2830 Caluo

259 2851 385 2894 agitur
410 2850 466 2894 (fr.
487 2854 554 2894 16).
