2002 3342
270 214 534 244 cccxxqun
606 200 668 234 DE
696 199 1003 235 SCRIPTORVM
1030 199 1153 234 VITIS
1180 200 1240 234 ΕΤ
1267 200 1472 235 SCRIPTIS

270 313 316 350 fr.
338 325 373 363 p.
391 309 476 351 356
490 307 605 365 sqq).
645 311 713 349 sed
747 312 927 362 quamuis
961 311 1099 349 doctus
1128 312 1193 349 uir
1219 316 1258 349 et
1283 310 1425 349 studiis
1451 312 1609 362 optimis
1637 311 1803 363 1161111115,

270 377 369 416 bene
397 376 532 415 Latine
560 376 742 427 loquenS,
770 388 915 426 gnarus
943 378 1000 414 rei
1027 375 1220 427 publicae,
1250 388 1327 413 non
1356 377 1441 414 sine
1469 377 1632 427 facetiis,
1660 382 1802 428 tamen,

271 455 359 481 cum
392 454 520 492 neque
554 441 697 479 laboris
731 441 844 479 multi
877 453 950 479 nec
979 443 1071 480 satis
1098 446 1280 479 uersatus
1307 442 1346 478 in
1375 443 1503 479 causis
1531 447 1652 492 esset,
1684 444 1803 480 inter-

270 509 396 545 iectus
424 509 529 545 inter
563 506 658 545 duas
692 511 839 544 aetates
865 505 1068 544 Hortensii
1095 512 1134 543 et.
1161 505 1324 556 Sulpicii
1351 518 1424 544 nec
1451 507 1641 545 maiorem
1669 519 1803 546 conse-

272 573 338 623 qui
364 573 493 622 potuit
519 577 558 610 et
583 572 727 609 minori
755 571 896 609 cedere
926 582 1090 609 necesse
1118 571 1208 620 suit,
1241 576 1285 608 ut
1311 570 1447 609 Cicero
1474 568 1601 623 (Brut.
1623 569 1691 622 64,
1706 569 1804 610 228.

272 637 319 675 cf.
343 635 389 674 de
411 636 510 687 legg.
535 635 571 687 1,
586 634 625 686 2,
643 632 687 690 7)
716 637 886 687 scripsit.
927 648 1015 674 cum
1048 647 1144 673 uero
1174 635 1410 674 Hortensius
1442 637 1613 686 prinlum
1646 637 1686 674 in
1720 637 1804 675 foro

273 701 416 740 dixerit
436 701 477 739 L.
500 701 639 740 Crasso
661 701 703 746 Ο.
726 700 912 739 Scaeuola
946 699 1174 738 consulibus
1201 713 1232 738 a.
1255 697 1321 738 95.
1344 697 1429 739 659
1453 697 1580 753 (Brut.
1604 699 1671 751 64,
1687 697 1806 755 229),

271 768 349 805 13111
377 772 489 805 311163
516 767 673 804 initium
703 766 857 804 dicendi
892 766 1029 803 Fecisse
1057 765 1264 803 Sisennam
1292 767 1482 816 sequitur.
1522 779 1566 804 ex
1596 767 1725 804 causis
1751 773 1806 805 ta-

273 844 375 882 men,
396 844 492 882 quas
514 832 651 882 egerit,
674 831 772 870 duae
794 836 945 869 tantum
967 829 1081 868 modo
1103 829 1217 868 nobis
1238 836 1352 869 notae
1375 837 1475 869 sunt.
1504 843 1669 881 quarum
1689 843 1807 870 unam

273 910 349 948 quo
371 909 470 935 anno
493 898 615 935 orarit
640 909 710 948 pro
733 896 771 935 C.
794 896 949 934 Hirtilio
973 895 1139 947 quodam
1162 891 1261 947 (Cic.
1282 908 1353 946 pro
1375 895 1481 934 Brut.
1501 894 1567 947 74,
1583 893 1700 948 260),
1726 909 1807 935 1116-

273 963 421 1001 moriae
454 961 654 1012 proditum
680 974 759 1000 non
787 967 864 1011 est,
898 961 1059 999 alteram
1089 962 1166 999 iam
1193 966 1406 1011 prouectus
1433 966 1556 999 aetate
1585 974 1616 1000 a.
1633 959 1700 1000 70.
1722 958 1808 1000 684

274 1040 344 1078 pro
378 1027 417 1066 C.
439 1027 559 1066 Verre
594 1026 692 1065 dixit
724 1039 813 1065 cum
842 1026 1050 1065 Hortensio
1085 1026 1249 1077 aliisque
1284 1031 1418 1064 contra
1452 1026 1681 1065 Ciceronem
1709 1022 1808 1080 (Cic.

275 1098 346 1131 act.
370 1105 445 1131 sec.
468 1090 590 1143 245,
609 1090 703 1130 110.
731 1087 957 1145 4‚20,43).
998 1091 1045 1130 ad
1078 1103 1193 1142 quam
1228 1102 1385 1129 causam
1419 1104 1463 1129 ea
1489 1092 1739 1142 potissimum
1767 1103 1809 1129 re

275 1157 441 1196 idoneus
470 1169 555 1196 esse
582 1156 803 1206 uidebatur,
835 1156 939 1207 quod
966 1168 1054 1194 cum
1081 1157 1314 1206 magistratu
1342 1158 1381 1194 in
1409 1156 1541 1195 Sicilia
1569 1156 1712 1207 suerat,
1738 1158 1810 1194 ita-

276 1235 352 1274 que
380 1235 399 1260 a
428 1222 547 1260 Verre
575 1223 686 1272 quasi
712 1222 910 1260 inescatus
939 1226 977 1259 et
1003 1220 1050 1259 ad
1076 1226 1207 1271 partes
1235 1217 1518 1270 5113511361115,
1551 1227 1594 1259 111
1621 1221 1810 1260 Sisennae

277 1286 536 1326 familiaribus
565 1292 698 1337 erepta
726 1286 910 1324 redderet
936 1283 984 1339 (V
989 1298 1063 1324 err.
1084 1282 1311 1339 4,20,43).

366 1351 567 1402 Triennio,
595 1364 670 1402 quo
699 1351 865 1389 Sisenna
886 1351 1019 1389 Verris
1046 1356 1235 1401 patronus
1263 1353 1482 1402 exstiterat,
1512 1364 1599 1389 cum
1627 1351 1673 1389 ad
1699 1351 1812 1390 Pom·

276 1419 408 1469 peium
437 1417 521 1467 lege
544 1415 706 1454 Gabinia
736 1429 933 1455 summum
960 1417 1172 1467 imperium
1198 1415 1290 1453 belli
1316 1417 1472 1467 piratici
1497 1415 1668 1455 delatum
1696 1421 1814 1467 esset,

277 1483 343 1521 ille
369 1484 409 1521 in
437 1481 626 1520 tredecim
655 1481 794 1532 legatis
821 1483 1031 1519 maximam
1060 1486 1209 1532 partem
1237 1481 1508 1532 optimatibus,
1535 1481 1678 1532 quibus
1705 1493 1813 1520 mare

278 1547 613 1587 mediterraneum
640 1546 831 1585 tuendum
861 1546 1099 1597 dispertiret,
1127 1547 1243 1585 etiam
1265 1546 1305 1584 L.
1329 1546 1536 1585 Sisennam
1561 1546 1679 1598 elegit
1699 1548 1813 1597 eique

278 1613 612 1664 Peloponnesum,
638 1612 823 1662 Atticam,
850 1611 1066 1662 Euboeam,
1100 1611 1360 1662 Thessaliam,
1381 1611 1667 1662 Macedoniam,
1693 1612 1814 1650 Boeo-

280 1680 374 1717 tiam
406 1677 569 1716 tradidit
596 1677 710 1729 (XApp.
732 1677 861 1715 Mithr.
884 1674 970 1730 95).
1013 1676 1153 1715 deinde
1188 1676 1352 1715 discidio
1385 1678 1489 1715 inter
1515 1677 1743 1728 Pompeium
1778 1682 1816 1715 et

281 1743 480 1782 Metellum
508 1743 707 1781 Creticum
735 1748 819 1781 orto
848 1742 1076 1792 Cretenses,
1107 1748 1152 1780 ut.
1177 1742 1323 1780 Metelli
1350 1743 1554 1780 saeuitiam
1582 1747 1622 1781 et
1647 1741 1816 1781 crudeli-

281 1814 400 1848 tatem
434 1808 669 1858 effugerent,
703 1807 750 1845 ad
775 1807 1005 1858 Pompeium
1038 1808 1194 1845 misisse
1228 1812 1399 1858 constat,
1430 1808 1497 1858 qui
1533 1820 1574 1846 se
1601 1819 1749 1858 suaque
1774 1808 1817 1845 in

283 1876 368 1913 61115
401 1873 518 1912 fidem
548 1872 756 1923 dederent,
789 1877 827 1911 et.
860 1885 881 1910 a
907 1872 1092 1923 Pompeio
1120 1884 1211 1918 cum
1236 1872 1275 1910 L.
1305 1872 1469 1911 Octauio
1496 1872 1622 1921 legato
1650 1872 1816 1922 rediere,

281 1946 326 1978 ut
357 1939 477 1978 urbes
510 1940 717 1989 reciperet.
757 1937 937 1976 Metellus
970 1943 1102 1976 tamen
1135 1950 1223 1976 cum
1255 1939 1340 1976 51116
1369 1939 1545 1976 exercitu
1572 1943 1694 1987 esset„
1727 1950 1817 1976 eum

283 2004 467 2055 neglexit,
488 2016 615 2054 neque
638 2015 755 2042 saeue
776 2005 816 2041 in
832 2002 1042 2041 Cretenses
1063 2008 1103 2040 ut
1126 2003 1166 2040 in
1186 2002 1320 2041 hostes
1343 2002 1548 2041 consulere
1572 2002 1698 2041 desiit.
1734 2008 1818 2041 tum

283 2082 379 2109 11610
413 2070 474 2108 1115
501 2068 620 2108 rebus
653 2069 820 2119 cognitis
849 2067 1054 2107 Cornelius
1083 2067 1248 2105 Sisenna
1276 2079 1365 2105 611111
1393 2069 1568 2106 exercitu
1594 2068 1636 2105 in
1663 2066 1818 2105 Cretam

283 2137 406 2174 uenit.
447 2133 516 2173 sed
543 2147 592 2172 ne
620 2135 653 2172 is
681 2133 841 2185 quidem
867 2133 1039 2184 Metello,
1066 2138 1109 2171 ut
1136 2132 1363 2171 ciuitatibus
1390 2138 1580 2184 parceret,
1609 2133 1818 2183 persuasit.

285 2206 493 2251 antequam
521 2205 653 2238 tamen
679 2204 723 2238 ut
753 2200 905 2237 inuitus
932 2198 1235 2249 obtemperaret,
1261 2198 1303 2236 ui
1331 2203 1369 2236 et
1395 2200 1515 2236 armis
1542 2197 1651 2236 illum
1679 2208 1819 2247 cogere

286 2272 325 2305 et
349 2265 528 2316 urbibus,
555 2277 654 2316 quae
680 2264 976 2315 premebantur,
1002 2263 1187 2315 opitulari
1215 2264 1422 2314 coepisset,
1448 2265 1488 2301 in
1515 2262 1696 2301 morbum
1722 2263 1819 2300 inci-

288 2331 343 2370 dit
370 2337 407 2370 et
433 2336 558 2369 morte
584 2329 679 2368 belli
706 2329 836 2368 ciuilis
863 2330 1091 2368 necessitati
1119 2334 1278 2379 ereptus
1306 2334 1365 2367 est
1388 2341 1419 2366 a.
1442 2325 1509 2367 67.
1531 2324 1666 2379 6879)
1706 2326 1819 2365 Octa·

385 2435 417 2478 1)
445 2432 547 2474 Quae
581 2443 693 2477 supra
725 2431 980 2476 exposuimus,
1014 2430 1190 2465 debemus
1221 2430 1344 2465 Cassio
1372 2430 1482 2464 Dioni
1503 2433 1607 2473 36,1,
1639 2429 1703 2473 qui
1728 2429 1821 2463 haec

288 2487 332 2521 de
361 2486 516 2520 Sisenna
542 2485 671 2520 refert:
700 2486 763 2519 καὶ
784 2485 990 2528 Κορνήλιος
1010 2484 1204 2528 Σισέννας,
1232 2483 1250 2518 ὁ
1277 2488 1341 2527 τῆς
1362 2481 1540 2523 εΕλλάὸος
1566 2483 1701 2527 ἄρχων,
1727 2478 1821 2527 ἦλθε

289 2540 354 2585 μὲν
386 2541 422 2579 ἐς
455 2539 523 2583 τὴν
549 2539 718 2583 Κρήτην,
751 2539 799 2578 ὡς
824 2536 929 2573 ταῦτ’
959 2538 1138 2580 ἐπύθετο,
1168 2538 1230 2571 καὶ
1257 2534 1440 2583 παρῄνεσε
1465 2539 1516 2583 τῷ
1542 2536 1713 2583 Msve'mcp
1741 2535 1821 2580 φεί-

289 2596 429 2628 σασθαι.
461 2599 532 2627 τῶν
566 2592 710 2636 δήμων,
743 2592 787 2626 οὐ
820 2591 945 2635 μέντοι
977 2591 1042 2625 καὶ
1075 2589 1279 2633 ἀντέπραξέ
1309 2604 1344 2625 τι
1370 2590 1417 2634 μὴ
1444 2588 1581 2629 πείσας.
1609 2609 1655 2614 -
1681 2589 1822 2633 ἀγανα-

289 2647 425 2690 κτήσας
452 2644 519 2680 οὖν
546 2646 606 2680 ἐπὶ
632 2646 748 2692 τούτῳ
776 2645 794 2679 ὁ
819 2643 1034 2684 Ὀκταούιος
1060 2641 1193 2679 οὐκέθ’
1221 2642 1417 2687 ἡσύχασεν,
1443 2641 1535 2676 ἀλλὰ
1554 2640 1734 2685 πρότερον
1755 2640 1822 2684 μὲν

291 2703 339 2746 τῷ
367 2705 431 2734 τοῦ
458 2698 640 2733 Σισέννου
668 2701 810 2745 στρατῷ
836 2697 1011 2742 (νοσήσας
1038 2697 1106 2742 γὰρ
1135 2696 1275 2736 ἐκεῖνος
1300 2694 1507 2738 ἐτεθνήκει)
1533 2696 1717 2740 χρώμενος
1743 2694 1822 2729 ἐπε-

291 2753 424 2800 βοήθει
439 2766 508 2787 um
519 2755 547 2786 λ.
575 2752 766 2786 'Weichert
780 2752 931 2795 quidem
945 2751 967 2785 1.
982 2763 1007 2785 s.
1023 2763 1058 2795 p.
1071 2754 1137 2785 102
1152 2750 1250 2784 hunc
1266 2749 1460 2783 Sisennam
1474 2748 1641 2783 Gnaeum
1655 2747 1824 2792 appellat:

291 2806 554 2849 diuersumque
589 2816 668 2840 esse
700 2805 745 2839 ab
772 2805 843 2839 hoc
870 2804 982 2839 Lucio
1008 2805 1127 2848 putat.
1168 2802 1291 2847 decipi
1317 2803 1443 2836 tamen
1469 2813 1508 2836 se
1533 2812 1665 2845 passus
1692 2803 1749 2835 est
1774 2800 1823 2834 ab

291 2859 443 2903 Vrsino,
476 2858 541 2903 qui
574 2859 652 2892 sine
678 2858 757 2892 ulla
790 2858 1016 2892 auctoritate
1046 2857 1143 2891 hunc
1177 2856 1371 2890 Sisennam
1403 2854 1622 2890 confuderat
1649 2865 1732 2888 cum
1759 2853 1821 2888 Cn.
