2002 3342
200 2030 269 2061 488

201 2079 270 2120 ff

291 190 346 230 32
926 188 1187 230 RELIQVIAE

288 296 461 350 μέλους,
482 296 531 346 ἃς
553 296 754 351 ἀλφίτοις
774 295 868 347 ζεάς
889 296 1209 346 ἀναδεύσαντες
1228 296 1508 352 προσέφερον
1522 303 1614 347 τοῖς
1626 298 1822 339 θύουσιν

289 361 359 404 ἐπὶ
385 369 544 403 κανῶν.
573 363 613 403 οἱ
642 358 680 403 δ’
710 361 780 403 ἐπὶ
801 363 905 410 τοὺς
925 362 1102 416 βωμοὺς
1124 360 1351 411 ἐπιθέντες
1371 362 1576 417 ὑφῆπτον
1595 361 1667 404 καὶ
1688 374 1822 417 προσ-

290 427 505 469 έσπενδον
544 424 669 469 οἶνον
701 427 809 468 κατὰ
840 434 929 468 τῶν
964 425 1273 480 ἁγνιζομένων.
1324 426 1508 468 ἕκαστον
1541 423 1580 468 δ’
1618 427 1684 469 ὅτι
1716 428 1823 469 κατὰ

289 494 453 547 νόμους
481 492 647 545 ἐγίνετο
673 494 777 541 τοὺς
803 492 915 546 ἀμφὶ
937 492 1106 533 θυσίαν
1125 490 1204 544 ὑφ’
1230 490 1453 546 Ἑλλήνων
1471 491 1824 542 κατασταθέντας

290 557 336 599 ἐκ
362 564 437 612 τῆς
459 556 648 612 Ὁμήρου
675 559 889 611 ποιήσεως
917 564 1082 610 γνῶναι
1110 554 1276 613 ῥᾴδιον.
1305 582 1359 586 ——
1388 561 1440 607 (c.
1463 560 1549 608 73.)
1577 558 1750 599 Λοιπὸν
1776 555 1824 599 δὲ

289 621 351 664 ἔτι
378 639 452 675 μοι
478 623 550 664 καὶ
576 621 676 676 περὶ
703 630 791 664 τῶν
818 622 1004 676 ἀγώνων
1031 621 1108 670 οὓς
1139 623 1246 674 μετὰ
1278 623 1358 676 τὴν
1389 624 1567 677 πομπὴν
1594 622 1826 664 ἐπετέλουν

290 687 416 741 ὀλίγα
450 687 659 728 διελθεῖν.
710 694 882 740 πρῶτος
915 686 936 728 ὁ
969 694 1058 728 τῶν
1089 689 1348 741 τεθρίππων
1379 703 1424 728 τε
1456 686 1527 728 καὶ
1565 688 1826 742 συνωρίδων

290 753 362 793 καὶ
394 759 482 793 τῶν
516 751 733 803 ἀζεύκτων
766 752 912 792 ἵππων
946 751 1112 804 ἐγίνετο
1147 752 1320 806 δρόμος.
1347 777 1404 782 ——
1432 751 1480 793 έν
1512 750 1559 793 δὲ
1586 759 1681 802 ταῖς
1709 753 1826 794 ἱππι-

290 824 387 866 καῖς
414 817 614 870 ἁμίλλαις
641 816 960 870 ἐπιτηδεύματα
982 816 1063 858 δύο
1085 824 1174 858 τῶν
1193 817 1311 858 πάνυ
1332 820 1532 859 παλαιῶν
1553 818 1609 867 ὡς
1629 816 1672 867 ἐξ
1693 817 1827 872 ἀρχῆς

291 881 596 937 ἐνομοθετήθη
632 883 939 936 φυλαττόμενα
971 882 1056 922 ὑπὸ
1084 880 1306 936 Ῥωμαίων
1343 881 1467 937 μέχρι
1503 890 1592 924 τῶν
1625 880 1718 923 κατ’
1754 879 1826 936 ἐμὲ

292 949 505 989 διάκειται
544 949 737 1003 χρόνων,
775 948 824 988 τό
863 963 908 988 τε
946 946 1045 1002 περὶ
1084 948 1136 988 τὰ
1175 949 1371 1001 τρίπωλα
1408 954 1496 989 τῶν
1528 946 1744 1002 ἁρμάτων.
1771 973 1826 976 -

291 1014 394 1054 δυσὶ
427 1015 509 1068 γὰρ
543 1014 692 1061 ἵπποις
728 1011 1018 1066 ἐζευγμένοις,
1058 1011 1110 1053 ὃν
1148 1014 1314 1067 τρόπον
1353 1013 1584 1066 ζεύγνυται
1622 1014 1827 1067 συνωρίς,

290 1080 436 1131 τρίτος
466 1079 700 1131 παρείπετο
735 1084 926 1131 σειραῖος
959 1078 1092 1127 ἵππος
1123 1078 1280 1133 ῥυτῆρι
1314 1079 1626 1133 συνεχόμενος,
1665 1077 1717 1119 ὃν
1742 1078 1827 1120 ἀπὸ

291 1149 370 1185 τοῦ
397 1145 723 1199 παρῃωρῆσθαί
746 1158 791 1184 τε
818 1141 888 1184 καὶ
916 1144 972 1197 μὴ
1002 1146 1291 1197 συνεζεῦχθαι
1317 1141 1545 1198 παρῄορον
1572 1142 1761 1185 ἐκάλουν
1786 1144 1827 1185 οῑ

291 1211 481 1250 παλαιοί.
541 1208 693 1263 ἕτερον
731 1207 779 1249 δὲ
819 1233 874 1237 --
915 1208 936 1250 ὁ
976 1216 1064 1249 τῶν
1101 1210 1498 1263 παρεμβεβηκότων
1535 1215 1626 1258 τοῖς
1666 1209 1829 1264 ἅρμασι

293 1275 471 1329 δρόμος·
520 1274 626 1315 ὅταν
664 1275 747 1328 γὰρ
787 1273 910 1323 τέλος
950 1274 993 1314 αἱ
1033 1280 1121 1315 τῶν
1166 1273 1335 1315 ἰ’ππέων
1379 1274 1556 1327 ἅμιλλαι
1595 1274 1829 1327 λάβωνται,

293 1339 606 1393 ἀποπηδῶντες
645 1338 728 1380 ἀπὸ
767 1346 856 1380 τῶν
894 1338 1101 1393 ἁρμάτων
1140 1339 1181 1380 οἱ
1219 1339 1544 1394 παροχούμενοι
1581 1347 1672 1388 τοῖς
1709 1339 1829 1393 ἡνιό-

293 1420 384 1459 χοις
416 1429 473 1434 —
505 1405 583 1445 τὸν
621 1405 849 1446 σταδιαῖον
885 1403 1154 1456 ἁμιλλῶνται
1190 1405 1357 1457 δρόμον
1395 1403 1522 1445 αὐτοὶ
1556 1404 1666 1458 πρὸς
1701 1403 1830 1458 ἀλλή-

293 1472 409 1519 λους.
460 1468 761 1511 τελεσθέντων
801 1469 849 1511 δὲ
887 1477 975 1511 τῶν
1014 1471 1204 1512 ἱππικῶν
1243 1470 1422 1524 δρόμων
1461 1470 1507 1511 oc
1538 1476 1630 1518 τοῖς
1662 1467 1831 1511 ἑαυτῶν

294 1535 495 1589 σώμασιν
521 1535 835 1589 ἀγωνιζόμενοι
860 1536 957 1576 τότε
984 1533 1189 1590 εἰσῄεσαν
1216 1536 1392 1589 δρομεῖς
1412 1550 1456 1576 τε
1476 1535 1548 1576 καὶ
1573 1535 1733 1576 πύκται
1759 1533 1831 1576 καὶ

294 1601 538 1641 παλαισταί.
569 1624 621 1629 —
649 1598 696 1641 ἐν
735 1599 784 1641 δὲ
820 1607 912 1648 τοῖς
952 1601 1024 1642 διὰ
1062 1599 1199 1653 μέσου
1235 1608 1323 1642 τῶν
1356 1599 1623 1654 ἀθλημάτων
1654 1601 1831 1654 χρόνοις

289 1664 666 1718 Ἑλληνικώτατον
703 1663 775 1706 καὶ
813 1666 1050 1719 κράτιστον
1089 1666 1296 1707 ἁπάντων
1340 1665 1460 1707 ἐθῶν
1502 1664 1830 1718 ἀπεδείκνυντο,

297 1731 593 1784 στεφανώσεις
619 1730 691 1772 καὶ
718 1729 979 1785 ἀναρρήσεις
1000 1732 1257 1786 ποιούμενοι
1286 1739 1424 1785 τιμῶν
1451 1724 1518 1780 αἷς
1544 1729 1703 1783 ἐτίμων
1728 1731 1832 1779 τοὺς

297 1794 464 1837 ἑαυτῶν
496 1794 746 1849 εὐεργέτας,
772 1820 831 1825 ——
856 1795 928 1838 καὶ
962 1797 1137 1838 σκύλων
1173 1797 1289 1838 ὅσων
1327 1795 1374 1838 ἐκ
1411 1794 1615 1849 πολέμων
1654 1795 1832 1848 λάβοιεν

297 1859 525 1911 ἐπιδείξεις
557 1867 649 1909 τοῖς
681 1865 743 1910 εἰς
775 1860 888 1902 θέαν
921 1864 1289 1915 συνεληλυθόσιν.
1341 1860 1449 1902 ἀλλὰ
1488 1862 1570 1914 γὰρ
1608 1858 1719 1914 ὑπὲρ
1752 1860 1832 1915 μὲν

295 1926 466 1967 τούτων
498 1926 599 1966 οὔτε
631 1925 804 1980 μηθένα
837 1929 1109 1980 ποιήσασθαι
1142 1929 1277 1980 λόγον
1310 1926 1578 1979 ἀπαιτούσης
1612 1931 1688 1979 τῆς
1725 1926 1831 1968 ὑπο-

297 1990 466 2040 θέσεως
498 1995 640 2041 καλῶς
673 1987 789 2046 εἶχεν
821 1992 921 2034 οὔτε
953 1994 1167 2046 μηκύνειν
1192 1991 1303 2047 πέρα
1327 1998 1406 2033 τοῦ
1435 1990 1614 2040 δέοντος
1638 1991 1833 2045 ἥρμοττε.

390 2055 464 2099 17.
499 2060 587 2098 Liu.
616 2060 654 2108 2,
675 2060 743 2106 40,
767 2061 834 2099 10.
867 2060 979 2111 Apud
1006 2060 1186 2111 Fabium,
1216 2060 1329 2110 longe
1357 2060 1677 2110 antiquissimum
1704 2063 1834 2097 aucto·

299 2137 398 2175 rem,
434 2137 559 2176 usque
594 2124 641 2163 ad
674 2130 918 2164 senectutem
952 2126 1100 2164 uixisse
1129 2125 1296 2164 eundem
1323 2121 1628 2177 [Coriolanum]
1654 2124 1832 2175 inueni03

394 2275 458 2309 17.
487 2275 542 2318 Cf.
565 2275 663 2310 Cass.
685 2275 799 2309 Dion.
825 2276 874 2318 fr.
896 2278 954 2317 18,
976 2278 1040 2310 12.·
1066 2273 1150 2309 Ἀλλ’
1181 2276 1217 2315 ἐς
1242 2275 1329 2314 τοὺς
1351 2273 1563 2313 Οὐόλσκους
1589 2272 1835 2319 ἀναχωρήσας

297 2323 466 2357 ἐνταῦθα
493 2322 529 2364 ἐξ
557 2322 753 2368 ἐπιβουλῆς
778 2320 800 2366 ἢ
826 2323 890 2357 καὶ
916 2322 1080 2368 γηράσας
1101 2321 1305 2357 ἀπέθανεν.
1346 2334 1389 2358 ex
1415 2333 1452 2357 eo
1473 2322 1607 2356 Zonar.
1632 2323 1665 2363 7,
1685 2324 1744 2363 16,
1770 2322 1834 2365 qui

297 2374 417 2404 tamen
442 2371 556 2404 solam
582 2371 734 2405 alteram
759 2371 899 2413 famam
925 2372 965 2404 in
990 2382 1098 2405 smmt
1126 2371 1258 2405 librum
1284 2370 1492 2405 transtulit:
1524 2367 1768 2413 ἀναχωρήσας
1793 2367 1834 2403 δὲ

299 2417 350 2456 εἰς
375 2418 461 2456 τοὺς
484 2418 742 2458 Οὐολούσκους
762 2419 840 2453 ἐκεῖ
856 2417 1021 2462 γηράσας
1040 2418 1261 2460 ἀπήλλαξεν.
1299 2419 1463 2453 ieiunam
1488 2417 1697 2451 memoriam
1725 2416 1835 2450 etiam

300 2466 443 2499 Brutus
466 2469 610 2499 secutus
635 2470 686 2500 est
712 2465 803 2508 (Cic.
826 2466 935 2501 Brut.
959 2469 1015 2508 10,
1035 2468 1113 2509 42).

390 2609 413 2643 2
441 2605 643 2653 ἐπιθέντες
669 2608 868 2655 Kiessliny
899 2605 1139 2653 ἐπιτιθέντες
1165 2607 1255 2644 libri
1354 2607 1377 2643 3
1406 2602 1645 2656 ἁγιζομένων
1674 2605 1773 2643 Oltis.

302 2667 324 2703 6
353 2665 406 2703 ἔτι
425 2667 623 2714 Kiessliwy
642 2665 720 2704 ἔστι
739 2667 831 2705 libri
900 2670 950 2705 11
976 2662 1181 2716 διάκειται]
1204 2666 1372 2704 διατελεῖ
1385 2665 1584 2711 Kiessliny
1655 2666 1706 2702 12
1734 2662 1833 2710 ἐζευ-

298 2722 507 2776 γνυμένοις
537 2726 637 2764 Chi-3.
743 2727 795 2764 14
824 2740 860 2763 τε
888 2727 1045 2764 accessit
1069 2737 1114 2763 ex
1141 2725 1272 2764 Vrbin.
1337 2723 1389 2775 μὴ
1418 2724 1571 2762 addidit
1598 2724 1776 2761 Valesius

302 2786 355 2822 15
385 2780 444 2834 δὲ]
471 2798 508 2822 τε
533 2785 673 2823 Reiske
767 2787 818 2823 16
848 2784 891 2823 αἶ
913 2797 984 2825 om.
1014 2785 1145 2824 Vrbin.
1209 2784 1340 2822 ἵππων
1370 2783 1553 2822 Gelenius
1645 2784 1697 2820 23
1726 2780 1834 2828 τινὰς

301 2838 359 2889 οἷς
385 2841 525 2893 ἐτίμων
552 2845 642 2882 libri
668 2855 763 2883 corr.
783 2845 922 2882 Reiske

1847 897 1881 923 10

1850 1223 1882 1248 15

1851 1549 1885 1574 20

1852 1874 1885 1900 25
