2002 3342
284 203 467 233 (¹00an
619 190 682 224 DE
709 189 1015 224 SCRIPTORVM
1040 190 1162 225 VITIS
1189 190 1250 225 ET
1277 190 1483 226 SCRIPTIS

374 301 492 338 Multo
526 313 620 339 uero
653 300 764 351 plura
791 300 932 339 Licinii
964 301 1181 352 fragmenta
1213 314 1259 340 ex
1286 301 1397 340 Liuio
1431 301 1573 341 elicere
1604 302 1810 355 eidemque

281 368 453 403 certiora
488 365 533 403 de
568 366 765 404 annalium
793 367 877 404 eius
904 365 1032 404 indole
1067 366 1243 416 proferre
1270 378 1493 417 possemus,
1526 368 1602 405 nisi
1635 380 1727 406 casu
1760 369 1812 407 ita

284 430 505 481 accidisset,
531 436 574 469 ut
600 436 682 469 tum
712 430 867 469 demum
894 430 1029 469 Liuius
1057 433 1113 469 eis
1141 432 1198 469 uti
1228 432 1432 482 inciperet,
1461 431 1528 470 ubi
1554 433 1698 482 integri
1725 432 1813 471 Dio-

283 497 385 545 nysii
419 495 509 533 libri
544 495 741 534 deficiunt.
781 508 885 534 nunc
917 508 994 534 uno
1027 495 1141 534 modo
1168 496 1269 546 loc0,
1303 498 1369 546 qui
1396 503 1456 535 est
1481 498 1520 535 in
1547 497 1623 535 fine
1650 497 1741 535 libri
1761 497 1812 536 XI

283 559 459 611 Dionysii
486 566 525 598 et
551 562 591 598 in
618 561 812 611 principio
840 560 931 599 libri
952 561 998 599 lv
1019 560 1121 599 Liuii
1142 557 1240 612 (uid.
1263 562 1307 599 fr.
1327 560 1378 600 13
1401 574 1431 600 c.
1454 557 1573 616 adn),
1599 574 1698 613 quae
1724 575 1812 613 par-

282 631 341 663 tes
364 625 410 664 ab
432 625 510 664 illis
531 626 731 664 historicis
752 626 969 664 secundum
990 625 1163 664 Macrum
1185 631 1384 677 pertextae
1407 632 1508 677 sunt,
1535 628 1638 665 inter
1659 639 1700 666 se
1721 640 1812 666 con-

281 692 449 741 tingunt.
490 690 558 729 sed
584 691 839 742 Dionysius
873 704 962 729 eum
996 692 1131 729 citauit
1168 692 1207 729 in
1234 691 1345 729 libris
1367 692 1399 730 lI
1421 688 1485 744 (ΓΡ.
1506 688 1569 745 5),
1596 686 1731 746 1v(f1·.
1753 688 1813 746 8),

281 756 310 791 Υ
332 753 412 807 (jbis
434 753 533 795 1129.
554 752 640 810 10),
662 756 707 794 VI
731 752 796 809 (fr.
815 752 899 809 11),
921 756 985 794 vll
1006 752 1070 809 (fr.
1087 752 1158 809 12)
1187 769 1361 807 ususque
1383 769 1428 795 eo
1450 762 1509 795 est
1528 758 1592 808 ita,
1620 762 1661 796 ut
1680 758 1721 795 in
1743 756 1811 795 Cn.

280 820 397 859 Gellii
430 821 557 860 locum
591 834 678 860 eum
716 821 974 860 substitueret
1009 833 1152 872 eosque
1189 822 1305 860 etiam
1341 826 1402 860 ter
1434 823 1676 860 consociaret
1712 817 1812 875 (uid.

281 899 316 937 p.
334 882 532 939 CCCLIX),
559 892 641 925 tum
668 899 763 925 uero
790 887 923 925 nescio
952 887 1063 925 cuius
1090 885 1235 924 iudicio
1261 892 1423 938 propter
1455 892 1675 938 temporum
1700 888 1812 925 incu-

279 953 378 990 riam
407 951 452 990 ab
481 953 537 990 eis
566 952 778 990 deterritus
800 949 864 1005 (fr.
883 949 948 989 11.
968 948 1038 1004 12)
1067 951 1131 989 alii
1159 952 1310 990 auctori
1337 964 1378 990 se
1405 951 1602 990 addixisse
1629 951 1805 1004 uidetur3

278 1022 456 1055 extremo
483 1022 613 1056 tamen
640 1017 740 1055 libro
762 1016 812 1055 XI
834 1012 885 1070 (c.
902 1013 977 1070 62)
999 1029 1087 1055 eum
1115 1016 1162 1055 ad
1184 1016 1378 1055 Licinium
1405 1016 1570 1055 rediisse
1592 1029 1810 1056 consensus

280 1094 370 1120 cum
398 1082 443 1120 fr.
462 1079 515 1121 13
543 1079 664 1134 (apud
686 1078 861 1135 Liuium)
891 1082 1014 1121 docet.
1055 1082 1123 1121 sed
1150 1083 1266 1120 etiam
1296 1087 1454 1133 praeter
1479 1082 1549 1120 hos
1576 1082 1681 1121 locos
1709 1082 1811 1134 apud

279 1146 509 1198 Dionysium
546 1149 630 1186 eius
666 1160 760 1186 usus
794 1147 940 1186 subest.
985 1160 1074 1186 nam
1111 1160 1209 1198 quae
1247 1147 1292 1186 de
1325 1146 1439 1186 bellis
1472 1147 1518 1185 ab
1551 1147 1655 1186 Anco
1689 1149 1811 1198 gestis

278 1210 394 1263 238
418 1218 456 1251 et
476 1210 530 1251 39
564 1214 777 1251 memoriae
814 1212 992 1263 tradidit,
1029 1225 1074 1251 ex
1108 1212 1236 1250 Macro
1269 1218 1392 1251 tracta
1425 1225 1510 1251 esse
1544 1213 1762 1263 fragmento
1784 1210 1809 1252 8

278 1275 378 1325 (uid.
407 1277 493 1316 adn.
522 1277 569 1316 ad
598 1278 631 1316 11.
660 1274 702 1331 l.)
743 1283 967 1328 comparato
1001 1279 1243 1328 computauit
1275 1277 1473 1327 Kiessling
1497 1277 1551 1315 De
1577 1277 1687 1316 Dion.
1715 1278 1809 1317 font.

278 1355 314 1393 p.
331 1340 387 1380 30
400 1356 455 1394 sq.
482 1342 666 1393 idemque
688 1356 723 1394 p.
740 1340 795 1381 33
818 1355 906 1382 cum
925 1342 1140 1381 Liebaldtio
1161 1355 1196 1393 p.
1212 1339 1265 1381 15
1287 1342 1423 1381 foedus
1444 1341 1636 1381 Gabinum
1658 1338 1716 1395 (4,
1732 1339 1808 1397 58)

278 1413 318 1446 et
338 1408 630 1459 Schweglerum
652 1404 704 1461 (11
724 1421 760 1459 p.
776 1405 859 1447 307
874 1405 977 1460 sqq.)
1006 1413 1164 1446 secutus
1192 1407 1328 1446 foedus
1356 1420 1375 1446 a
1397 1408 1529 1446 Cassio
1550 1420 1640 1446 cum
1660 1407 1810 1446 Latinis

277 1473 399 1511 ictum
421 1469 567 1526 (two)
589 1473 637 1512 ad
658 1473 780 1512 Macri
800 1475 1071 1512 auctoritatem
1094 1472 1139 1511 de
1162 1474 1388 1511 coniectura
1408 1472 1570 1511 rettulit.
1609 1472 1682 1511 hoc
1703 1474 1808 1511 enim

277 1545 577 1578 monumentum
605 1541 645 1577 in
673 1539 854 1577 columna
875 1539 1022 1577 ahenea
1044 1538 1181 1577 Cicero
1203 1550 1292 1576 cum
1317 1550 1388 1589 pro
1409 1537 1528 1576 Balbo
1550 1534 1638 1591 (23,
1653 1534 1728 1592 53)
1752 1537 1808 1576 di-

275 1610 402 1654 ceret,
441 1605 621 1642 meminit
653 1617 783 1654 nuper
805 1610 900 1654 post
933 1609 1068 1643 rostra
1100 1606 1271 1643 incisum
1304 1609 1341 1642 et
1362 1606 1640 1653 perscriptum
1668 1603 1809 1653 fuisse,

275 1674 359 1707 tum
381 1670 502 1719 igitur
522 1671 606 1720 ipse
627 1669 765 1708 uidere
786 1682 862 1707 non
884 1670 1021 1720 potuit,
1049 1668 1250 1719 multoque
1271 1669 1401 1707 minus
1423 1669 1705 1719 quinquaginta
1726 1668 1808 1706 fere

275 1735 388 1773 annis
415 1740 503 1785 post
529 1734 749 1785 Dionysius.
789 1735 856 1785 qui
882 1734 986 1785 quod
1012 1733 1134 1772 nihilo
1160 1735 1309 1783 minus,
1336 1733 1429 1784 quid
1455 1734 1496 1771 in
1521 1733 1588 1771 illo
1615 1734 1807 1784 scriptum

274 1805 392 1850 esset,
420 1801 604 1850 inseruit,
632 1805 766 1850 aperte
793 1799 858 1837 alii
885 1800 1036 1838 auctori
1062 1800 1146 1837 eius
1172 1799 1351 1837 notitiam
1380 1797 1511 1848 debet,
1539 1810 1656 1849 quem
1682 1799 1806 1836 nemi-

273 1877 366 1903 nem
393 1866 480 1903 ueri
507 1870 567 1903 est
594 1864 762 1903 similius
790 1865 911 1903 fuisse
939 1876 1053 1915 quam
1075 1863 1260 1916 Macrum,
1286 1862 1423 1902 talium
1450 1875 1583 1902 rerum
1605 1864 1805 1902 curiosum

273 1927 559 1983 scriptorem.¹)
600 1936 736 1968 contra
769 1929 896 1968 denuo
929 1930 1110 1967 intricata
1144 1934 1204 1967 est
1234 1928 1330 1967 haec
1357 1929 1552 1979 quaestio,
1586 1929 1618 1967 si
1645 1929 1730 1967 eius
1758 1928 1804 1967 de

274 1995 339 2046 Sp.
361 1995 490 2033 Maelii
523 1995 641 2033 caede
674 1996 940 2033 narrationem
968 2006 1013 2032 ex
1047 1995 1187 2045 primis
1219 1995 1466 2044 insequentis
1493 1993 1583 2031 libri
1611 1993 1804 2044 capitibus

272 2066 500 2111 excerptam
527 2073 615 2099 cum
638 2060 750 2099 Liuio
772 2055 1183 2112 comparauerimusfl)
1222 2059 1285 2097 hic
1307 2060 1412 2097 enim
1434 2060 1804 2097 commemoratione

273 2125 467 2164 librorum
500 2126 712 2164 linteorum
739 2121 942 2179 (4,13,7)
977 2126 1087 2176 quasi
1121 2123 1241 2175 digito
1270 2123 1464 2162 Licinium
1491 2123 1664 2162 Macrum
1695 2136 1805 2162 mon-

272 2192 415 2230 strauit
435 2190 697 2241 Maeliumque
725 2190 828 2242 quod
850 2189 1031 2241 ‘regnum
1056 2195 1160 2228 esset
1186 2187 1409 2240 aggressus'
1432 2190 1517 2227 iure
1540 2201 1697 2228 caesum
1718 2201 1805 2227 esse

274 2256 313 2295 L.
333 2256 559 2301 Quinctium
582 2256 813 2294 dictatorem
834 2256 1056 2307 professum
1078 2254 1212 2293 multis
1234 2266 1280 2292 ex
1301 2254 1464 2292 historia
1477 2253 1650 2292 Romana
1671 2266 1805 2305 sump-

271 2323 322 2359 tis
345 2321 535 2372 exemplis
556 2327 816 2372 exponentem
837 2320 991 2359 induxit
1010 2320 1188 2371 bonaque
1205 2321 1288 2358 eius
1304 2331 1324 2357 a
1340 2318 1614 2370 quaestoribus
1629 2320 1804 2358 ueniisse

271 2392 311 2425 et
331 2388 371 2424 in
393 2386 592 2437 publicum
615 2386 772 2425 redacta
794 2398 881 2424 esse
903 2385 1025 2424 addit:
1049 2385 1178 2423 Macer
1198 2386 1319 2435 igitur
1339 2384 1451 2434 regni
1472 2385 1622 2422 crimen
1644 2396 1664 2421 a
1685 2396 1802 2422 causa

270 2450 397 2502 plebis
424 2451 671 2502 tribunisque
693 2452 901 2503 separauit,
929 2452 996 2501 qui
1016 2462 1209 2500 nusquam
1230 2448 1368 2487 Maelio
1390 2448 1531 2487 adsunt
1551 2454 1589 2487 et
1609 2454 1696 2500 post
1716 2450 1801 2487 eius

369 2585 401 2626 1)
428 2582 581 2617 Nitzsch
606 2583 743 2617 librum
770 2595 874 2617 suum
895 2583 950 2616 ita
970 2581 1152 2616 conclusit
1170 2581 1321 2625 (Annal.
1342 2592 1377 2624 p.
1393 2582 1575 2624 351sqq.),
1600 2582 1642 2614 ut
1663 2579 1803 2624 Diony-

269 2635 325 2670 sio
352 2636 390 2669 in
418 2636 621 2670 scribendis
647 2636 730 2670 libr.
751 2636 883 2670 V—IX
909 2635 1161 2680 suspicaretur
1185 2634 1299 2668 fuisse
1322 2635 1522 2677 auctorem,
1549 2634 1613 2678 qui
1634 2633 1725 2667 duas
1745 2634 1803 2667 di-

268 2700 397 2723 uersas
423 2689 542 2723 famas
570 2690 875 2734 contaminasset,
908 2699 1067 2732 eumque
1095 2687 1209 2722 fuisse
1234 2686 1417 2721 Licinium
1443 2686 1618 2721 Macrum.
1659 2689 1699 2720 at
1724 2697 1803 2721 mo-

269 2743 359 2776 dum
384 2742 495 2787 longe
516 2754 776 2787 supergressus
797 2745 860 2785 est,
887 2744 929 2776 ut
951 2743 1099 2786 praeter
1118 2740 1211 2775 alios
1232 2740 1345 2774 etiam
1366 2739 1569 2774 Bocksehio
1589 2739 1713 2773 uisum
1733 2741 1801 2778 est,

366 2797 399 2838 2)
425 2795 532 2831 Dion.
556 2800 598 2830 12
620 2801 767 2830 c.1—4.
807 2796 885 2830 Liu.
907 2801 940 2837 4,
957 2798 1108 2831 13—16,
1146 2793 1229 2828 Vid.
1252 2792 1462 2838 Schwegler
1480 2793 1530 2827 ΙΙΙ
1549 2796 1799 2837 p.131—139.

269 2849 472 2884 Mommsen
496 2850 540 2884 R.
562 2849 608 2884 F.
629 2849 663 2883 ΙΙ
681 2861 715 2893 p.
734 2852 929 2883 199—220.
