2002 3342
303 184 364 219 111.
391 184 489 226 QVA
515 182 625 217 FIDE
652 182 751 216 HAE
778 180 1038 223 RELIQViAE
1067 181 1354 217 DIGNANDAE
1382 181 1490 216 SINT
1589 197 1665 225 Lm

132 295 381 335 adnotatione
402 300 535 333 nostra
555 293 676 332 multa
697 294 955 332 inuenientur
975 292 1164 343 exempla,
1183 292 1327 343 quibus
1348 292 1421 330 hoc
1441 305 1518 331 non
1541 293 1666 331 solum

134 361 180 400 de
204 361 314 399 Liuio
343 359 410 398 sed
438 361 554 398 etiam
584 359 629 397 de
652 358 841 397 Cicerone
869 357 1023 396 abunde
1050 357 1251 409 probatur,
1279 358 1338 408 cf.,
1366 363 1408 396 ut
1435 370 1539 396 nunc
1566 359 1668 396 intra

134 439 201 465 eos
227 427 441 477 scriptores
467 436 529 463 me
563 425 802 474 contineam,
839 423 982 474 quibus
1015 423 1184 474 plurima
1220 422 1406 461 debemus
1441 424 1668 473 fragmenta,

135 505 193 530 ex.
215 504 271 542 gr.
294 491 340 530 de
362 491 474 529 Liuio
496 489 585 527 Fab.
606 489 702 528 Pict.
725 490 769 527 fr.
795 486 847 528 15
870 502 901 527 c.
917 488 1045 527 adnot.
1075 489 1153 527 Cat.
1176 489 1222 526 l'r.
1239 486 1305 527 86.
1341 488 1416 526 Pis.
1439 486 1506 526 27.
1535 488 1667 526 Claud.

138 553 223 596 lob.
249 554 312 607 12,
342 555 387 594 de
409 555 598 594 Cicerone
620 554 771 593 Fab.t'1·.
791 552 854 593 15.
883 554 985 592 Coel.
1004 551 1069 592 11.
1088 550 1153 591 19.
1170 551 1237 591 20.
1266 553 1311 591 de
1328 553 1453 591 Plinio
1469 553 1545 592 Pis.
1561 550 1668 607 272>

136 622 253 660 simul
280 634 327 660 ex
353 622 457 659 notis
484 621 631 658 nostris
657 621 875 671 perspicies
902 618 1024 658 multo
1051 618 1163 669 plura
1190 618 1292 669 apud
1318 618 1526 657 inferiores
1549 618 1670 657 histo-

139 688 243 726 ricos
271 687 521 737 superiorum
548 685 701 724 latitare
729 686 946 735 fragmenta
973 696 1088 735 quam
1111 683 1157 722 ab
1185 685 1282 734 ipsis
1303 683 1473 722 indicata
1495 689 1586 722 sunt
1606 689 1669 722 aut

136 765 156 790 a
183 752 296 791 nobis
323 752 556 801 inuestigari
589 755 765 801 potuere.
817 750 891 788 fuit
918 751 1022 788 enim
1049 749 1145 787 haec
1173 748 1275 800 apud
1302 748 1389 787 illos
1417 748 1670 799 consuetudo,

136 824 179 856 ut
214 829 350 856 eorum
386 818 562 867 ipsorum
600 821 822 865 auctorum,
861 827 958 866 quos
994 815 1204 865 primarios
1240 813 1360 853 duces
1397 820 1671 865 sequerentur,

136 895 297 934 perraro
333 883 492 920 nomina
528 881 815 931 adscriberent,
854 881 932 918 nisi
963 879 1032 918 ubi
1064 892 1110 918 ex
1144 879 1230 918 aliis
1263 879 1491 918 auctoribus
1525 879 1671 917 discre-

136 949 290 999 pantias
318 947 468 998 aliquas
490 946 785 985 animaduersas
806 946 998 984 inserturi
1018 950 1141 993 erant,
1168 950 1211 984 ut
1232 950 1298 984 aut
1318 944 1405 983 illos
1427 946 1673 995 corrigerent

137 1019 202 1052 aut
231 1013 429 1051 doctrinae
457 1011 662 1051 cuiusdam
689 1024 782 1050 suae
804 1016 841 1049 et
863 1010 1097 1049 eruditionis
1118 1011 1248 1049 fructu
1270 1009 1545 1061 gloriarentur.
1584 1023 1672 1060 pro-

137 1077 228 1116 inde
257 1077 478 1116 cauendum
506 1083 564 1115 est
590 1089 639 1116 ne
667 1089 713 1115 ex
741 1089 784 1115 ea
809 1088 851 1114 re
873 1075 976 1127 quod
998 1075 1099 1127 apud
1122 1075 1290 1126 Liuium,
1316 1075 1558 1126 Dionysium,
1584 1075 1673 1113 Plu-

137 1143 317 1182 tarchum
355 1148 559 1181 auctorum
598 1141 844 1193 quorundam
882 1142 1108 1180 testimonia
1144 1153 1260 1192 saepe
1298 1142 1443 1179 reiecta
1479 1140 1676 1197 uidemus,

137 1214 286 1247 temere
314 1207 560 1258 colligamus,
594 1209 752 1246 omnino
780 1219 916 1246 eorum
943 1207 1196 1245 auctoritates
1223 1205 1269 1244 ab
1302 1206 1380 1244 illis
1409 1207 1520 1257 parui
1550 1207 1664 1244 aesti-

138 1280 262 1314 matas
301 1279 340 1312 et
378 1278 530 1325 spretas
567 1285 664 1311 esse.
721 1273 840 1310 immo
880 1271 1042 1310 meliore
1077 1273 1162 1310 iure
1195 1271 1267 1311 hos
1300 1272 1406 1322 ipsos
1439 1272 1674 1322 praecipuos

140 1345 320 1379 auctores
348 1340 404 1378 eis
431 1339 554 1377 fuisse
581 1337 672 1376 inde
700 1338 889 1388 consequi
916 1336 1142 1376 contendas.

229 1405 354 1443 Vnum
382 1416 504 1455 genus
532 1405 771 1454 scriptorum
805 1408 864 1441 est
891 1402 995 1454 quod
1028 1403 1145 1441 etiam
1178 1415 1283 1441 nunc
1315 1401 1537 1452 laudemus,
1576 1403 1675 1440 anti-

141 1472 381 1522 quariorum,
409 1470 476 1520 qui
496 1470 537 1508 in
557 1467 785 1520 primordiis
807 1469 902 1506 artis
924 1479 1017 1506 suae
1040 1467 1229 1506 Graecam
1251 1467 1513 1506 eruditionem
1535 1468 1676 1506 imitati

141 1538 259 1575 etiam
286 1535 430 1574 Romae
458 1539 687 1573 ornamenta
715 1533 871 1572 dicendi
898 1532 1139 1584 spernebant
1171 1545 1314 1584 resque
1347 1532 1448 1571 solas
1478 1532 1676 1571 tenebant.

141 1601 415 1653 perseuerauit
447 1601 488 1638 in
521 1612 564 1638 ea
597 1600 747 1638 ratione
782 1598 1012 1649 SuetoniuS,
1046 1599 1113 1649 qui
1146 1599 1180 1637 si
1210 1598 1333 1637 uerba
1359 1599 1442 1649 ipsa
1471 1598 1676 1648 significat,

142 1665 437 1705 accuratissime
465 1676 508 1703 ea
535 1660 740 1718 repetit2),
780 1663 849 1702 sed
882 1665 960 1702 iam
988 1663 1103 1702 Gellii
1136 1676 1214 1702 non
1247 1663 1374 1702 solum
1402 1663 1580 1702 doctrina
1607 1675 1677 1701 sua

142 1732 265 1770 effusa
292 1729 480 1782 prodesse
508 1729 578 1768 sed
605 1731 721 1768 etiam
748 1730 942 1768 uarietate
969 1741 1103 1767 rerum
1131 1734 1169 1767 et
1195 1728 1441 1767 nouellarum
1467 1728 1591 1766 libere
1619 1729 1676 1766 in-

141 1801 352 1835 uentarum
387 1794 663 1833 additamentis
701 1793 896 1833 delectare
931 1795 1128 1845 interfuit,
1166 1793 1309 1845 quibus
1342 1806 1384 1833 se
1417 1806 1534 1845 saepe
1569 1795 1677 1832 ueris

143 1860 370 1900 auctoribus
398 1860 532 1899 celatis
557 1859 745 1911 quosdam
772 1861 987 1911 scriptores
1013 1861 1054 1898 in
1080 1859 1262 1898 manibus
1282 1859 1468 1898 habuisse
1488 1861 1678 1898 mentitus

144 1922 260 1981 est-⁹⁵),
286 1925 470 1976 idemque
490 1925 625 1976 multa,
652 1938 750 1976 quae
772 1938 818 1964 ex
839 1926 999 1977 scriptis
1020 1930 1282 1976 excerpserat,
1309 1926 1349 1963 in
1371 1924 1563 1976 colloquia
1584 1925 1677 1962 ami-

241 2048 274 2090 1)
300 2045 497 2080 Praeterea
523 2045 568 2080 cf.
597 2045 641 2079 de
668 2045 790 2080 Plinio
815 2045 860 2080 H.
881 2046 1008 2080 Brunn
1040 2046 1097 2080 De
1123 2051 1261 2081 auctor.
1288 2045 1400 2080 indic.
1429 2046 1528 2080 Ptin.
1562 2045 1677 2079 Bonn.

147 2103 249 2142 1856,
277 2099 340 2143 qui
360 2111 395 2143 p.
411 2103 453 2133 57
470 2110 549 2143 sqq.
571 2110 632 2134 eos
653 2098 753 2134 locos
775 2099 995 2143 composuit,
1022 2110 1113 2143 quos
1134 2098 1276 2132 Plinius
1297 2109 1340 2132 ex
1361 2098 1533 2132 Vitruuio
1555 2109 1679 2141 sump-

146 2153 205 2194 sit,
233 2164 316 2186 cum
341 2152 422 2196 ipso
451 2152 634 2187 Vitruuio.
685 2152 809 2197 potuit
834 2152 972 2187 addere
999 2163 1083 2186 cum
1108 2151 1310 2186 multorum
1335 2153 1412 2185 tum
1435 2151 1577 2185 Valerii
1602 2150 1680 2184 Ma-

144 2206 235 2240 ximi
266 2206 384 2247 locos,
423 2216 514 2249 quos
546 2205 798 2250 transscripsit
828 2205 991 2248 Plinius,
1028 2205 1128 2239 unde
1159 2205 1255 2239 illud
1286 2215 1398 2249 saepe
1425 2205 1537 2238 etiam
1563 2204 1679 2238 uerba

147 2262 339 2298 auctorum
366 2261 515 2294 seruata
541 2269 620 2293 esse
648 2258 896 2293 confirmatur.
918 2280 962 2284 —
984 2258 1115 2293 Paullo
1141 2258 1293 2292 liberius
1315 2257 1447 2293 Graeci
1473 2258 1680 2302 scriptores,

146 2313 211 2357 qui
236 2313 309 2347 huc
334 2312 558 2358 pertineant,
582 2312 621 2346 in
649 2312 862 2347 auctoribus
889 2312 964 2347 suis
984 2312 1209 2357 usurpandis
1229 2312 1370 2346 uersati
1389 2313 1485 2346 sunt.
1526 2311 1571 2345 cf.
1592 2310 1680 2345 Dio-

145 2366 294 2411 nysium
320 2368 357 2401 et
383 2366 623 2400 Plutarchum
651 2366 809 2400 eandem
840 2377 918 2400 rem
951 2377 995 2400 ex
1020 2365 1136 2400 Fabio
1162 2365 1364 2400 referentes
1390 2365 1434 2399 fr.
1456 2370 1493 2399 5⁸
1519 2366 1556 2400 et
1583 2364 1622 2398 5'2
1649 2376 1678 2399 e.

147 2420 231 2454 adn.
259 2422 297 2454 et
321 2419 376 2454 De
402 2419 490 2453 font.
511 2418 608 2454 Plut.
629 2431 664 2464 p.
689 2423 731 2453 10
746 2431 825 2464 sqq.

244 2475 277 2517 2)
305 2472 358 2508 Cf.
385 2472 487 2507 Caes.
509 2476 565 2516 56,
587 2477 606 2507 2
627 2490 671 2502 =
693 2472 765 2508 Cic.
787 2473 888 2507 Brut.
913 2477 968 2516 75,
990 2476 1069 2516 262,
1097 2472 1199 2508 Caes,
1221 2476 1276 2516 56,
1299 2477 1318 2507 3
1340 2490 1383 2501 =
1406 2473 1506 2507 Caes.
1527 2472 1562 2506 b.
1584 2470 1678 2506 Gall.

148 2529 180 2569 8,
201 2531 233 2568 5,
256 2531 286 2570 6,
326 2526 439 2560 etiam
472 2526 671 2570 epistulam
703 2526 842 2560 Tiberii
875 2537 933 2570 ap.
962 2526 1061 2561 Suet.
1082 2525 1163 2560 Tib.
1186 2530 1242 2569 67,
1264 2531 1280 2560 1
1305 2544 1347 2555 =
1369 2527 1455 2560 Tac.
1483 2536 1567 2559 ann.
1589 2529 1621 2568 6,
1649 2528 1679 2558 6.

147 2579 271 2614 Etiam
293 2578 545 2621 Quintilianus
571 2580 701 2614 eadem
724 2579 923 2625 diligentia
947 2591 1035 2613 usus
1056 2582 1123 2621 est,
1149 2580 1205 2614 Fr.
1227 2579 1374 2613 Emlein
1400 2580 1457 2614 De
1484 2580 1569 2613 locis
1594 2588 1682 2622 quos

148 2645 192 2668 ea:
229 2634 411 2669 Ciceronis
444 2634 672 2668 orationibus
705 2636 746 2668 in
784 2635 897 2669 instit.
941 2637 1031 2668 orat.
1072 2634 1175 2668 libris
1213 2633 1386 2668 laudauit
1426 2632 1682 2677 Quintilianus

147 2686 313 2732 (Carolir.
342 2689 458 2731 1907).

245 2742 280 2784 3)
305 2739 657 2775 Luculentissimum
684 2739 762 2774 eius
790 2740 927 2774 abusus
954 2739 1164 2784 exemplum
1191 2740 1247 2773 est
1267 2743 1298 2783 9,
1319 2744 1340 2774 4
1367 2738 1477 2773 simul
1497 2750 1518 2772 a
1538 2736 1682 2771 Merck-

149 2792 226 2827 lino
253 2793 541 2837 (Citiermethode
566 2794 600 2828 d.
625 2794 715 2829 Gen.
741 2806 776 2838 p.
800 2797 865 2827 641
883 2794 977 2837 sqq.)
1003 2794 1040 2827 et
1066 2803 1088 2826 a
1108 2792 1364 2827 Kretschmero
1385 2793 1458 2836 (De
1480 2792 1569 2826 Gell.
1589 2791 1680 2833 font.

150 2857 184 2890 p.
208 2849 250 2880 13
267 2847 361 2891 sqq.)
389 2846 589 2889 detectum,
615 2846 681 2880 ubi
707 2857 770 2881 sex
792 2846 952 2881 Graecos
979 2846 1177 2890 scriptores
1198 2845 1387 2879 Brundisii
1413 2856 1449 2879 se
1476 2843 1681 2888 repperisse
