2002 3342
690 170 726 205 C.
747 169 951 205 LICINIVS
978 170 1143 204 MACER
1521 184 1687 215 CCCin

157 286 262 322 cutis
275 284 539 322 seditionibus
555 283 861 321 delenimentum
884 285 1030 320 animis
1045 282 1190 320 Bolani
1211 285 1304 330 aare·
1319 283 1556 322 diuisionem
1572 285 1690 331 obici,

152 360 230 396 quo
254 353 382 397 pacto
414 350 650 386 minuissent
685 348 931 385 desiderium
962 350 1160 395 (tarasiae
1187 349 1305 395 lepis,
1333 360 1438 396 quae
1460 360 1691 398 possesso

149 426 239 462 per
267 416 500 452 iniuriam
529 424 647 460 aqi-0
666 413 871 461 publico
889 418 1066 460 putres
1083 414 1324 461 pellebat:
1352 420 1447 451 lunc
1473 415 1576 453 llaec
1602 417 1691 463 ipsu

154 479 380 526 indiqnilas
406 479 582 526 comebat
609 480 775 525 animos,
803 488 881 515 non
911 480 949 515 in
980 479 1206 515 retinendis
1231 480 1346 516 modo
1364 480 1545 527 publicis
1566 483 1691 528 (tyris,

154 556 253 592 quos
281 547 322 582 ui
348 548 519 591 teneret,
543 546 802 592 pertinacem
829 544 1078 581 nobilitatem
1105 554 1201 593 esse,
1227 545 1301 581 sed
1325 556 1374 582 ne
1403 556 1576 583 uacuum
1604 549 1691 594 qui-

156 610 244 647 dem
271 620 415 657 (tyrum
442 620 572 657 nuper
598 620 650 646 ea:
674 609 858 646 hostibus
886 614 1047 656 cupium
1064 609 1178 656 plebi
1206 609 1403 659 diuidere,
1430 621 1524 648 mox
1539 614 1694 659 paucis

154 681 196 712 ue
224 681 361 712 celera
382 673 568 723 futurum
581 674 782 722 praedae.
823 684 900 710 non
922 673 1077 722 ignotae
1100 671 1203 723 apud
1224 672 1380 711 Liuium
1401 673 1472 711 hae
1495 674 1693 724 querellae

155 744 265 790 sunt,
299 744 334 777 at
368 739 511 777 ceteris
544 737 640 776 locis
676 750 741 776 eas
776 737 956 776 tribunos
989 736 1038 787 pl.
1073 738 1321 787 proferentes
1352 738 1444 776 fecit
1472 733 1692 791 (c.49,11.

153 801 223 855 53,
239 802 276 842 6.
305 804 352 842 cs.
375 801 412 854 6,
428 800 525 855 ἵ),-1;
547 801 615 854 36,
633 801 705 854 11;
733 800 862 854 37,2;
890 799 958 852 39,
977 799 1049 855 10)
1086 808 1129 840 ut
1164 802 1268 841 idem
1304 802 1552 842 aduersarios
1585 804 1693 855 leges

156 870 329 920 agrarias
350 868 630 920 improbantes,
658 868 731 906 1100
752 880 863 907 5113111
885 869 1118 906 sententiam
1141 868 1360 919 profitetur,
1382 881 1480 920 quae
1503 869 1695 920 ambigui-

158 941 214 974 tas
236 934 424 986 explicari
444 947 522 973 non
549 939 679 986 potest
698 935 778 972 nisi
799 945 888 971 eum
916 932 1069 983 plebeia
1091 935 1321 972 auctoritate
1344 941 1577 985 occupatum
1598 935 1694 974 haec

159 1002 367 1051 scripsisse
389 1012 608 1050 censemus,
636 1001 659 1037 i.
682 1012 714 1038 e.
738 999 881 1037 Licinii
901 997 1032 1036 Macri.
1068 998 1235 1037 eundem
1258 1011 1354 1037 uero
1377 1001 1550 1038 animum
1572 1002 1696 1051 spirat

158 1065 249 1104 libri
275 1067 444 1116 initium,
472 1078 546 1116 quo
575 1065 870 1104 contentionem
894 1063 940 1102 de
966 1063 1052 1114 lege
1074 1063 1259 1103 Canuleia
1281 1060 1332 1117 (c.
1351 1060 1484 1119 1—6>
1506 1068 1694 1105 narrauit.

157 1132 285 1182 primo
307 1132 410 1169 enim
433 1131 615 1169 consules
637 1136 772 1168 contra
794 1130 948 1168 furores
970 1128 1204 1168 tribunicios
1225 1131 1401 1168 oratione
1417 1129 1575 1181 obliqua
1595 1133 1695 1170 acri-

158 1202 219 1235 ter
251 1196 511 1247 inuehuntur,
539 1202 622 1235 tum
650 1195 860 1234 Canuleius
894 1194 1021 1233 trihus
1055 1194 1250 1246 capitibus
1283 1197 1458 1234 oratione
1487 1195 1699 1247 diligenter

156 1261 293 1301 multis
326 1261 516 1313 exemplis
549 1274 594 1300 ex
628 1261 794 1299 historia
828 1261 1007 1311 repetitis
1041 1266 1226 1299 exornata
1259 1261 1436 1300 modeste
1471 1262 1696 1313 respondet,

159 1326 327 1378 denique
350 1327 486 1366 Liuius
511 1327 584 1365 hac
605 1326 779 1365 clausula
801 1327 1065 1364 narrationem
1089 1322 1262 1380 finiuit1)
1285 1322 1336 1380 (c.
1356 1325 1421 1378 12,
1439 1325 1499 1377 7):
1527 1340 1698 1378 coepere

159 1405 184 1431 α
207 1392 317 1442 fame
337 1395 456 1442 mala,
481 1404 552 1431 seu
575 1394 774 1431 cccluersus
796 1404 927 1430 muzus
946 1392 1138 1440 fruyibus
1155 1391 1248 1440 fuit,
1274 1405 1344 1431 seu
1368 1394 1582 1432 dulcedine
1603 1405 1696 1433 con-

159 1461 310 1497 tionum
343 1463 381 1497 et
412 1459 526 1496 urbis
561 1460 719 1496 deserto
754 1468 949 1505 [tyrorum
980 1459 1101 1495 cultu.
1141 1469 1235 1496 nam
1262 1463 1477 1506 uirumque
1504 1460 1697 1498 traditur.

158 1524 244 1574 ipse
270 1524 392 1573 igitur
418 1529 598 1561 auctores
626 1522 874 1561 diuersarum
901 1523 1071 1573 partium
1100 1523 1349 1573 significauit.

249 1588 356 1633 Quae
378 1593 507 1626 tamen
523 1589 774 1638 repperimus
790 1587 932 1625 Licinii
947 1586 1066 1625 Macri
1081 1588 1259 1638 uestigia,
1278 1590 1407 1626 omnia
1428 1590 1630 1640 pertinent
1650 1589 1698 1628 ad

165 1665 229 1692 res
249 1654 475 1692 intestinas:
507 1652 552 1691 de
574 1652 687 1691 bellis
716 1665 806 1691 011111
826 1654 982 1703 Aequis,
998 1652 1159 1703 Volscis,
1180 1652 1420 1704 Veientibus,
1442 1653 1697 1693 Fidenatibus

162 1718 326 1769 aliisque
355 1718 582 1757 ciuitatibus
610 1719 730 1769 gestis
759 1717 878 1756 alium
905 1722 1104 1756 auctorem
1127 1717 1287 1756 uidetur
1308 1724 1466 1758 secutus
1487 1731 1586 1758 esse.
1625 1733 1699 1759 nec

161 1786 202 1823 111
235 1783 492 1835 sequentibus
525 1783 637 1822 libris
669 1783 748 1822 ullo
782 1783 866 1822 loco
894 1783 1067 1821 Macrum
1101 1785 1342 1834 exscriptum
1378 1796 1464 1822 esse
1499 1786 1699 1824 cernimus

161 1855 318 1901 praeter
344 1861 411 1888 eos
438 1848 544 1887 locos
571 1849 762 1887 librorum
786 1845 979 1901 Vll.1X.2)
1004 1848 1049 1900 X,
1076 1848 1219 1899 quihus
1246 1850 1479 1888 nominatim
1506 1849 1700 1902 laudatur,

164 1920 203 1954 et
228 1914 348 1953 alium
375 1914 466 1952 libri
486 1913 520 1952 X
547 1914 689 1965 locum,
717 1926 793 1964 quo
821 1919 859 1953 et
880 1913 1056 1952 Licinius
1083 1920 1121 1953 et
1142 1914 1297 1953 Tubero
1319 1916 1603 1965 significantur.
1640 1923 1700 1955 est.

164 1980 196 2018 is
223 1980 263 2017 in
292 1991 373 2030 cap.
392 1976 457 2029 11,
473 1976 511 2030 9,
537 1978 606 2018 uhi
633 1978 737 2030 quod
762 1979 860 2017 haec
887 1980 1047 2029 scripsit
1074 1978 1121 2018 de
1149 1991 1248 2018 anno
1276 1976 1374 2018 299.
1401 1977 1505 2019 455:
1538 1981 1703 2021 Caritas

165 2047 286 2084 etiam
313 2055 501 2083 annonae
526 2047 741 2084 sollicitam
768 2047 975 2083 ciuitatem
1002 2045 1162 2093 habuit,
1190 2050 1431 2094 uentumque
1458 2048 1514 2084 acl
1539 2049 1702 2096 inopiae

165 2112 346 2148 ultimum
369 2109 490 2158 sorel,
517 2115 559 2148 ut
585 2112 791 2158 scripsere
817 2111 963 2158 quibus
988 2111 1160 2148 aedilem
1183 2110 1314 2160 fuisse
1334 2122 1379 2150 eo
1401 2123 1508 2150 anno
1530 2112 1701 2151 Fabium

167 2175 391 2213 Maximum
414 2177 561 2224 placet,
587 2178 631 2213 ni
657 2177 744 2213 eius
775 2177 856 2214 uiri
883 2187 997 2225 curu,
1025 2178 1159 2224 qiialis
1185 2179 1225 2214 in
1254 2177 1408 2215 bellicis
1428 2178 1548 2215 rebus
1567 2179 1704 2216 multis

166 2241 466 2289 tempestatibus
481 2240 634 2290 fuerat,
657 2242 750 2278 talis
772 2241 878 2278 domi
898 2245 980 2278 tum
1001 2243 1040 2278 in
1060 2252 1249 2279 aimonae
1263 2243 1563 2290 dispensatione
1574 2254 1701 2291 prae-

156 2307 353 2355 parando
381 2317 431 2344 cic
457 2306 719 2344 conuehendo
748 2305 954 2354 frumento
977 2305 1139 2354 suisset,
1174 2311 1307 2356 aperte
1335 2305 1381 2344 ad
1408 2306 1494 2345 illos
1522 2314 1703 2345 auctores

167 2371 345 2421 respicit,
379 2382 425 2408 ex
456 2370 598 2421 quibus
625 2371 664 2408 in
693 2382 774 2420 cap.
791 2366 829 2420 9,
847 2367 901 2408 10
923 2365 1080 2424 (sl'.19)
1115 2372 1154 2409 in
1183 2383 1272 2409 eum
1301 2384 1446 2410 annum
1473 2370 1516 2417 Q.
1538 2371 1703 2410 Fabium

169 2435 334 2474 aedilem
362 2435 508 2474 factum
536 2448 622 2474 esse
650 2435 869 2474 rettulerat.
910 2441 1025 2486 atque
1054 2436 1148 2475 haec
1175 2436 1334 2487 quidem
1361 2436 1564 2475 11301011115.

265 2568 298 2610 1)
326 2566 427 2608 Quae
458 2568 496 2602 in
530 2568 693 2602 editione
718 2567 841 2612 priore
867 2567 1032 2602 breuiter
1060 2567 1103 2602 de
1130 2567 1188 2601 his
1215 2568 1351 2602 Licinii
1377 2568 1548 2614 uestigiis
1575 2569 1706 2603 adum-

169 2620 370 2662 brauimus,
396 2621 566 2665 pluribus
594 2621 723 2656 Solt-au
743 2621 875 2656 Livius
893 2633 928 2665 p.
947 2624 1013 2654 109
1026 2633 1104 2665 sqq.
1134 2621 1312 2666 exposuit.

265 2675 299 2718 2)
330 2673 399 2707 Vbi
430 2674 468 2708 in
500 2675 570 2709 hoc
602 2675 697 2709 libro
724 2674 781 2719 (fr.
798 2676 855 2718 18)
882 2674 1007 2708 Macer
1038 2674 1213 2708 laudatus
1243 2676 1314 2719 est,
1347 2677 1454 2710 tenor
1478 2676 1706 2710 narrationis

169 2726 375 2760 secundum
394 2727 564 2762 Pisonem
584 2729 775 2773 pertextus
797 2737 887 2769 esse,
909 2727 1021 2761 etiam
1042 2728 1080 2762 111
1100 2728 1194 2762 libro
1216 2728 1248 2762 X
1266 2730 1465 2773 postquam
1487 2740 1516 2764 c.
1534 2732 1552 2763 9
1574 2728 1630 2774 (fr.
1648 2731 1705 2771 19)

169 2779 337 2814 Macrum
360 2781 582 2815 nominatim
603 2781 741 2823 attulit,
769 2792 798 2815 c.
816 2784 858 2814 13
879 2780 1050 2816 Pisonem
1071 2782 1187 2816 tacite
1210 2782 1416 2817 exscribere
1442 2782 1601 2817 uidetur.
1628 2782 1707 2816 uid.

169 2844 282 2878 supra
307 2846 342 2877 p.
359 2846 424 2868 cxc
439 2846 490 2878 sq.
