2002 3342
693 195 932 230 VALERIVS
960 195 1136 229 ANTIAS
1498 206 1679 235 CCCXXV

146 313 240 350 licet
267 322 356 349 cum
381 310 534 347 Vmbris·
566 309 799 356 Tuscis—que,
826 319 923 356 quos
956 313 993 345 ec
1019 310 1124 356 ipsos
1142 318 1312 356 stamme
1339 300 1567 356 adfm‘sse.¹)
1607 316 1679 342 1166

147 377 278 413 minus
306 376 410 413 inter
435 378 646 423 utrumque
675 371 951 423 ambigendum
980 377 1039 410 est
1067 370 1112 409 de
1141 371 1227 409 aliis
1255 371 1450 420 numeris,
1476 369 1585 408 uelut
1613 369 1679 407 lib.

150 438 269 490 2:56,
288 438 359 489 13,
392 438 460 477 ubi
486 437 525 476 P.
554 437 696 476 Decius
723 433 774 489 (3.
796 435 893 475 343.
914 434 1020 487 411)
1055 442 1261 487 postquam
1289 435 1485 474 Samnites
1519 436 1679 485 fugauit,

148 506 287 543 castris
320 504 551 555 expugnatis
587 504 745 553 triginta
778 502 949 540 hostium
978 501 1085 540 milia
1114 500 1273 551 recidit,
1301 514 1332 539 6.
1354 498 1422 551 37,
1440 497 1511 551 16,
1537 499 1605 538 ubi
1631 499 1679 538 M.

147 569 323 608 Valerius
351 568 486 607 consul
515 567 652 606 eodem
680 579 779 606 anno
808 567 854 605 ad
882 566 1108 605 Suessulam
1136 566 1391 617 quadraginta
1418 566 1523 604 milia
1551 571 1678 603 scuto-

148 646 234 673 rum
263 641 299 673 et
327 636 436 684 signa
463 633 646 671 militaria
675 632 721 671 ad
749 637 906 671 centum
934 633 1179 683 septuaginta
1207 627 1372 684 eepit2),
1399 628 1578 681 9,19,2,
1613 630 1678 668 uhi

147 699 355 737 Alexandri
383 698 511 749 Magni
539 699 669 749 copias
696 697 882 736 Romanis
910 709 1141 748 comparans
1175 698 1286 748 quasi
1314 708 1384 747 per
1411 697 1618 734 transitum
1648 709 1678 733 a.

147 762 228 802 fere
256 761 352 803 319.
374 760 460 802 435
489 763 637 802 ducena
665 764 938 814 quinquagena
966 762 1072 801 milia
1099 764 1270 813 capitum
1299 774 1414 800 censa
1442 773 1528 799 esse
1556 763 1678 811 scrip-

147 831 209 880 sit,
239 826 429 880 lO‚47,2
457 828 522 867 uhi
551 829 690 878 lustra,
723 834 930 879 postquam
963 840 983 866 a
1016 827 1116 866 libro
1145 829 1259 866 tertio
1289 828 1327 865 in
1355 827 1592 865 narrationis
1619 839 1679 863 or-

149 894 237 933 dine
259 895 536 945 praetermisit,
559 893 685 932 denuo
708 894 1048 932 commemorauit:
1071 893 1261 931 Lustrum
1281 894 1487 931 conditum
1508 903 1552 930 eo
1574 903 1680 930 meno

149 954 264 1004 [5293.
286 959 389 1010 461]
419 966 476 999 estv
503 973 527 998 α
557 961 599 998 P.
633 960 817 998 Cornelio
839 961 1002 998 Aruina
1029 959 1066 997 C.
1090 958 1251 997 Marcio
1273 958 1412 996 Rutilo
1434 958 1682 995 censoribus.

149 1038 271 1065 censa
300 1029 476 1075 ecme'tum
502 1028 615 1064 milia
637 1027 813 1063 ducenta
832 1027 1051 1072 se.1·({ylltlct
1073 1026 1151 1062 duo
1174 1029 1357 1062 trecenta
1378 1025 1527 1071 usqimi
1548 1034 1681 1060 imum.

148 1102 336 1130 censores
365 1093 548 1130 uicesimi
572 1093 680 1129 sexti
707 1103 731 1128 a
754 1093 905 1140 primis
938 1090 1192 1137 censoribus,
1225 1091 1394 1127 lustrum
1428 1089 1683 1126 undeuicesi-

149 1168 252 1194 mum
274 1156 368 1205 fuit.

237 1221 279 1259 In
315 1222 427 1259 tertia
462 1220 606 1259 decade
634 1220 771 1259 Liuius
798 1220 995 1258 Antiatem
1029 1221 1186 1270 saepius
1214 1219 1367 1269 citauit,
1401 1223 1552 1269 septem
1585 1217 1682 1256 locis

149 1286 340 1325 librorum
367 1285 468 1324 XXV
495 1282 560 1336 (fr.
582 1281 670 1339 23),
697 1284 816 1323 XXVI
839 1280 954 1339 (24),
981 1283 1135 1323 XXVIII
1157 1280 1270 1337 (26),
1297 1282 1421 1322 XXIX
1441 1279 1550 1337 (27),
1579 1282 1683 1320 XXX

149 1348 237 1404 (28.
260 1348 326 1390 29.
349 1348 442 1404 30);
474 1351 569 1390 11366
598 1363 715 1389 causa
743 1351 815 1388 suit
841 1349 1040 1388 Nitzschio
1075 1345 1528 1403 (A12nc13.p.13—21),
1564 1354 1605 1387 ut
1642 1350 1682 1386 in

149 1417 269 1455 altera
305 1418 389 1455 eius
424 1415 580 1455 decadis
610 1422 719 1467 parte
748 1415 925 1454 Coelium
953 1421 1115 1467 propter
1141 1415 1313 1454 colorem
1340 1416 1458 1452 nimis
1485 1416 1683 1465 poeticum

150 1496 169 1521 a
191 1482 302 1520 Liuio
325 1488 516 1520 remotum
532 1483 678 1520 Antiati
700 1483 867 1520 cessisse
890 1482 1144 1520 existimaret.
1182 1482 1276 1531 quin
1295 1481 1413 1519 etiam
1434 1480 1534 1518 113116
1556 1480 1682 1530 suspi-

150 1549 303 1586 cionem
332 1547 434 1585 idem
463 1548 679 1598 proposuit,
707 1559 805 1597 quae
834 1559 880 1585 ex
907 1546 1066 1597 Polybio
1094 1546 1196 1597 apud
1217 1545 1373 1584 Liuium
1394 1546 1586 1595 originem
1615 1545 1683 1583 du-

150 1625 239 1651 cere
266 1612 510 1662 uiderentur,
539 1612 584 1650 de
614 1611 731 1650 rebus
758 1614 798 1650 in
826 1612 954 1650 Africa
982 1613 1232 1662 potissimum
1260 1612 1392 1661 gestis,
1419 1623 1497 1649 non
1525 1622 1569 1648 ex
1599 1612 1682 1661 ipso

149 1677 306 1728 Polybio
334 1679 455 1728 petita
477 1689 563 1716 esse
592 1677 660 1716 sed
688 1690 757 1728 per
778 1677 975 1716 Valerium
996 1678 1190 1715 Antiatem
1216 1678 1255 1714 in
1280 1676 1382 1714 Liuii
1408 1675 1530 1714 libros
1557 1681 1683 1714 trans-

149 1745 254 1782 iisse.
301 1749 336 1781 at
363 1744 427 1781 uir
452 1742 517 1781 ille
546 1743 797 1781 doctissimus
825 1755 961 1782 eorum
989 1743 1184 1781 sententia
1211 1742 1339 1780 animo
1364 1747 1589 1792 occupatus,
1616 1742 1684 1792 qui

150 1811 190 1847 in
223 1809 283 1846 his
317 1807 429 1846 libris
455 1807 659 1859 Polybium
693 1807 804 1847 Liuio
837 1809 878 1846 in
905 1807 1078 1846 fontibus
1106 1807 1227 1846 fuisse
1255 1812 1415 1857 negant,
1449 1819 1537 1845 cum
1565 1818 1683 1857 quae-

153 1874 238 1913 dam
273 1875 324 1912 ita
358 1873 460 1925 apud
487 1873 644 1912 Liuium
678 1879 900 1924 comparata
934 1886 1021 1912 esse
1047 1872 1312 1923 intellegeret,
1345 1877 1387 1910 ut
1414 1884 1492 1910 non
1525 1877 1685 1923 possent

150 1952 228 1978 non
262 1939 422 1978 ssuxisse
457 1951 502 1977 ex
529 1938 708 1990 Polybio,
742 1944 848 1977 recto
882 1940 1024 1977 itinere
1052 1943 1185 1989 spreto
1213 1937 1259 1975 ad
1286 1937 1355 1977 has
1383 1937 1566 1988 ambages
1594 1950 1683 1975 con-

153 2005 260 2056 fugit.
301 2007 385 2056 ipse
411 2006 452 2042 in
480 2017 522 2043 ea
551 2005 744 2043 sententia
770 2017 1003 2055 perseuero,
1029 2009 1090 2055 ut,
1117 2006 1158 2042 in
1185 2003 1327 2054 quibus
1355 2002 1474 2042 rebus
1502 2002 1685 2053 Polybius

154 2077 191 2108 et
212 2070 348 2108 Liuius
376 2070 634 2119 consentiant,
662 2081 727 2108 eas
755 2082 774 2108 a
802 2070 913 2108 Liuio
942 2082 988 2108 ex
1014 2071 1100 2120 ipso
1121 2068 1280 2120 Polybio
1307 2081 1422 2107 uersa
1450 2080 1537 2106 esse
1559 2067 1685 2106 dicam

153 2141 192 2174 et
217 2141 257 2174 ut
285 2137 324 2173 in
353 2142 489 2185 quarta
517 2134 661 2173 decade
688 2134 892 2174 Claudium
921 2134 1225 2185 Quadrigarium
1253 2140 1291 2173 et
1317 2133 1531 2183 Valerium,
1564 2134 1615 2171 ita
1644 2135 1684 2171 in

153 2200 223 2239 1136
251 2200 426 2239 Coelium
455 2206 493 2238 et.
518 2199 715 2238 Valerium
743 2200 790 2238 ad
817 2199 1081 2252 supplendum
1108 2201 1341 2250 primarium
1368 2205 1580 2249 auctorem,
1608 2199 1630 2237 i.
1653 2211 1684 2237 e.

154 2265 368 2317 Polybium,
394 2267 434 2303 in
462 2265 683 2304 subsidium
703 2271 863 2304 uocatos
891 2278 977 2305 esse
999 2262 1097 2319 (11111.
1120 2277 1238 2315 supra
1259 2278 1294 2316 p.
1312 2260 1514 2315 CCXXXI).
1554 2265 1686 2315 itaque

155 2343 390 2382 quamquam
419 2344 462 2369 ex
485 2331 636 2369 Valerio
659 2343 745 2370 esse
772 2332 919 2382 sumpti
939 2330 1127 2370 uidentur
1147 2332 1213 2381 qui
1234 2330 1391 2368 numeri
1411 2331 1592 2379 ingentes
1618 2329 1685 2367 ho-

154 2398 304 2435 minum
331 2409 535 2435 caesorum
563 2402 602 2435 et
628 2403 848 2448 captorum,
877 2397 1078 2447 signorum
1107 2402 1140 2434 et
1170 2407 1362 2446 equorum
1390 2400 1592 2445 captorum
1621 2406 1685 2432 ex-

154 2461 342 2500 hibentur
369 2474 387 2499 a
416 2460 526 2499 Liuio
555 2459 622 2512 30,
638 2460 675 2510 6,
692 2459 716 2501 8
743 2468 777 2500 et
801 2476 832 2500 6.
855 2459 923 2513 36,
940 2457 1022 2515 83),
1052 2467 1179 2499 tamen
1209 2462 1292 2499 eius
1320 2461 1444 2510 ipsius
1474 2461 1541 2510 rei,
1569 2472 1683 2510 quam

252 2599 285 2638 1)
310 2594 348 2627 ln
382 2594 463 2638 ipsa
495 2596 621 2628 tamen
647 2594 861 2628 narratione
886 2594 985 2628 hune
1012 2595 1199 2628 auctorem
1226 2604 1298 2627 non
1326 2594 1383 2626 est
1408 2595 1569 2633 secutus,
1600 2602 1687 2625 nam

156 2658 236 2692 cap.
260 2651 314 2688 ⁶27,
332 2652 371 2681 11
401 2658 462 2681 eos
489 2649 658 2691 expertes
684 2647 799 2682 fuisse
825 2658 974 2692 pugnae
1001 2647 1207 2691 scripserat.

252 2702 286 2745 2)
313 2699 456 2734 Nomen
478 2700 618 2734 Valerii
645 2703 682 2735 et
708 2712 764 2735 res
786 2712 897 2746 supra
917 2701 1068 2734 modum
1091 2702 1221 2734 auctae
1242 2700 1288 2733 ad
1313 2699 1501 2733 Antiatem
1522 2698 1687 2742 trahunt,

152 2753 197 2788 cf.
221 2753 395 2788 Muenzer
415 2766 450 2797 p.
467 2757 510 2787 29
523 2765 602 2797 sqq.

253 2809 287 2852 3)
314 2806 468 2840 Numeri
494 2807 742 2841 Romanorum
770 2808 1051 2851 Poenorumque
1078 2806 1125 2841 ad
1147 2806 1297 2840 Zamam
1325 2817 1517 2840 caesorum
1540 2817 1561 2839 a
1580 2805 1686 2839 Liuio

156 2862 226 2905 (30,
243 2864 298 2903 35,
315 2861 348 2904 3)
375 2859 481 2894 allati
509 2859 654 2904 polybii
682 2863 822 2905 (15,15,
838 2863 871 2905 9)
899 2862 1001 2903 sunt,
1028 2870 1102 2904 qua
1128 2860 1172 2894 de
1199 2871 1236 2894 re
1257 2859 1408 2894 Nitzsch
1431 2859 1569 2894 Annal.
1591 2870 1624 2902 p.
1644 2861 1684 2891 ,¹8
