2002 3342
668 194 714 229 M.
737 193 935 228 PORCIVS
963 193 1085 228 CATO
1520 206 1640 235 CXLV

111 310 325 359 scriptione
353 319 488 346 eorum
520 304 681 352 κτίσεις
715 306 905 354 imitatus,
942 310 1023 343 tum
1051 303 1325 353 geographiam
1363 303 1643 353 ethnographia

113 374 309 424 rebusque
338 373 496 411 rusticis
523 366 854 422 aml)liticatan1¹),
882 368 1171 419 chronologiam
1184 364 1227 421 ²),
1258 368 1484 406 admiranda
1513 380 1644 406 aemu-

113 439 214 477 latus
248 444 348 487 erat,
388 437 630 487 diligentiam
669 434 863 486 ‹piandam
903 435 1170 485 inquisitionis
1207 439 1408 484 artemque
1442 433 1646 472 nesciendi

114 500 181 556 (sr.
204 501 270 541 31.
291 500 360 541 40.
382 498 458 556 45)
487 501 534 539 ab
569 513 704 539 eorum
738 501 834 539 uiris
868 499 1051 538 litteratis
1085 498 1290 549 didicerat,
1324 511 1560 549 quamquam
1589 500 1645 537 iu-

114 569 217 607 dicio
245 581 314 607 suo
343 579 420 606 non
449 579 585 605 omnes
612 565 813 615 tenebras,
848 564 990 615 quibus
1019 564 1163 602 Graeca
1198 565 1373 602 inuentio
1401 565 1517 603 etiam
1544 564 1647 602 ltali-

115 646 250 673 carum
289 632 447 671 urbium
486 633 659 681 origines
692 631 991 679 obscurauerat,
1031 629 1233 679 discussit,
1273 630 1574 680 suasionemque
1608 631 1647 667 in

114 699 328 750 prooemiis
355 697 536 736 utilitatis
565 696 769 747 historiae,
797 695 899 733 idem
925 696 1041 733 etiam
1063 693 1296 744 Aborigines
1323 694 1369 732 ab
1390 694 1554 732 Achaeis
1583 694 1647 732 de-

117 765 227 803 duxit
254 759 317 816 (fr.
341 759 386 816 6)
415 762 636 813 multasque
662 761 792 800 ltaliae
820 760 939 799 urbes
961 773 979 798 a
1003 759 1162 798 Graecis
1185 759 1362 798 conditas
1383 772 1469 798 esse
1493 755 1558 812 (fr.
1579 757 1648 798 45.

114 827 184 868 47.
206 826 273 868 51.
295 826 362 867 54.
385 825 452 867 56.
476 824 542 866 70.
566 824 652 881 71),
680 828 774 878 quin
796 828 913 864 etiam
935 825 1142 863 Romulum
1168 824 1313 863 Graeca
1341 824 1470 873 lingua
1494 826 1648 863 institu-

116 901 198 933 tum
227 906 312 932 esse
341 892 501 932 tradidit
527 892 774 943 fabulamque
803 890 997 942 quandam
1025 890 1243 928 Stesichori
1270 891 1446 928 narrauit
1473 885 1538 943 (fr.
1562 886 1649 943 72).

116 965 198 998 tum
233 958 389 997 demum
423 963 629 1009 postquam
662 956 761 995 libro
796 961 934 1007 quarto
966 956 1155 994 historiae
1186 954 1384 993 Romanae
1418 955 1525 994 filum
1562 968 1650 1006 per-

116 1030 250 1063 texere
278 1024 424 1074 coepit,
457 1024 619 1061 materia
648 1021 868 1061 abundabat
894 1021 1067 1059 Romana
1094 1020 1157 1059 uel
1184 1021 1388 1058 hominum
1418 1020 1481 1059 uel
1515 1033 1650 1059 monu-

117 1095 357 1138 mentorum,
397 1101 512 1139 quam
546 1089 715 1126 maxime
748 1089 831 1138 ipse
865 1088 989 1137 auxit,
1028 1087 1211 1137 quoniam
1248 1098 1371 1136 paene
1405 1087 1652 1137 septuaginta

116 1167 310 1193 annorum
350 1166 412 1192 res
453 1166 521 1192 sua
561 1154 645 1204 ipse
685 1154 874 1191 memoria
913 1151 1263 1202 complectebatur,
1309 1163 1424 1202 quam
1464 1151 1653 1202 Pythago-

119 1232 276 1258 reorum
300 1231 409 1257 more
437 1224 664 1257 constanter
691 1220 807 1256 etiam
829 1230 948 1256 senex
970 1216 1178 1255 exercebat
1200 1213 1299 1268 (Cic.
1316 1216 1362 1254 de
1384 1229 1465 1255 sen.
1484 1215 1549 1265 11,
1565 1214 1654 1269 38).

208 1284 313 1330 Quae
347 1283 633 1335 philosophiam
666 1289 796 1322 tamen
830 1295 967 1334 sapere
1006 1282 1239 1321 uiderentur
1277 1283 1391 1320 anxie
1431 1281 1654 1333 respuebat,

119 1363 195 1401 qua
235 1349 281 1388 de
321 1362 435 1388 eausa
477 1345 785 1402 doctrinam3)
820 1350 859 1386 in
893 1347 1112 1398 originibus
1147 1346 1363 1386 desiderari
1396 1346 1524 1398 Nepos
1564 1360 1655 1386 con-

119 1420 282 1466 questus
316 1420 392 1465 est,
430 1414 704 1465 politissimam
736 1413 843 1452 illam
872 1413 1089 1452 doctrinam
1118 1414 1419 1451 transmarinam
1447 1418 1563 1463 atque
1591 1412 1655 1451 ad-

120 1481 351 1530 uenticiam,
390 1485 433 1518 ut
466 1480 518 1518 ait
553 1480 689 1518 Cicero
724 1474 792 1532 (de
819 1484 914 1517 orat.
936 1477 975 1529 3,
1002 1476 1069 1528 33,
1100 1474 1195 1516 135.
1235 1478 1282 1516 cf.
1308 1477 1417 1516 Brut.
1441 1476 1509 1529 ST,
1537 1475 1655 1531 298),

120 1547 190 1597 qui
217 1547 290 1584 etsi
317 1544 551 1596 quibusdam
572 1544 669 1583 loeis
690 1545 882 1595 grauitate
904 1543 1062 1582 Catonis
1084 1544 1273 1581 orationis
1295 1548 1499 1594 correptus
1521 1542 1656 1582 laudes

121 1612 206 1649 eius
246 1623 363 1661 supra
402 1609 560 1648 modum
601 1611 853 1660 exaggerauit
896 1621 1024 1660 neque
1063 1608 1189 1647 ullum
1234 1608 1372 1647 florem
1417 1615 1482 1647 aut
1525 1608 1656 1647 lumen

121 1676 368 1727 eloquentiae
396 1688 485 1714 eum
512 1687 589 1713 non
616 1674 802 1713 habuisse
830 1674 1091 1726 praedicauit,
1117 1679 1249 1712 tamen
1276 1675 1460 1712 continuo
1489 1674 1657 1712 Atticum

121 1753 189 1780 eas
215 1742 513 1779 imminuentem
544 1740 646 1790 fecit,
673 1741 741 1791 qui
765 1742 832 1778 uix
857 1752 898 1778 se
926 1741 1050 1778 risum
1078 1740 1253 1777 tenuisse
1274 1738 1383 1790 dixit,
1409 1751 1499 1777 cum
1521 1738 1658 1777 Cicero

123 1806 310 1845 Catonem
337 1818 425 1844 cum
446 1805 609 1844 Philisto
632 1811 670 1844 et
688 1805 718 1843 T
724 1804 916 1855 hucydide
939 1810 1200 1856 compararet,
1227 1817 1317 1843 nam
1341 1816 1390 1843 ne
1417 1805 1658 1855 suspicatum

123 1871 282 1923 quidem
315 1871 514 1909 hominem
548 1870 815 1909 Tusculanum
849 1883 954 1921 esse,
991 1869 1104 1921 quale
1137 1875 1243 1908 esset
1275 1871 1433 1921 copiose
1460 1875 1498 1908 et
1524 1876 1660 1908 ornate

125 1937 275 1987 dicere,
303 1936 563 1987 similiterque
592 1936 678 1974 aliis
705 1935 801 1974 locis
829 1942 867 1975 et
892 1935 996 1974 idem
1025 1931 1093 1989 (de
1119 1934 1192 1986 leg.
1218 1933 1253 1986 1,
1281 1933 1319 1986 2,
1341 1932 1405 1988 6),
1435 1940 1478 1974 ut
1505 1934 1660 1973 Cicero-

126 2014 215 2041 nem
243 2001 290 2040 ad
322 2002 527 2040 historiam
560 2000 810 2040 scribendam
844 2006 1066 2050 conuertat,
1101 1999 1282 2051 Fabium,
1315 2000 1520 2050 Catonem,
1553 2000 1660 2038 Piso-

126 2080 230 2117 nem,
257 2066 459 2117 Fannium,
480 2066 726 2105 Vennonium
754 2079 889 2105 omnes
917 2066 1038 2105 exiles
1067 2078 1154 2104 esse
1182 2065 1390 2104 adseuerat
1411 2071 1450 2104 et
1468 2066 1661 2104 Antonius

125 2129 195 2185 (de
217 2138 311 2170 orat.
327 2129 365 2181 2,
390 2129 454 2182 12,
476 2128 551 2185 53)
574 2131 761 2170 Catonem
784 2137 822 2170 et
841 2132 1037 2170 Pictorem
1060 2137 1098 2170 et
1119 2131 1302 2170 Pisonem
1326 2143 1452 2182 neque
1473 2132 1662 2180 tenuisse,

128 2197 272 2248 quibus
300 2196 418 2235 rebus
445 2202 654 2235 ornaretur
680 2198 815 2247 oratio,
845 2203 884 2236 et
910 2197 1002 2235 dum
1029 2195 1327 2247 intellegeretur
1353 2195 1447 2247 quid
1474 2195 1663 2245 dicerent,

127 2275 245 2301 unam
274 2261 430 2300 dicendi
457 2261 612 2300 laudem
640 2264 842 2313 putauisse
870 2275 956 2301 esse
984 2261 1233 2300 breuitatem.

227 2379 259 2420 1)
287 2376 331 2410 fr.
360 2380 413 2410 31.
443 2379 498 2410 3‘2.
527 2379 582 2410 34.
611 2380 666 2411 38.
695 2380 748 2410 39.
777 2381 833 2411 43.
861 2380 916 2411 44.
945 2380 1000 2410 5⁶2.
1029 2379 1084 2410 57.
1113 2379 1168 2410 74.
1196 2379 1250 2410 75.
1279 2378 1334 2410 93.
1363 2379 1417 2409 94.
1449 2378 1525 2409 110.

225 2432 260 2474 2)
287 2429 428 2471 Quibus
450 2429 541 2464 loeis
563 2429 620 2474 (fr.
645 2433 698 2463 17.
719 2432 777 2474 84)
802 2441 939 2463 annum
962 2430 1133 2464 accurate
1158 2428 1339 2472 defluunt,
1367 2428 1497 2463 eadem
1519 2430 1597 2463 arte
1618 2428 1663 2462 ab

130 2482 206 2517 alia
230 2492 269 2516 re
295 2484 401 2527 gesta
427 2482 649 2516 numerandi
676 2495 762 2517 usus
790 2486 846 2517 est
872 2494 945 2527 qua
966 2482 1108 2525 Graeci,
1134 2481 1239 2516 uelut
1258 2481 1464 2526 Xenophon
1484 2481 1521 2516 in
1542 2481 1664 2516 Helle·

131 2535 224 2570 nicis
250 2536 456 2579 (Wahrheit
482 2547 518 2570 u.
540 2536 667 2571 Kunst
691 2549 727 2580 p.
750 2539 843 2581 130).

226 2591 261 2631 3)
289 2588 468 2623 'Gelehrte
488 2589 723 2632 Resleaeione'n
743 2591 822 2624 und
848 2589 1170 2634 Untersuehunyen
1190 2589 1418 2633 allgemez‘ner
1437 2589 1575 2630 Natum
1601 2590 1667 2622 wie

130 2652 161 2675 Ζ.
182 2643 228 2676 B.
257 2643 310 2677 bei
336 2642 543 2686 Polybius’,
569 2646 611 2676 ut
636 2642 903 2687 interpretatus
930 2644 986 2677 est
1012 2641 1246 2687 Nipperdey3
1275 2642 1320 2676 cf.
1341 2641 1435 2686 Nep.
1461 2642 1528 2676 uit.
1550 2641 1666 2675 Attici

135 2698 188 2736 17,
210 2698 246 2729 3:
274 2707 386 2739 neque
412 2695 451 2729 ic]
475 2696 559 2738 fecit
584 2701 723 2731 natura
748 2697 863 2732 solnm
892 2696 950 2742 [ut
976 2697 1133 2730 matrem
1158 2695 1219 2739 pie
1247 2696 1421 2741 amaret]‚
1447 2706 1666 2740 quamquam

131 2757 251 2783 omnes
276 2750 309 2782 εί
333 2760 526 2792 paremus,
551 2749 613 2784 sed
638 2751 747 2784 etiam
779 2750 998 2785 doctrina.
1042 2760 1141 2783 nam
1173 2749 1436 2793 principum
1467 2749 1667 2793 philoso—

130 2801 315 2845 phorum
341 2804 394 2836 ita
414 2807 585 2846 percepta
609 2803 739 2838 habuit
760 2807 975 2848 praeeepta,
1001 2806 1042 2837 ut
1067 2802 1124 2837 his
1150 2802 1198 2836 ad
1222 2803 1343 2837 uitam
1371 2802 1567 2847 (mendam,
1596 2812 1667 2835 non

134 2855 185 2889 ad
210 2856 482 2890 ostentationem
507 2860 677 2890 uteretur.

206 2921 285 2945 Hist.
300 2921 383 2946 Rom.
397 2921 449 2945 rel.
464 2921 488 2953 1,
509 2920 553 2946 ed.
568 2922 612 2946 Pe
622 2924 686 2947 tor.
719 2922 771 2947 Ed.
787 2923 839 2947 ait.
1353 2913 1383 2946 X
