2002 3342
285 203 442 233 CLXXH
621 187 684 221 DE
712 186 1019 221 SCRIPTORVM
1046 185 1169 220 VITIS
1196 185 1257 219 ET
1285 185 1492 220 SCRIPTIS

286 300 459 339 mouisse
488 300 582 337 satis
610 298 729 337 habui
756 303 795 336 et
820 299 861 335 in
887 296 1076 336 Heminae
1104 296 1284 348 reliquiis
1310 296 1375 335 illa
1403 295 1517 335 Gellii
1542 296 1665 335 uerba
1694 296 1822 335 locum

287 377 400 404 suum
432 365 604 402 retinere
630 375 771 414 passus
799 375 897 401 sum.

375 429 552 480 Denique
587 429 772 479 quoniam
804 429 909 466 inter
934 427 1097 466 Dionem
1130 432 1168 465 et
1193 426 1398 465 Heminam
1430 427 1497 465 uix
1532 427 1577 465 de
1610 426 1689 465 ullo
1722 427 1823 477 frag-

286 501 419 534 mento
443 494 490 532 lis
511 495 672 543 oriatur,
698 494 785 531 iure
806 498 941 531 nostro
963 504 1062 543 quae
1084 493 1185 530 infra
1206 497 1427 542 sequuntur
1450 492 1668 543 fragmenta
1689 492 1822 530 Cassio

286 560 478 599 Heminae
506 557 735 597 attribuisse
762 557 874 596 nobis
900 557 1096 596 uidemur.

377 625 433 663 Ex
461 625 517 662 eis
544 636 641 662 uero
669 622 942 674 scriptoribus,
969 624 1037 673 qui
1063 623 1222 660 nomine
1251 621 1429 660 Cassium
1457 623 1690 672 citauerunt,
1727 623 1825 660 anti-

287 691 502 742 quissimus
531 694 589 727 est
616 688 657 727 C.
678 688 865 727 Plinius
893 688 1086 738 superior.
1132 687 1313 726 ducentis
1339 688 1460 738 igitur
1486 688 1568 726 fere
1598 688 1711 726 annis
1743 699 1824 726 om-

288 756 382 795 nino
408 754 568 793 uidetur
592 753 763 792 latuisse.
804 766 894 792 nam
915 753 1143 803 Dionysium
1166 752 1299 791 Cassio
1319 765 1436 791 usum
1458 764 1544 791 esse
1566 758 1672 791 recte
1693 751 1824 791 Kiess-

288 820 370 871 ling
396 816 476 873 (De
502 821 620 859 Dion.
643 820 745 869 font.
772 831 809 869 p.
834 815 907 871 18)
941 819 1118 868 negauit,
1151 830 1279 868 neque
1306 817 1418 856 Liuio
1452 830 1542 856 eum
1575 819 1615 855 in
1643 817 1825 856 manibus

289 887 411 925 fuisse
433 885 697 924 demonstrari
717 889 859 935 potest,
887 884 1084 934 quoniam,
1112 884 1186 921 etsi
1212 884 1253 921 in
1281 882 1551 933 compluribus
1572 882 1691 921 rebus
1719 878 1825 936 (adn.

289 951 337 990 ad
364 951 408 989 sr.
439 949 504 989 16.
535 948 600 988 19.
629 947 696 987 20.
725 946 794 988 32.
822 946 898 1001 38)
934 949 1165 999 concinunt,
1204 948 1245 986 hi
1285 960 1502 986 consensus
1540 960 1618 986 non
1651 952 1742 986 sunt
1773 948 1824 986 ita

289 1017 515 1067 comparati,
542 1021 587 1054 ut
612 1015 839 1053 necessario
867 1026 912 1052 ex
938 1013 1018 1052 solo
1041 1013 1175 1052 Cassio
1197 1013 1355 1052 Liuium
1374 1013 1553 1052 hausisse
1575 1012 1824 1051 statuendum

290 1083 350 1120 sit.
397 1080 465 1120 sed
501 1080 687 1119 Plinius
723 1081 763 1117 in
799 1078 967 1117 naturali
1003 1079 1167 1117 historia
1200 1083 1386 1129 quattuor
1417 1077 1513 1117 locis
1547 1074 1635 1131 (12.
1665 1076 1730 1117 13.
1758 1075 1826 1116 26.

289 1142 410 1201 37)1)
439 1146 618 1185 Cassium
640 1145 846 1183 Heminam
875 1145 1023 1195 citauit,
1050 1149 1087 1182 et
1114 1145 1338 1195 quicunque
1368 1144 1450 1182 sere
1476 1150 1565 1195 post
1590 1143 1695 1182 hunc
1717 1148 1826 1182 uete-

290 1225 377 1251 rum
410 1211 690 1249 historicorum
724 1210 942 1260 fragmenta
975 1214 1255 1259 seruauerunt,
1289 1208 1416 1247 eidem
1449 1210 1567 1247 etiam
1596 1208 1720 1247 Cassii
1746 1221 1826 1246 me-

289 1278 509 1327 minerunt,
546 1275 729 1327 plurimis
761 1275 858 1313 locis
891 1273 1071 1313 Nonius
1099 1269 1158 1327 (9.
1188 1272 1253 1312 10.
1283 1272 1348 1312 16.
1381 1272 1444 1312 17.
1472 1272 1540 1312 21.
1567 1271 1635 1312 23.
1663 1271 1730 1312 24.
1759 1271 1826 1311 27.

291 1340 358 1382 28.
385 1340 453 1380 33.
481 1339 549 1380 34.
577 1339 645 1380 35.
674 1337 761 1393 36),
788 1346 871 1378 tum
898 1339 1178 1378 Priscianus
1207 1336 1294 1391 (25.
1322 1337 1390 1378 29.
1419 1336 1486 1378 30.
1514 1337 1582 1378 31.
1605 1337 1672 1377 32.
1692 1334 1827 1393 40)“-’),

291 1408 490 1446 Seruius
518 1402 576 1459 (3.
603 1404 642 1444 4.
670 1403 707 1444 6.
738 1403 803 1444 15.
830 1403 898 1443 22.
926 1402 1015 1457 38),
1047 1404 1317 1443 Macrobius
1346 1400 1453 1457 (adn.
1481 1402 1519 1443 6.
1549 1402 1615 1443 1-1.
1646 1403 1711 1443 18.
1739 1400 1828 1457 20),

291 1473 483 1511 Solinus
511 1469 568 1524 (2.
598 1467 662 1525 7),
703 1471 870 1521 denique
899 1469 1065 1520 singulis
1092 1469 1188 1508 locis
1220 1470 1462 1521 Appianus
1490 1466 1603 1523 (19),
1645 1469 1828 1508 Gellius

292 1535 370 1592 (8),
397 1537 744 1584 Tertullianus,
778 1536 1013 1574 Minucius
1041 1535 1192 1587 Felix,
1225 1534 1504 1574 Lactantius
1531 1531 1575 1588 (1
1605 1548 1636 1574 c.
1665 1530 1828 1587 adnot),

290 1602 540 1643 Diomedes
567 1598 676 1656 (11),
704 1601 1000 1640 Censorinus
1028 1597 1136 1653 (39),
1163 1600 1311 1639 scholia
1337 1601 1631 1639 Veronensia
1658 1596 1736 1654 (5).
1782 1612 1828 1638 ex

291 1668 352 1706 his
372 1666 594 1717 DiomedeS,
621 1665 783 1716 Nonius,
804 1665 1031 1704 Priscianus
1052 1671 1214 1717 propter
1233 1665 1356 1704 uerba
1377 1665 1566 1717 quaedam
1588 1667 1718 1716 prisca
1739 1677 1828 1704 eum

291 1732 552 1772 laudauerunt
583 1731 701 1782 idque
733 1733 804 1781 ita,
840 1737 885 1769 ut
916 1731 1099 1769 omnibus
1131 1743 1256 1781 paene
1289 1731 1385 1769 locis
1418 1743 1605 1769 numeros
1638 1730 1830 1768 librorum

292 1798 498 1848 adderent,
537 1797 643 1836 unde
682 1797 807 1835 lexico
846 1796 976 1847 aliquo
1017 1809 1083 1835 eos
1121 1809 1214 1834 usos
1253 1809 1340 1835 esse
1380 1797 1648 1847 consequitur.
1707 1796 1830 1834 ceteri

293 1869 423 1903 autem
451 1864 679 1913 scriptores,
706 1863 773 1913 qui
799 1867 963 1913 propter
989 1874 1053 1900 res
1080 1861 1126 1900 ab
1154 1873 1198 1900 eo
1221 1861 1362 1900 relatas
1384 1873 1473 1900 eum
1494 1862 1719 1900 citauerunt
1738 1860 1830 1898 libri

293 1941 458 1968 numero
473 1929 550 1967 nisi
572 1928 738 1978 singulis
753 1927 850 1965 locis
865 1929 1024 1978 omisso,
1045 1940 1115 1966 sua
1128 1927 1295 1973 Varroni
1311 1926 1543 1977 debuerunt,
1559 1926 1684 1965 Cassii
1698 1938 1830 1965 resus-

295 1995 466 2045 citatori,
499 1993 538 2031 id
565 1993 669 2044 quod
695 1998 950 2043 posteaquam
984 1994 1024 2030 in
1058 1992 1228 2031 editione
1255 1993 1386 2042 priore
1413 1992 1545 2042 posui,
1580 2003 1687 2030 nunc
1713 1992 1831 2029 certis

295 2061 538 2111 argumentis
565 2058 631 2097 alii
658 2058 1031 2096 demonstrauerunt
1050 2080 1107 2084 —
1131 2069 1179 2096 ne
1208 2069 1227 2095 a
1247 2057 1373 2095 Plinio
1398 2056 1557 2107 quidem
1585 2069 1674 2095 eum
1701 2058 1831 2107 ipsum

296 2137 382 2164 esse
416 2126 639 2175 inspectum
671 2123 858 2162 Muenzer
884 2120 1203 2176 (chellenlcritils
1230 2124 1266 2161 d.
1294 2123 1397 2161 Plin.
1424 2135 1460 2173 p.
1484 2119 1736 2175 183—189)
1763 2144 1831 2172 —,

394 2265 426 2307 1)
454 2262 544 2297 Cum
577 2261 690 2296 index
721 2261 901 2296 librorum
927 2261 994 2295 XII
1020 2262 1058 2295 et
1082 2260 1166 2294 XIII
1191 2260 1290 2294 idem
1318 2260 1380 2302 sit,
1413 2259 1450 2293 in
1477 2259 1572 2294 libro
1599 2261 1723 2294 autem
1751 2259 1833 2293 XIII

296 2315 444 2352 Cassius
465 2316 611 2358 citetur,
637 2315 701 2349 uix
720 2315 837 2349 uerba
862 2314 1048 2358 quaedam
1069 2314 1186 2349 Cassii
1211 2314 1249 2348 in
1275 2313 1340 2347 lib.
1361 2312 1429 2347 XII
1454 2312 1572 2347 latere
1593 2323 1677 2346 cum
1696 2312 1833 2346 Rothio

295 2369 525 2415 putabimus.

393 2424 426 2467 2)
453 2422 686 2466 Quamquam
712 2421 840 2466 Meyer
865 2422 935 2456 hoc
960 2421 1213 2466 fragmentum
1240 2433 1274 2464 p.
1296 2424 1362 2454 551
1391 2420 1429 2453 in
1456 2419 1575 2454 Cassii
1596 2419 1723 2453 Seueri
1748 2418 1833 2452 reli-

298 2476 394 2521 quiis
414 2476 550 2520 posuit,
571 2478 699 2509 tamen
712 2475 926 2509 VVeicherto
947 2474 1085 2509 rectius
1105 2474 1144 2508 id
1160 2473 1339 2508 Heminae
1359 2473 1476 2507 tribui
1496 2472 1677 2507 concedit.
1705 2474 1834 2507 contra

297 2529 446 2565 Hertzio
473 2529 534 2573 (ad
561 2529 673 2563 Prisc.
695 2529 711 2562 I
736 2541 772 2572 p.
794 2530 877 2573 380)
908 2528 996 2562 inde
1023 2527 1122 2572 quod
1148 2527 1310 2561 Hemina
1339 2526 1559 2570 plerumque
1587 2525 1735 2560 Cassius
1762 2525 1833 2559 He-

296 2582 410 2625 mina,
436 2593 510 2616 uno
536 2582 617 2616 loco
643 2581 803 2616 Hemina
830 2593 852 2616 a
877 2581 1066 2615 Prisciano
1094 2581 1244 2623 citatur,
1272 2579 1420 2614 Cassius
1447 2579 1603 2613 Seuerus
1630 2581 1755 2613 orator
1779 2579 1835 2613 ui-

299 2636 408 2670 detur
433 2646 513 2669 esse
539 2634 673 2677 dictus,
700 2647 810 2678 quem
833 2635 891 2669 bis
913 2633 1134 2678 simpliciter
1154 2633 1221 2668 sub
1244 2633 1363 2668 Cassii
1382 2633 1531 2667 nomine
1553 2643 1636 2666 cum
1656 2632 1833 2666 librorum

298 2688 543 2733 inscriptione
570 2688 696 2722 attulit
721 2688 802 2731 (VII
827 2700 863 2732 p.
885 2691 952 2721 333
974 2687 1018 2722 H.
1051 2687 1136 2721 VIII
1160 2699 1195 2732 p.
1217 2690 1284 2720 489
1306 2685 1377 2730 Η).
1426 2696 1494 2730 ego
1526 2688 1652 2719 tamen
1683 2686 1836 2730 propter

298 2742 436 2777 formas
457 2742 603 2776 adulati
623 2742 660 2775 et
679 2742 877 2783 adhortati,
903 2740 1038 2784 quibus
1058 2739 1209 2784 passiue
1230 2739 1378 2774 Cassius
1400 2738 1555 2773 Seuerus
1575 2738 1639 2773 uix
1659 2740 1715 2773 est
1734 2749 1835 2781 usus,

299 2806 377 2830 rem
402 2807 476 2829 non
501 2795 555 2829 ita
581 2793 811 2838 exploratam
839 2805 918 2828 esse
945 2794 1044 2837 duxi,
1070 2795 1113 2828 ut
1139 2793 1288 2827 omnino
1315 2792 1484 2827 eicienda
1512 2792 1587 2826 sint
1608 2792 1700 2826 haec
1720 2792 1836 2826 uerba

300 2860 343 2884 ex
369 2848 551 2882 Heminae
576 2847 756 2892 reliquiis.
