2002 3342
377 178 417 211 II.
445 177 508 211 DE
536 177 849 212 LITTERARVM
875 178 1199 214 MONVMENTIS
1229 180 1450 215 PRIVATIS
1591 198 1684 227 1511

151 290 258 339 regia
288 289 493 326 retractari
521 295 557 326 et
585 289 729 326 mutari
754 294 933 339 possent,
968 289 1058 327 dum
1087 304 1105 327 a
1135 290 1261 327 Mucio
1290 290 1476 329 Scaeuola
1510 293 1683 343 publica-

154 360 298 392 rentur.
333 353 475 391 Fabius
503 355 624 403 igitur
645 353 775 392 l'ictor
800 366 950 392 morem
979 368 998 391 a
1026 356 1210 404 pontifice
1238 357 1407 394 maximo
1435 359 1546 407 quasi
1574 371 1683 396 sanc-

152 425 233 457 tum
262 419 435 456 imitatus
463 418 597 456 laudes
620 431 711 457 suae
739 420 866 469 gentis
889 420 1003 457 etiam
1026 421 1078 457 ita
1102 420 1339 470 inlustrauit,
1367 426 1410 459 ut
1430 421 1524 459 alias
1546 422 1684 461 obscu-

151 489 266 533 raret,
289 489 402 534 atque
425 485 464 521 iu
487 483 547 521 his
570 483 835 522 fundamentis
857 484 1059 522 historiam
1082 484 1295 523 Romanam
1318 488 1467 536 posuit:
1495 487 1566 525 hoc
1588 489 1683 526 mihi

150 556 193 587 ut
218 548 433 587 Niebuhrio
461 546 512 601 (tl
536 562 570 600 p.
592 546 636 601 93
664 546 786 599 ⁸224),
818 549 1064 599 Schweglero
1094 549 1128 602 tl
1155 563 1190 600 p.
1216 548 1280 588 15.
1310 551 1339 588 ll
1368 548 1489 605 ἰ’-45),
1524 552 1684 590 Momm-

152 626 244 652 seno
258 610 289 667 ¹)
325 620 477 652 certum
514 614 837 665 exploratumque
875 621 951 666 est3
989 616 1084 653 satis
1118 617 1237 653 certis
1275 622 1405 654 tamen
1442 619 1685 667 argumentis

151 681 266 718 etiam
294 679 389 718 illud
411 681 526 729 cuici,
554 679 717 718 aliarum
741 693 896 731 quoque
924 681 1099 730 gentium
1121 680 1333 719 ambitione
1362 684 1589 720 memoriam
1611 682 1686 720 Ro-

152 757 303 783 manam
332 745 516 783 infectam
546 751 580 783 et
611 752 836 795 corruptam
866 758 971 796 esse,
999 745 1152 796 aliaque
1180 746 1370 796 exempla,
1398 748 1431 784 si
1460 746 1505 785 de
1533 747 1686 786 Valerio

150 811 321 860 Antiate,
350 808 510 848 Claudio
539 809 815 860 Quadrigario,
849 810 1002 848 Licinio
1030 810 1159 849 Macro
1188 810 1467 862 disputandum
1496 813 1587 862 erit,
1622 812 1686 850 ad-

152 874 256 927 dam3
290 887 378 913 nam
407 881 563 925 praeter
590 874 729 913 Fabios
756 875 918 925 Valerii,
947 874 1117 925 Claudii,
1145 875 1288 914 Licinii
1316 888 1362 914 ex
1390 889 1460 914 sua
1486 882 1601 927 gente
1628 878 1686 915 in-

149 945 358 989 uenerunt,
387 941 452 990 qui
475 941 558 978 eius
586 939 722 978 laudes
748 939 959 991 uulgarent
986 945 1023 978 et
1050 947 1252 991 augerent,
1278 946 1321 979 ut
1342 943 1454 991 quasi
1478 941 1597 992 digito
1621 954 1688 980 eos

150 1009 369 1043 monstrare
409 1006 616 1056 possimus
657 1007 845 1044 nimirum
878 1005 919 1043 hi
952 1010 1076 1044 aetate
1116 1007 1285 1056 proximi
1319 1007 1375 1044 eis
1411 1007 1587 1058 suerunt,
1621 1008 1687 1058 qui

151 1069 356 1108 annalibus
379 1071 460 1108 suis
482 1069 576 1121 quid
598 1069 644 1108 de
667 1069 744 1108 illis
766 1072 972 1121 sentirent,
988 1070 1102 1109 nobis
1122 1071 1383 1110 tradiderunt.
1418 1084 1545 1123 neque
1567 1073 1688 1122 igitur

150 1134 322 1173 Soltauio
351 1132 446 1188 (Die
472 1147 592 1174 roem.
614 1135 900 1175 Laudationem
928 1149 963 1187 p.
983 1134 1065 1176 119
1083 1132 1160 1190 sq.)
1189 1136 1403 1187 adsentior,
1430 1137 1533 1188 quod
1558 1137 1687 1176 Sullae

151 1199 308 1239 demum
343 1205 468 1238 aetate
498 1206 668 1251 postque
703 1202 786 1240 eius
814 1207 982 1240 mortem
1011 1203 1325 1252 antiquariorum
1359 1202 1472 1241 libris
1505 1204 1689 1241 incitatos

151 1265 322 1304 Licinios
343 1265 494 1304 Macros
523 1272 560 1304 et
581 1266 709 1304 Aelios
731 1266 961 1305 Tuberones
989 1266 1189 1306 scribendi
1218 1267 1380 1306 consilia
1408 1267 1455 1306 ad
1482 1270 1541 1307 rei
1561 1268 1689 1319 publi-

151 1343 217 1369 cae
239 1332 411 1369 ratioues
439 1331 707 1382 factionesque
729 1331 1071 1371 accommodantes
1092 1332 1273 1384 expilatis
1300 1334 1550 1384 potissimum
1579 1334 1688 1372 fami-

150 1395 291 1435 liarum
325 1395 462 1447 elogiis
495 1396 884 1448 laudationibusque,
921 1410 1020 1449 quae
1054 1399 1131 1436 iam
1165 1399 1205 1436 in
1242 1397 1400 1437 tablinis
1427 1400 1596 1438 oratorie
1625 1411 1689 1437 ex-

151 1467 310 1500 ornatae
340 1468 484 1511 essent,
510 1467 687 1500 ueterem
714 1464 947 1501 memoriam
970 1468 1193 1514 contempta
1214 1465 1382 1503 ueritate
1405 1463 1629 1503 extendisse
1652 1469 1691 1502 et

151 1527 412 1578 amplificasse
444 1528 609 1565 censuit.
643 1528 810 1566 nimium
844 1529 948 1566 enim
984 1529 1020 1566 ei
1055 1528 1268 1567 discrimen
1303 1530 1408 1568 inter
1443 1530 1689 1568 ieiunitatem

150 1598 332 1631 ueterum
366 1593 605 1643 scriptorum
632 1590 820 1645 (Pictoris
852 1605 978 1644 usque
1012 1593 1059 1632 ad
1085 1591 1288 1648 Pisonem)
1323 1594 1624 1646 ubertatemque
1652 1600 1690 1633 et

150 1664 345 1696 tumorem
374 1658 603 1696 inferiorum
633 1671 652 1696 a
673 1658 798 1709 Liuio,
824 1657 1011 1709 Dionysio
1034 1658 1274 1710 Graecisque
1302 1665 1689 1710 repraesentatorum

150 1724 343 1762 interesse
365 1722 574 1761 uidebatur
601 1718 644 1777 (1.
666 1736 695 1762 S.
715 1736 752 1774 p.
772 1719 887 1777 106).
920 1723 994 1762 hoc
1017 1723 1176 1775 quidem
1202 1725 1427 1775 pertinebat
1455 1724 1501 1763 ad
1524 1725 1689 1764 diuersi-

150 1793 270 1826 tatem
298 1787 573 1839 consiliorum,
601 1788 744 1839 quibus
772 1788 820 1827 ad
846 1788 1051 1828 historiam
1081 1789 1239 1828 deducti
1269 1796 1398 1829 erant:
1430 1790 1472 1828 hi
1498 1791 1689 1829 intentius

151 1855 321 1905 partium
355 1853 484 1892 studio
517 1855 728 1892 ueritatem
760 1854 1066 1905 postponebant,
1100 1854 1157 1893 illi
1191 1854 1397 1893 ambitioni
1430 1854 1579 1906 gentili.
1622 1856 1689 1906 qui

151 1924 279 1957 autem
301 1918 411 1957 Fabii
439 1920 478 1957 in
507 1919 716 1958 scribendo
742 1921 891 1958 uersati
913 1925 1016 1971 sunt,
1044 1932 1181 1958 omnes
1206 1926 1295 1959 ante
1317 1919 1514 1959 Gracchos
1540 1922 1690 1971 uixere,

151 1985 335 2035 quoniam
357 1996 447 2023 eum
469 1984 511 2029 Q.
527 1984 691 2023 Fabium
711 1984 936 2036 Maximum,
964 1986 1031 2036 qui
1058 1987 1098 2024 in
1119 1985 1325 2025 consulatu
1348 1999 1378 2025 a.
1393 1983 1462 2025 45.
1481 1984 1564 2024 709
1586 1998 1689 2024 mor-

152 2056 242 2087 tuus
276 2055 352 2100 est,
391 2050 464 2088 etsi
490 2051 721 2088 memoriam
748 2052 876 2101 gentis
904 2052 981 2089 iam
1013 2050 1128 2102 paulo
1162 2057 1251 2102 post
1282 2051 1429 2090 bellum
1462 2051 1689 2089 Hannibali-

153 2127 242 2153 cum
270 2115 485 2153 exstinctae
513 2121 551 2153 et
579 2114 786 2166 adoptione
814 2122 989 2166 renatae,
1020 2121 1103 2154 tum
1129 2115 1256 2154 denuo
1284 2115 1451 2155 labantis
1479 2117 1688 2155 resuscita-

153 2179 215 2218 bat
249 2176 358 2233 (nam
392 2180 583 2219 fornicem
616 2180 830 2220 Fabianum
864 2182 1038 2220 restituit
1069 2181 1294 2232 Atticoque,
1333 2186 1376 2220 ut
1409 2181 1619 2220 Fabiorum
1652 2186 1690 2220 et

154 2244 425 2283 Corneliorum
445 2246 682 2296 propagines
705 2246 929 2297 explicaret,
962 2243 1178 2299 persuasit)
1190 2242 1236 2300 2),
1263 2259 1458 2297 nusquam
1480 2248 1611 2298 ipsum
1631 2246 1689 2284 hi·

153 2312 313 2348 storiam
336 2311 544 2361 scripsisse
566 2312 779 2350 memoriae
806 2312 1006 2362 proditum
1028 2317 1088 2349 est
1109 2317 1175 2350 aut
1201 2316 1402 2350 auctorem
1430 2312 1551 2350 fuisse
1575 2313 1615 2349 in
1636 2311 1689 2349 lo-

153 2388 242 2414 cum
269 2387 491 2426 nomenque
525 2378 787 2415 uetustissimi
813 2376 919 2415 illius
946 2378 1152 2428 scriptoris
1179 2376 1284 2415 aliud
1318 2390 1416 2428 opus
1444 2376 1688 2428 supponendi

152 2440 410 2491 hominesque
451 2440 672 2492 decipiendi
711 2441 775 2480 uel
803 2441 970 2480 alienam
1004 2443 1089 2480 eius
1126 2441 1233 2480 modi
1265 2454 1424 2493 operam
1464 2441 1687 2480 adiuuandi.

250 2574 281 2605 1
309 2572 355 2606 R.
376 2573 422 2607 F
444 2573 475 2606 ΙΙ
495 2584 530 2617 p.
547 2576 631 2607 241:
660 2574 777 2608 Allem
792 2574 977 2608 Ansehein
996 2574 1089 2607 nach
1108 2574 1218 2619 ychen
1239 2574 1294 2608 bez·
1314 2575 1447 2609 zc'eztem
1467 2574 1524 2608 dte
1544 2574 1689 2607 meisten

154 2626 440 2660 annalistischen
468 2627 693 2672 Meldunqen
724 2627 803 2662 und
827 2627 1048 2662 namentlich
1073 2627 1293 2672 (Iiej67ziycn,
1327 2627 1384 2661 ἅτε
1410 2638 1544 2672 emzqes
1570 2626 1695 2667 Belus

156 2678 233 2712 und
257 2680 361 2713 einen
388 2681 641 2714 tatsa'chlechen
665 2681 767 2715 Kern
794 2681 920 2722 haben,
940 2701 985 2705 —
1013 2680 1176 2722 insofern
1196 2680 1269 2722 auf
1290 2681 1435 2715 Fabzus
1461 2680 1606 2720 Zurz'iclc,
1634 2680 1689 2712 als

156 2731 213 2766 dze
244 2732 418 2776 Spc'itercn
452 2734 529 2768 weit
560 2734 657 2768 mehr
692 2745 764 2767 unz·
794 2734 873 2767 und
905 2732 1174 2778 nachqedichtet
1207 2735 1261 2768 als
1294 2734 1481 2778 eiycntlt'ch
1516 2736 1688 2777 zztyesetzt

155 2785 279 2819 haben.
319 2797 354 2829 p.
371 2789 450 2827 270,
477 2787 627 2829 passim.

252 2842 286 2871 2>
313 2838 396 2873 vid.
424 2839 496 2873 uol.
518 2840 549 2873 II
575 2851 609 2883 p.
625 2852 739 2873 xxvm
754 2851 805 2883 sq⁴
845 2840 1018 2874 Muenzer
1044 2841 1090 2875 R.
1113 2840 1160 2874 E.
1182 2840 1230 2874 VI
1257 2851 1285 2874 e.
1304 2843 1391 2873 1791
1409 2850 1462 2882 sq.
