2002 3342
128 1380 162 1405 10

705 669 983 719 PROCILII
1021 672 1193 719 LIBRI

1743 758 1810 788 362

274 775 316 819 l.
353 779 469 818 Varr.
491 781 528 817 d.
549 782 572 818 l.
594 781 617 818 l.
639 780 677 829 5,
694 778 789 817 148.
830 779 872 817 In
900 780 983 816 soro
1011 778 1138 817 lacum
1161 778 1338 817 Curtium
1366 792 1385 817 a
1408 781 1542 818 Curtio
1568 779 1715 818 dictum
1743 806 1812 849 ἶς’-2

182 850 334 882 constat
361 849 399 882 et
426 844 471 882 de
503 856 547 882 eo
575 845 722 895 triceps
750 844 930 882 historia:
959 856 1047 882 nam
1075 848 1113 882 et
1132 844 1325 883 Procilius
1350 857 1426 883 non
1453 845 1557 883 idem
1584 844 1714 895 prodi—

183 909 239 947 dit
270 908 372 960 quod
405 909 511 959 Piso,
545 922 616 948 nec
649 909 752 960 quod
783 911 833 959 is,
865 907 895 960 ’ἵ
923 908 1129 947 Cornelius
1157 909 1252 947 Stilo
1281 916 1451 949 secutus.
1490 911 1520 947 Α
1547 909 1714 948 Procilio

183 974 365 1025 relatum,
401 976 440 1012 in
477 987 522 1013 eo
559 974 642 1013 loco
677 974 832 1013 dehisse
865 979 1013 1013 terram
1046 979 1084 1013 et
1116 974 1155 1013 id
1189 987 1235 1013 ex
1269 982 1427 1013 senatus
1462 974 1640 1013 consulto
1667 974 1714 1013 ad

182 1040 383 1090 aruspices
404 1039 570 1078 relatum
591 1052 690 1078 esse.
724 1051 958 1090 responsum
981 1039 1096 1078 deum
1116 1038 1146 1091 †
1160 1039 1288 1078 Manio
1311 1040 1561 1090 postilionem
1581 1046 1713 1091 postu-

182 1104 279 1154 lare,
312 1104 351 1143 id
384 1111 443 1143 est
475 1106 603 1143 ciuem
637 1105 897 1143 fortissimum
931 1117 975 1143 eo
1008 1104 1162 1143 dimitti.
1202 1110 1284 1144 tum
1313 1105 1509 1156 quendam
1537 1104 1716 1144 Curtium

181 1171 312 1207 uirum
340 1170 479 1208 sortem
506 1176 698 1209 armatum
726 1169 952 1208 ascendisse
979 1171 1019 1208 in
1047 1182 1190 1221 equum
1213 1176 1250 1209 et
1275 1183 1294 1209 a
1316 1169 1532 1209 Concordia
1553 1182 1716 1209 uersum

182 1247 270 1272 cum
298 1247 398 1286 equo
420 1248 509 1274 eum
536 1236 847 1286 praecipitatum.
888 1247 932 1273 eo
960 1235 1061 1274 facto
1088 1235 1216 1274 locum
1239 1237 1365 1274 coisse
1387 1241 1502 1286 atque
1524 1237 1609 1274 eius
1631 1248 1715 1274 cor-

183 1312 256 1350 pus
284 1299 474 1339 diuinitus
501 1300 684 1339 humasse
712 1314 755 1338 ac
784 1300 992 1352 reliquisse
1020 1303 1127 1352 genti
1154 1314 1247 1340 suae
1274 1307 1587 1340 monumentum.
1756 1338 1799 1369 81

273 1361 316 1405 2.
350 1366 452 1404 Plin.
474 1379 511 1404 n.
531 1367 568 1404 h.
589 1365 681 1416 8,4.
720 1365 866 1404 Romae
899 1367 1024 1404 iuncti
1049 1364 1324 1419 [elephanles]
1355 1368 1527 1418 primum
1559 1366 1717 1405 subiere
1744 1386 1814 1429 ζῇ

185 1442 344 1469 currum
377 1430 537 1481 Pompei
566 1430 695 1482 Magni
720 1430 903 1469 Africano
937 1432 1154 1483 triumpho,
1188 1431 1292 1483 quod
1328 1433 1438 1483 prius
1472 1432 1581 1470 India
1613 1433 1719 1470 uicta

185 1495 451 1546 triumphante
473 1496 615 1534 Libero
642 1502 751 1547 patre
773 1502 1026 1536 memoratur.
1060 1497 1254 1536 Procilius
1275 1502 1393 1548 negat
1412 1498 1589 1548 potuisse
1610 1497 1722 1535 Pom-

186 1561 248 1611 pei
275 1561 475 1612 triumpho
503 1563 659 1599 iunctos
687 1561 821 1612 egredi
848 1567 971 1613 porta.

284 1686 319 1723 1.
347 1687 518 1722 Eandem
549 1687 716 1730 fabulam
746 1688 1048 1733 ‘insiynitiorem’
1083 1689 1126 1723 de
1155 1689 1210 1723 M.
1241 1690 1366 1724 Curtio
1392 1689 1561 1724 Romano
1588 1688 1724 1723 Liuius

187 1735 227 1767 in
255 1734 334 1769 libr.
364 1734 443 1769 VH
458 1746 486 1769 e.
510 1737 543 1777 6,
559 1738 652 1769 1-6
678 1735 720 1769 de
746 1747 845 1769 anno
866 1738 948 1771 362.
971 1738 1044 1771 392
1068 1737 1245 1771 narrauit
1268 1737 1465 1780 habuitque
1488 1740 1598 1771 totam
1617 1746 1724 1770 suam

187 1781 363 1816 cohortem
385 1782 486 1825 (Vsu.
510 1783 617 1817 Illam.
641 1785 674 1825 5,
690 1785 773 1825 632,
803 1783 970 1818 Orosium
997 1784 1173 1828 aliosque)
1201 1787 1383 1827 sequentes
1408 1785 1559 1827 itemque
1579 1784 1678 1818 Dion
1684 1795 1723 1828 y-

186 1830 264 1863 sius
279 1831 335 1871 14,
350 1832 417 1871 11;
449 1833 558 1864 antea
590 1835 710 1864 tamen
736 1831 776 1864 in
803 1831 954 1866 Romuli
979 1832 1133 1866 historia
1159 1836 1305 1876 uterque
1330 1843 1410 1866 cum
1436 1832 1570 1866 Pisone
1594 1841 1724 1865 nomen

189 1877 290 1910 lacus
315 1887 337 1909 a
360 1877 490 1912 Mettio
513 1877 638 1912 Curtio
658 1878 795 1912 Sabino
817 1879 1018 1913 deduxerat
1039 1879 1132 1921 (uid.
1155 1879 1277 1913 adnot.
1299 1879 1349 1912 ad
1368 1879 1445 1913 Pis.
1465 1879 1512 1921 fr.
1535 1881 1585 1922 6).
1613 1879 1723 1912 inter-

183 1925 343 1967 pretatio
371 1924 521 1959 Lutatii
547 1926 608 1968 (fr.
632 1928 669 1968 9)
704 1926 831 1959 ultimo
859 1927 932 1960 loeo
959 1938 982 1959 a
1011 1927 1173 1961 Varrone
1200 1927 1389 1970 proposita
1420 1926 1523 1970 apud
1554 1927 1725 1969 antiquos

188 1972 328 2005 nemini
346 1971 503 2015 placuit,
529 1972 625 2016 quod
651 1973 766 2007 locum
791 1974 1013 2018 fulyuritum
1039 1985 1062 2007 a
1084 1973 1209 2008 Curtio
1235 1974 1379 2008 consule
1399 1973 1454 2007 M.
1480 1973 1635 2008 Genucii
1654 1974 1724 2008 col-

190 2019 268 2063 lnga
289 2020 340 2061 (a.
355 2021 436 2053 445.
459 2022 547 2064 309)
574 2023 739 2064 saeptum
766 2031 837 2055 esse
861 2024 1050 2055 statuerat.
1089 2024 1252 2055 auctores
1277 2025 1397 2055 tamen
1424 2021 1465 2055 de
1488 2021 1604 2056 tribus
1623 2021 1725 2055 illius

189 2066 400 2101 nominibus
419 2068 592 2108 uariant;
618 2067 696 2102 uid.
716 2067 758 2101 R.
775 2067 814 2101 E.
836 2068 902 2103 IV
920 2070 1095 2103 Muenzer
1114 2071 1309 2111 c.1864sq.
1338 2069 1500 2103 Huelsen
1520 2069 1723 2112 0189239.

285 2112 323 2147 2.
353 2114 406 2156 Cf.
434 2115 533 2149 Plut.
560 2115 687 2158 Pomp.
704 2117 768 2148 14:
800 2113 880 2149 ’Έτι
913 2116 1049 2158 μᾶλλον
1080 2115 1234 2157 αὐτούς,
1273 2115 1320 2156 ὥς
1353 2126 1464 2159 φασι,
1501 2113 1725 2161 βουλόμενος

190 2160 304 2195 ἀνιᾶν
331 2159 350 2195 ὁ
377 2161 575 2205 Πομπήιος
606 2160 839 2207 ἐπεχείρησεν
867 2162 1078 2206 ἐλεφάντων
1107 2162 1242 2207 ἅρματι
1268 2163 1450 2206 τεττάρων
1477 2162 1608 2208 ἐπιβὰς
1634 2163 1723 2197 εἰσε-

189 2207 356 2242 λαύνειν*
386 2207 499 2254 ἤγαγε
525 2209 596 2254 γὰρ
624 2210 663 2244 ἐκ
690 2209 830 2255 Λιβύης
849 2215 921 2245 τῶν
942 2211 1142 2256 βασιλικῶν
1162 2211 1320 2255 συχνοὺς
1339 2210 1604 2255 αἰχμαλώτους·
1633 2209 1724 2244 ἀλλὰ

190 2260 254 2300 τῆς
278 2255 395 2300 πύλης
421 2256 635 2300 στενοτέρας
661 2256 772 2302 οὔσης
791 2256 930 2302 ἀπέστη
957 2258 1020 2292 καὶ
1040 2259 1222 2302 μετῆλθεν
1243 2258 1304 2293 ἐπὶ
1323 2258 1409 2298 τοὺς
1430 2256 1575 2297 ἵππους.
1607 2257 1722 2292 Gran.

190 2302 311 2337 Licin.
330 2315 366 2347 p.
385 2306 429 2338 31
453 2305 529 2347 (Fe.
553 2307 602 2338 38
622 2305 783 2348 Bonn.):
814 2304 862 2338 Et
894 2304 1090 2350 Pompeius
1117 2308 1140 2347 †
1166 2306 1337 2350 praetore
1370 2316 1413 2339 ex
1438 2305 1566 2340 Africa
1594 2305 1724 2339 trium-

189 2350 324 2394 phauit:
355 2350 405 2384 IV
440 2350 524 2386 idus
556 2351 723 2386 Martias.
763 2363 836 2395 quo
863 2352 983 2399 <die>
1015 2354 1224 2387 memorant,
1248 2352 1430 2398 populum
1456 2352 1724 2399 (Romanum)

283 2463 326 2517 1,
349 2470 372 2506 3
399 2468 537 2506 Aelius
564 2471 679 2517 uulgso
712 2472 751 2507 et
771 2469 955 2508 Lutatius
984 2472 1134 2509 conieci.
1161 2472 1240 2510 uid.
1261 2483 1383 2518 supra
1398 2484 1438 2518 p.
1458 2483 1633 2509 CCLXVIJI
1647 2474 1723 2508 not.

282 2529 307 2565 4
342 2540 386 2565 ex
421 2527 518 2565 S·C·
551 2528 762 2577 Fam-ent.)
916 2531 939 2568 5
973 2530 1105 2568 manio
1138 2530 1391 2578 postilionem
1423 2530 1514 2567 FH
1547 2529 1724 2567 Manium

192 2586 340 2625 Laetus
376 2587 558 2625 Mantum
588 2589 688 2626 Roth
723 2590 788 2636 (ef.
820 2589 1014 2627 Scleirmer
1045 2601 1108 2638 ap.
1135 2590 1370 2628 Rosclzerum
1404 2591 1447 2626 in
1481 2589 1576 2627 Lex.
1610 2590 1722 2636 myth.

192 2645 248 2682 ΙΙ
269 2657 297 2683 c.
318 2647 454 2693 2329)
567 2649 589 2686 6
618 2647 754 2685 eodem
781 2648 889 2685 mitti
913 2649 1004 2687 libri
1028 2661 1123 2688 corr.
1147 2649 1349 2687 Turnebus
1461 2649 1482 2685 7
1511 2644 1660 2699 uirum]
1687 2647 1729 2684 F

151 2744 163 2750 ρ
194 2705 321 2741 ciuem
348 2706 452 2753 uzdy.
516 2707 565 2744 ad
598 2705 838 2746 Concordiae
870 2720 1028 2746 uersum
1056 2709 1204 2756 Popula
1291 2709 1314 2744 8
1343 2720 1431 2745 eum
1454 2708 1495 2744 F
1523 2719 1567 2744 eo
1589 2707 1724 2745 Haun.

193 2765 234 2800 in
262 2777 350 2801 eum
375 2765 525 2803 Aldina

286 2819 330 2872 2,
355 2826 406 2861 12
434 2824 656 2874 triumphos
675 2822 803 2864 Leidss
822 2826 982 2864 Vindob.
1065 2828 1116 2864 13
1144 2826 1298 2876 ingredi
1318 2829 1473 2874 portam
1497 2824 1652 2863 Caesar.
1669 2825 1724 2863 ed.
