2002 3342
272 210 449 241 CXCVIII
608 196 671 230 DE
700 196 1006 232 SCRIPTORVM
1032 196 1155 230 VITIS
1182 197 1242 230 ET
1271 195 1479 231 SCRIPTIS

274 309 402 346 inuito
431 313 559 345 autem
588 303 760 360 animo1)
788 319 875 345 eum
904 308 1119 345 orationem
1148 308 1355 358 scripsisse
1383 319 1428 345 ex
1457 320 1501 346 eo
1529 308 1674 359 elucet,
1704 307 1807 358 quod

274 373 420 412 Romae
449 374 547 411 sama
575 372 732 423 uulgata
761 379 844 410 erat
870 372 1013 410 multos
1035 372 1197 423 nobiles,
1224 372 1327 423 quod
1349 374 1516 423 quisque
1538 376 1739 425 potuisset,
1768 376 1806 412 in

274 438 379 477 illam
417 439 632 476 orationem
669 437 882 476 contulisse
919 437 1046 490 (Brut.
1068 434 1245 489 26,99).
1299 437 1371 475 hoc
1407 444 1535 476 autem
1576 452 1663 478 cum
1704 445 1805 478 statu

275 504 475 542 Plutarchi
489 504 593 541 uitae
609 503 755 553 optime
771 504 994 541 concinunt.
1023 502 1158 541 audire
1175 503 1278 540 enim
1294 502 1405 541 nobis
1421 503 1603 542 uidemur
1617 517 1718 554 eum,
1739 506 1807 555 qui

271 569 541 607 *Gracchorum
569 580 700 606 mores
721 573 758 606 et
784 569 973 606 uirtutem
1000 569 1169 606 maximo
1197 580 1316 618 opere
1337 567 1554 607 admiretur
1575 581 1807 620 summoque

273 646 405 672 amore
427 633 697 684 amplectatur,
719 632 823 671 idem
838 634 955 672 etiam
971 645 1085 684 quam
1104 634 1215 671 initio
1237 634 1407 683 ingressi
1429 639 1520 672 sunt
1539 635 1656 684 uiam,
1677 633 1808 672 laudet

272 704 389 750 atque
418 698 646 750 comprobet
673 695 777 751 (Tib.
800 695 858 752 9),
886 704 969 737 tum
996 711 1092 736 uero
1120 710 1138 735 a
1168 703 1273 736 recta
1300 685 1362 736 Eia
1393 698 1597 737 deerrasse
1624 712 1713 738 cum
1741 698 1807 737 do-

273 764 355 802 lore
383 763 550 815 quodam
584 765 703 802 animi
737 765 881 802 sentiat
913 763 980 801 sed
1014 762 1168 814 culpam
1202 769 1353 802 auertat
1385 765 1528 814 partim
1556 766 1595 802 in
1624 764 1807 803 aduersa-

273 830 423 867 riorum
445 829 670 880 superbiam
693 830 835 880 partim
856 830 896 866 in
919 829 1057 878 socios,
1080 829 1146 879 qui
1162 828 1274 867 malis
1289 828 1464 867 consiliis
1486 841 1552 867 eos
1572 829 1808 880 pellexerint

273 891 372 947 (uid.
394 894 477 933 Tib.
500 892 537 945 8,
559 890 707 948 3—4)‚
734 895 773 932 in
802 895 940 944 primis
968 893 1037 931 Gai
1064 895 1102 931 in
1134 894 1317 932 Fuluium
1338 894 1533 945 Flaccum,
1561 907 1675 945 quem
1700 907 1804 933 acer-

271 959 436 998 bissimo
464 961 682 997 insectatur
708 958 795 997 odio
823 955 923 1011 (Gai.
949 957 1014 1009 10,
1037 957 1072 998 2.
1104 957 1169 1009 14,
1191 957 1227 998 3.
1253 956 1338 1011 16).
1385 961 1510 1011 atqui,
1544 972 1633 998 cum
1670 959 1805 998 eadem

271 1037 384 1063 mens
417 1037 504 1063 raro
540 1024 708 1063 diuersis
740 1023 899 1063 iudiciis
932 1025 1151 1076 interrupta
1185 1037 1256 1076 per
1290 1037 1426 1063 omnes
1461 1025 1600 1064 harum
1636 1026 1807 1064 uitarum

272 1096 404 1141 partes
432 1091 613 1141 spiraret,
639 1102 761 1128 unum
789 1090 1038 1140 potissimum
1067 1089 1206 1128 ducem
1233 1090 1485 1129 Plutarchum
1513 1096 1691 1129 secutum
1720 1103 1807 1129 esse

272 1155 402 1193 uideri
437 1168 565 1206 neque
602 1160 732 1193 tamen
769 1167 1005 1206 quemquam
1043 1168 1088 1193 ex
1125 1161 1348 1194 ceterorum
1389 1161 1591 1194 auctorum
1632 1168 1808 1205 numero,

271 1233 370 1271 quos
404 1232 475 1271 per
512 1233 576 1258 eas
613 1219 802 1270 laudauit,
841 1219 888 1258 ad
924 1221 1103 1271 primarii
1141 1220 1251 1259 ducis
1284 1227 1414 1271 partes
1448 1221 1680 1259 obtinendas
1713 1222 1808 1259 satis

272 1291 405 1337 aptum
434 1286 555 1323 fuisse
583 1286 622 1323 in
658 1285 757 1323 libro
791 1290 924 1324 nostro
954 1285 999 1324 de
1026 1285 1125 1324 Plut.
1148 1286 1240 1324 font.
1262 1299 1297 1336 p.
1320 1283 1525 1324 93—100
1551 1285 1807 1325 ostendimus.

269 1352 402 1402 itaque
431 1363 519 1389 cum
548 1350 586 1389 C.
609 1351 781 1389 Fannius
809 1352 938 1389 animo
971 1352 1134 1389 minime
1167 1352 1352 1389 inimicus
1385 1352 1424 1389 in
1453 1351 1649 1390 Gracchos
1683 1356 1721 1389 et
1748 1364 1808 1389 se-

271 1416 444 1455 cundum
479 1416 653 1455 Sallustii
687 1417 974 1466 testimonium,
1007 1417 1075 1467 qui
1107 1416 1211 1455 idem
1246 1417 1326 1455 sere
1361 1416 1550 1455 iudicium
1585 1416 1688 1468 quod
1719 1416 1808 1455 Plu-

271 1482 433 1521 tarchus
462 1481 507 1520 de
531 1481 797 1520 Gracchorum
826 1481 1002 1520 consiliis
1027 1481 1163 1520 habuit
1189 1478 1383 1535 (Iugurth.
1405 1479 1474 1533 31,
1496 1480 1531 1520 7.
1558 1480 1627 1532 42,
1652 1478 1808 1535 lsqq.),

272 1548 312 1585 in
335 1547 541 1586 annalibus
563 1549 645 1586 suis
666 1547 846 1585 ueritatis
868 1546 1068 1585 studiosus
1087 1547 1217 1597 suerit,
1238 1548 1410 1586 narratio
1432 1554 1562 1586 autem
1577 1547 1808 1586 Plutarchea

272 1625 319 1650 ex
346 1614 459 1651 testis
487 1612 630 1651 oculati
658 1614 883 1651 narratione
910 1613 1105 1663 originem
1134 1612 1278 1651 ducere
1308 1612 1508 1663 uideatur,
1542 1612 1677 1664 quidni
1705 1612 1807 1664 apud

272 1677 527 1716 Plutarchum
553 1683 595 1716 ut
622 1679 662 1716 in
689 1679 784 1716 uitis
809 1677 944 1728 Agidis
972 1683 1011 1717 et
1038 1677 1261 1717 Cleomenis
1287 1678 1566 1728 phylarchum,
1596 1679 1653 1716 sic
1679 1679 1719 1716 in
1746 1678 1808 1716 his

272 1743 476 1794 Fannium,
504 1745 571 1794 qui
598 1744 829 1782 nomInatim
857 1745 998 1782 citatus
1020 1749 1077 1782 est
1099 1744 1139 1782 in
1160 1745 1240 1782 uita
1261 1743 1344 1781 Tib.
1362 1756 1392 1781 c.
1407 1741 1448 1794 4,
1473 1743 1581 1794 loqui
1603 1742 1809 1782 dicamus?

271 1808 424 1847 accedit
445 1808 548 1859 quod
569 1810 609 1846 in
630 1808 739 1846 hisce
760 1809 1007 1859 potissimum
1030 1808 1172 1847 multas
1194 1810 1392 1847 orationes
1411 1810 1580 1847 insertas
1596 1807 1700 1861 (Tib.
1717 1807 1754 1858 9,
1769 1806 1808 1846 4.

275 1873 340 1913 15.
370 1874 450 1912 Gai.
472 1872 509 1923 2,
531 1872 569 1912 4.
598 1872 637 1924 3,
658 1871 703 1927 3)
741 1875 984 1923 inuenimus,
1020 1874 1124 1912 idern
1160 1886 1256 1925 uero
1294 1875 1411 1912 eliam
1442 1874 1553 1912 illum
1586 1874 1727 1912 fecisse
1761 1887 1806 1913 ex

273 1939 462 1978 Cicerone
491 1935 557 1992 (fr.
580 1937 626 1992 5)
654 1941 930 1991 comperimus.
976 1952 1103 1990 neque
1138 1941 1241 1978 enim
1275 1945 1432 1990 praeter
1464 1939 1656 1978 Fannium
1689 1941 1806 1978 etiam

272 2006 377 2056 ipsas
405 2005 554 2043 Tiberii
582 2010 620 2044 et
647 2004 717 2043 Gai
744 2004 1009 2044 Gracchorum
1043 2006 1240 2044 orationes
1266 2004 1521 2043 Plutarchum
1555 2010 1642 2043 ante
1675 2004 1808 2043 oeulos

272 2070 456 2109 hahuisse
485 2070 675 2109 credibile
703 2076 774 2109 est.
815 2069 937 2122 quid?
977 2070 1080 2122 quod
1107 2071 1191 2109 eius
1222 2071 1346 2121 ipsius
1379 2071 1586 2120 orationis,
1618 2083 1735 2121 quam
1767 2071 1808 2108 in

272 2136 412 2174 Fannii
446 2135 651 2174 annalibus
684 2137 902 2187 expositam
937 2148 1022 2174 esse
1056 2135 1193 2174 Cicero
1227 2136 1551 2174 commemorauit
1581 2132 1646 2188 (fr.
1668 2131 1733 2188 5),
1764 2135 1807 2181 Q.

273 2201 418 2240 Metelli
452 2207 586 2240 contra
614 2201 671 2239 Ti.
694 2200 913 2240 Gracchum
948 2207 1064 2252 caput
1097 2202 1213 2239 etiam
1246 2200 1480 2239 Plutarchus
1514 2196 1565 2252 (c.
1590 2198 1655 2251 14,
1676 2198 1722 2253 2)
1748 2202 1808 2239 in-

273 2263 455 2319 seruit.2)
493 2279 621 2318 neque
643 2279 720 2317 eas,
741 2272 783 2306 ut
805 2268 1070 2306 narrationem
1093 2279 1202 2305 suam
1224 2266 1402 2305 artificiis
1423 2265 1616 2304 luminum
1637 2272 1808 2316 ornaret,

273 2393 305 2416 a.
330 2385 407 2416 133.
430 2386 508 2423 621,
536 2394 646 2425 quem
673 2382 786 2416 etiam
812 2381 909 2416 inter
935 2383 1103 2416 auctores
1129 2381 1256 2426 legum
1283 2380 1431 2415 Tiberio
1452 2379 1566 2414 fuisse
1586 2379 1807 2414 Plutarchus

273 2435 368 2480 (Tib.
392 2435 451 2469 Gr.
475 2439 505 2477 9,
529 2438 561 2480 1)
588 2437 625 2470 et
652 2434 779 2469 Cicero
807 2435 922 2479 (acad.
945 2439 977 2477 2,
999 2440 1030 2477 5,
1053 2437 1109 2479 13)
1136 2435 1301 2469 tradunt.

372 2490 404 2533 1)
430 2488 527 2522 Nam
548 2500 631 2523 cum
652 2489 780 2524 consul
801 2491 908 2531 esset,
931 2500 1013 2523 raro
1033 2490 1221 2533 potestate
1242 2499 1319 2529 sua,
1340 2487 1512 2531 quamuis
1532 2487 1690 2522 infestus
1712 2491 1809 2522 esset

275 2543 399 2577 animo
427 2544 575 2577 senatus
601 2543 639 2577 in
660 2542 795 2576 Gaium
815 2542 1034 2583 Gracchum,
1061 2542 1099 2575 in
1119 2541 1227 2575 illum
1246 2553 1334 2575 usus
1355 2542 1421 2582 est,
1450 2543 1562 2584 atque
1583 2551 1664 2574 cum
1686 2541 1809 2576 edicto

274 2596 394 2631 socios
421 2607 465 2630 ex
491 2596 581 2630 urbe
607 2596 782 2640 pelleret,
817 2596 954 2630 diserte
987 2595 1135 2629 addidit
1168 2595 1388 2629 Plutarchus
1415 2596 1458 2639 (c.
1482 2598 1536 2635 12,
1559 2596 1591 2638 1)
1618 2594 1808 2639 inpulsum

274 2662 360 2684 eum
393 2660 472 2684 esse
505 2660 526 2683 a
557 2651 706 2683 senatu:
745 2648 852 2695 ὄχλου
885 2650 924 2684 δὲ
956 2647 1199 2693 πανταχόθεν
1231 2649 1328 2694 αὐτῷ
1357 2645 1549 2687 συνιόντος
1582 2647 1758 2683 ἔπεισεν
1785 2648 1807 2692 ἡ

275 2702 387 2749 βουλὴ
414 2701 478 2737 τὸν
504 2702 650 2738 ὕπατον
678 2703 842 2737 Φάννιον
869 2702 1038 2748 ἐκβαλεῖν
1068 2703 1154 2742 τοὺς
1186 2701 1317 2741 ἄλλους
1347 2701 1443 2745 πλὴν
1463 2699 1653 2744 Ῥωμαίων
1686 2701 1805 2736 ἅπαν-

274 2771 351 2797 τας.
373 2778 416 2782 -
437 2756 608 2791 Forsitan
635 2756 677 2790 fr.
702 2761 717 2790 1
740 2756 904 2790 Fannius
931 2755 1221 2790 inconstantiam
1248 2765 1353 2789 suam
1379 2754 1459 2798 ipse
1479 2754 1518 2788 in
1538 2755 1727 2799 prooemio
1748 2766 1809 2789 ex-

275 2810 476 2856 plieauerit
502 2812 539 2844 et
565 2809 785 2844 defenderit.

372 2866 406 2908 2)
435 2863 485 2898 Cf.
503 2863 614 2899 Cicer.
630 2862 732 2897 Brut.
749 2867 804 2905 44,
822 2866 905 2897 164:
938 2863 1064 2898 Malta
1084 2863 1124 2896 in
1143 2863 1209 2896 illa
1229 2862 1392 2896 oratione
1412 2860 1467 2907 [Q.
1486 2860 1633 2895 Seruilii
1654 2860 1809 2906 Caepio-
