2002 3342
288 183 347 219 111.
377 182 474 224 QVA
500 182 608 216 FIDE
633 182 732 216 HAE
759 181 1017 223 RELIQVIAE
1045 182 1332 217 DIGNANDAE
1361 184 1469 218 SINT
1550 199 1641 227 va

110 300 220 333 sexto
248 294 500 332 historiarum
529 292 773 342 attribuerat,
801 293 967 331 alterum
991 294 1186 332 incertum
1208 296 1283 345 cui,
1311 301 1348 333 at
1374 308 1468 334 uero
1494 295 1643 334 Nonius

110 359 221 398 illum
249 356 313 411 (fr.
339 354 441 410 126)
469 359 617 408 quinto,
645 357 749 396 hunc
776 353 843 410 (fr.
868 355 970 410 127)
998 358 1119 397 semel
1148 361 1286 410 primo,
1318 360 1465 411 aliquot
1493 362 1644 411 paginis

110 431 201 476 post
222 425 316 462 item
339 423 434 461 nulli
456 422 590 473 (Hertz
613 423 634 461 l.
657 435 685 461 S.
713 435 748 473 p.
774 420 855 462 109
872 420 995 474 sqq.*);
1024 428 1226 474 praeterea
1256 424 1299 461 fr.
1325 422 1405 462 128
1435 424 1523 462 libri
1546 426 1644 463 sexti

111 502 157 528 ex
186 489 308 528 Gellio
341 493 541 526 mutuatus
576 493 651 538 est,
688 488 760 525 hoc
795 493 918 540 recte3
960 487 1005 526 dc
1034 488 1078 526 sr.
1111 486 1192 526 1223
1226 489 1402 527 eiusdem
1432 489 1521 527 libri
1548 490 1645 527 nibil

110 555 377 605 comperimus
416 565 489 591 nec
523 552 734 604 quidquam
771 553 815 591 de
851 553 895 591 fr.
924 551 949 591 6
983 552 1005 590 l.
1035 553 1066 603 1,
1094 553 1139 590 fr.
1167 550 1192 591 9
1227 553 1248 592 l.
1271 554 1319 604 II,
1348 555 1391 592 fr.
1422 553 1505 593 130
1538 554 1560 593 1.
1583 553 1645 604 IX,

113 620 157 657 fr.
182 616 261 657 131
292 617 314 656 l.
338 617 476 668 XXIII,
510 617 794 656 dubitationem
821 624 952 656 tamen
981 624 1019 656 et
1045 619 1121 669 ipsi
1148 620 1302 657 numeri
1331 632 1523 671 nusquam
1553 620 1645 658 alibi

111 685 221 722 citati
250 684 315 736 (fr.
342 680 435 721 130.
460 679 562 736 132)
591 689 749 733 praeter
771 688 925 722 sextum
946 683 1091 721 librum
1111 690 1271 722 mouent
1293 690 1331 722 et
1352 686 1555 736 inscriptio
1578 683 1644 724 ‘ab

112 750 214 788 urbe
242 746 421 788 condita’
452 743 604 801 (f1·.3)‚
633 748 801 799 denique
830 748 1042 787 diuersitas
1068 750 1231 799 originis
1260 750 1304 788 fr.
1327 748 1364 788 3.
1387 748 1470 789 (1.9
1500 764 1517 789 a
1547 752 1645 801 frag-

110 815 255 852 mentis
283 813 370 851 libr.
391 812 441 851 lll
467 818 505 851 et
525 813 572 851 lv
599 815 715 851 etiam
744 826 788 852 eo
817 813 1046 852 discrimine
1074 815 1329 865 significatur,
1360 816 1463 866 quod
1490 816 1554 854 illa
1581 816 1646 855 ah-

109 879 251 918 solutis
267 880 474 917 sententiis
490 884 680 929 constant,
700 879 797 917 haec
812 880 1043 930 saepissime
1062 881 1180 918 etiam
1196 882 1376 920 concisis.
1411 881 1505 920 haec
1526 883 1647 932 igitur

111 943 291 995 exempla
319 943 562 994 discernant,
602 943 668 982 ubi
697 944 885 983 suadente
913 950 1142 995 argumento
1169 947 1325 984 numeri
1350 948 1438 984 ueri
1466 947 1648 985 similiter

112 1011 258 1049 mutari
284 1011 438 1061 possint
465 1006 529 1063 (fr.
551 1008 589 1049 3.
611 1006 668 1063 6),
694 1009 763 1049 ubi
790 1022 838 1048 ne
867 1011 922 1048 sic
950 1009 1121 1060 quidem.
1168 1009 1308 1049 deinde
1330 1011 1556 1050 Priscianus
1578 1012 1646 1050 Ca-

110 1077 215 1114 tonis
243 1077 439 1126 originum
465 1076 729 1126 fragmentum
751 1073 805 1113 58
834 1077 874 1113 in
896 1075 994 1113 libro
1016 1076 1138 1113 instit.
1165 1081 1303 1126 quarto
1326 1071 1382 1129 (p.
1406 1074 1488 1114 129
1510 1073 1572 1128 H.)
1601 1090 1647 1115 ex

112 1139 300 1191 secundo,
326 1141 366 1178 in
395 1140 494 1178 libro
517 1140 580 1178 Vll
609 1135 664 1193 (p.
687 1137 769 1179 337
794 1137 858 1193 H.)
887 1152 933 1179 ex
958 1141 1087 1192 primo
1115 1140 1366 1192 desumptum
1389 1154 1475 1180 esse
1499 1139 1648 1195 dicitl),

112 1205 287 1256 aliasque
326 1205 610 1257 discrepantias
646 1205 766 1244 habes
804 1205 1006 1244 adnotatas
1042 1207 1082 1244 in
1113 1208 1396 1245 commentario
1427 1209 1565 1246 critico
1602 1208 1648 1246 ad

113 1270 180 1309 Cn.
204 1270 318 1309 Gellii
345 1271 391 1309 fr.
413 1268 468 1310 26
497 1266 622 1324 (inter
649 1270 871 1310 Charisium
900 1276 938 1310 et
964 1267 1231 1325 Priscianum)
1265 1277 1303 1310 et.
1336 1272 1382 1311 ad
1417 1272 1496 1311 Cat.
1524 1274 1570 1311 fr.
1592 1271 1648 1312 2-1

113 1331 239 1389 (inter
265 1335 425 1374 Festum
454 1341 491 1375 et
517 1333 744 1388 Donatum),
778 1337 822 1375 fr.
845 1334 899 1375 78
929 1333 1051 1390 (inter
1078 1336 1236 1375 Festum
1265 1343 1303 1376 et
1330 1334 1546 1392 Seruium).

202 1400 397 1452 Denique,
436 1407 478 1440 ut
512 1401 640 1440 studio
678 1401 935 1440 abbreuiandi
970 1401 1147 1452 exempla
1180 1414 1307 1453 usque
1344 1403 1390 1442 ad
1426 1405 1649 1442 necessaria

113 1465 236 1505 uerba
273 1472 424 1505 resecta
461 1479 547 1505 esse
584 1468 776 1518 omittam,
815 1466 919 1505 haud
956 1479 1043 1505 raro
1080 1479 1148 1506 seu
1184 1469 1361 1519 ipsorum
1398 1470 1649 1520 antiquorum

114 1531 354 1581 scriptorum
383 1543 452 1570 seu
479 1530 730 1570 librariorum
758 1532 1006 1583 neglegentia
1032 1539 1071 1571 et
1097 1532 1255 1572 leuitate
1284 1535 1400 1572 etiam
1434 1536 1517 1585 ipsa
1548 1535 1649 1586 frag-

114 1601 338 1635 mentorum
364 1596 510 1635 uerba
536 1602 684 1635 mutata
712 1602 819 1648 sunt,
856 1599 908 1636 ita
941 1603 985 1636 ut
1011 1597 1158 1648 aliquot
1184 1595 1322 1653 locis2)
1351 1599 1452 1650 apud
1479 1599 1649 1639 Nonium

113 1660 178 1699 uel
211 1673 255 1699 ea
281 1673 375 1712 uox,
403 1667 564 1712 propter
589 1675 705 1713 quam
734 1662 954 1713 exemplum
983 1662 1078 1701 illud
1106 1662 1152 1701 ab
1180 1665 1264 1702 eius
1292 1670 1451 1703 auctore
1478 1665 1650 1704 adlatum

113 1731 210 1777 erat,
237 1725 311 1764 alia
337 1738 436 1765 uoce
464 1733 754 1776 remoueretur,
785 1728 832 1767 cf.
860 1727 992 1766 Claud.
1020 1728 1065 1766 fr.
1088 1725 1155 1767 35.
1196 1728 1350 1768 Sisenn.
1373 1727 1440 1768 63.
1465 1727 1529 1768 ΤΟ.
1554 1728 1649 1769 119.

118 1788 214 1830 122.
245 1788 327 1830 126
355 1789 449 1842 (quo
482 1791 566 1830 loco
598 1798 757 1843 praeter
789 1792 930 1832 lemma
964 1795 1081 1832 etiam
1115 1793 1188 1832 alia
1222 1794 1411 1833 Sisennae
1444 1795 1565 1834 uerba
1592 1799 1649 1835 in-

213 1936 245 1978 1)
272 1935 372 1969 Infra
398 1935 436 1969 in
462 1935 629 1980 reliquiis
657 1936 896 1981 disponendis
923 1937 992 1972 1100
1019 1937 1062 1972 fr.
1089 1938 1128 1972 in
1160 1937 1297 1972 librum
1324 1939 1526 1973 secundum
1552 1951 1650 1975 rece-

113 1988 248 2032 pimus.
289 1999 375 2022 nam
403 1990 440 2023 et
466 1991 726 2033 argumentum
753 1990 886 2025 melius
918 1990 957 2025 in
987 2001 1071 2025 eum
1098 1991 1257 2035 quadrat
1282 2004 1392 2036 quam
1426 1992 1462 2026 in
1489 1993 1650 2038 primum

114 2043 154 2075 et
175 2041 252 2075 ueri
274 2041 432 2076 similius
454 2044 510 2076 est
527 2042 755 2077 priscianum
776 2043 980 2088 posteriore
1000 2044 1081 2078 1000
1102 2055 1243 2079 errasse
1264 2057 1375 2089 qnam
1395 2046 1528 2090 priore.
1555 2046 1649 2082 libro

116 2094 217 2128 enim
242 2095 292 2129 IV
318 2095 391 2129 tria
416 2095 576 2130 frustula
605 2095 811 2130 Catoniana
837 2097 1034 2132 coniuncta
1059 2098 1217 2142 protulit
1242 2098 1311 2133 sic:
1340 2099 1428 2134 Cato
1460 2100 1651 2136 Censorius

115 2149 158 2183 in
177 2149 202 2182 Ι
219 2148 421 2193 originum:
440 2169 484 2174 —-
505 2151 545 2183 in
565 2151 628 2184 II:
649 2171 693 2175 —
713 2151 863 2185 ibidem:
891 2172 946 2185 —.
997 2151 1202 2195 eademque
1229 2152 1381 2187 iterauit
1406 2152 1444 2186 in
1470 2153 1564 2188 libro
1585 2154 1651 2188 VII

118 2200 187 2235 sic:
229 2201 317 2236 Cato
337 2202 378 2236 in
398 2203 426 2236 I
440 2202 641 2247 oriyz'num:
668 2224 711 2228 —
739 2204 833 2239 idem
857 2205 896 2237 in
923 2205 1059 2239 eodem:
1086 2226 1128 2229 —
1157 2206 1250 2240 idem
1277 2207 1317 2240 in
1344 2207 1480 2241 eodem:
1505 2228 1551 2233 —
1578 2220 1650 2252 quo

117 2254 197 2289 1000
226 2254 348 2297 uides,
386 2266 497 2299 quam
529 2255 640 2290 facile
674 2267 795 2291 errare
826 2258 989 2301 potuerit
1014 2258 1052 2292 in
1079 2258 1274 2294 scribendo
1303 2259 1526 2303 Priscianus,
1567 2273 1649 2295 cum

116 2307 240 2352 priore
267 2319 461 2342 numerum
487 2308 520 2342 II
545 2308 640 2344 falso
666 2310 927 2355 interpositum
954 2322 1033 2346 esse
1058 2312 1122 2345 uix
1148 2311 1197 2346 sit
1224 2312 1411 2347 credibile.

215 2361 248 2402 2)
275 2361 386 2395 Haud
413 2361 542 2406 ignoro
569 2362 668 2397 idem
695 2363 810 2398 etiam
832 2364 914 2398 aliis
935 2364 1027 2399 locis
1049 2365 1240 2405 accidisse,
1269 2366 1332 2399 sed
1353 2378 1451 2400 nunc
1471 2367 1507 2400 in
1529 2378 1649 2402 exem-

117 2413 190 2458 plis
223 2413 406 2459 eligendis
440 2415 594 2449 consilio
627 2427 686 2451 me
717 2417 816 2451 intra
848 2418 958 2452 huius
990 2418 1190 2452 uoluminis
1216 2419 1306 2453 fines
1333 2420 1510 2454 continui.
1539 2442 1581 2446 —
1608 2422 1650 2455 In

120 2466 238 2502 Cassii
264 2467 306 2502 fr.
328 2471 372 2502 35
400 2468 459 2512 (cf.
487 2469 586 2512 adn.)
614 2470 714 2514 apud
740 2470 834 2505 Non.
862 2483 897 2516 p.
919 2475 987 2505 :014
1014 2472 1198 2516 scriptura
1222 2474 1435 2507 humanitus
1466 2475 1650 2508 seruanda

120 2522 186 2563 est,
215 2520 287 2554 etsi
314 2532 378 2556 seu
404 2521 547 2556 Nonius
575 2534 639 2557 sen
665 2523 838 2559 librarius
866 2525 903 2559 id
931 2535 1010 2559 esse
1036 2525 1248 2560 testimonio
1273 2525 1394 2560 uoluit
1419 2527 1560 2561 formae
1585 2529 1650 2562 hu-

117 2575 286 2609 maniter.
338 2575 507 2619 exempla
535 2576 632 2610 enim
659 2576 799 2612 formae
825 2579 1033 2613 humaniter
1059 2580 1095 2613 et
1120 2580 1334 2614 humanitus
1367 2580 1433 2614 sub
1462 2591 1534 2614 uno
1561 2581 1650 2614 lem—

118 2627 220 2660 mate
246 2627 399 2662 confusa
426 2631 520 2663 sunt.
570 2629 740 2665 Ribbeck
767 2631 915 2675 (Comic.
943 2631 1028 2665 lat.²
1052 2643 1088 2676 p.
1111 2636 1177 2666 105
1198 2644 1232 2667 n.
1256 2635 1335 2676 165)
1362 2633 1497 2668 lemma
1524 2636 1651 2669 huma-

118 2681 214 2715 niter
234 2680 273 2714 in
292 2681 505 2717 humanitus
524 2684 672 2717 mutans
692 2683 805 2718 etiam
826 2684 864 2718 in
884 2695 926 2719 eo
947 2684 1108 2729 Turpilii
1127 2685 1300 2720 Pedionis
1320 2686 1530 2731 fragmento
1551 2688 1649 2730 quod

119 2731 298 2768 Cassiano
320 2734 556 2769 coniunctum
578 2739 641 2778 est,
668 2737 706 2770 in
727 2748 799 2781 quo
820 2749 916 2772 nunc
938 2740 991 2772 est
1008 2739 1227 2781 humaniter,
1255 2740 1407 2784 corrigit
1426 2741 1649 2775 humcmitus.

119 2796 189 2820 nec
208 2786 247 2820 in
269 2786 447 2822 Sisennae
467 2788 510 2822 fr.
533 2793 587 2831 53,
612 2790 680 2824 etsi
701 2790 835 2825 lemma
856 2791 1072 2835 postulabat
1090 2794 1235 2835 fluuios,
1263 2804 1372 2827 ausus
1395 2805 1474 2827 sum
1495 2796 1648 2828 mutare.

117 2838 166 2873 cf.
194 2843 386 2876 comment.
414 2853 445 2876 a.
467 2842 502 2875 h.
523 2842 545 2876 1.

193 2905 272 2931 Hist.
286 2906 370 2932 Rom.
390 2908 443 2932 rel.
458 2908 482 2940 1,
502 2908 545 2933 ed.
566 2909 683 2934 Peter.
713 2910 768 2935 Ed.
784 2911 834 2935 alt.
1334 2905 1366 2939 V
