2002 3342
307 189 401 220 CXII
639 173 701 208 DE
729 172 1035 208 SCRIPTORVM
1063 173 1186 208 VITIS
1213 174 1273 208 ΕΤ
1301 175 1506 210 SCRIPTIS

306 286 480 326 minibus
513 286 693 337 sequitur
719 297 846 336 neque
875 284 1237 323 Hermundulorum
1270 298 1415 325 nomen
1448 288 1532 326 siue
1567 300 1586 326 a
1621 287 1742 327 Gellio
1783 290 1841 327 in-

304 358 455 391 sertum
485 347 561 404 (sic
589 351 812 389 Lachmann
841 349 894 388 De
923 350 1016 388 font.
1039 350 1117 388 L.I
1144 363 1179 401 p.
1201 346 1276 405 30)
1305 353 1389 390 siue
1422 351 1469 390 ab
1497 352 1570 391 alio
1599 353 1727 404 aliquo
1753 360 1843 405 post

306 431 338 456 a.
359 415 398 456 4.
422 413 503 455 757
533 416 580 455 ad
608 416 733 454 Cincii
760 420 928 454 aetatem
956 415 1218 454 definiendam
1247 415 1394 467 aliquid
1420 416 1564 456 ualere.
1578 414 1610 472 l)

396 482 509 521 Nunc
526 482 656 533 quiuis
678 480 866 519 concedet
886 482 1004 531 primi
1019 480 1095 519 loci
1111 481 1265 519 Liuiani
1282 476 1340 534 (7,
1355 478 1401 536 3)
1417 483 1547 533 ipsum
1568 490 1842 534 argumentum

305 560 395 586 esse
422 547 513 585 libri
540 547 751 598 antiquarii
776 545 840 584 uel
868 547 1125 597 grammatici,
1152 558 1229 584 non
1257 547 1467 598 annalium,
1495 554 1578 586 tum
1599 550 1758 587 omnino
1780 549 1845 588 ab·

307 613 471 652 horrere
499 624 519 650 a
546 611 613 650 tali
640 616 986 650 monumentorum
1008 611 1228 650 Tuscorum
1254 610 1476 652 laudatione
1502 619 1659 652 ueteres
1686 614 1846 653 histori-

304 691 391 729 cos,
425 678 492 728 qui
526 689 613 715 cum
643 689 739 727 quae
768 682 856 715 ante
890 676 1010 727 pedes
1046 681 1178 715 essent
1211 682 1464 716 monumenta
1498 683 1536 716 et
1565 679 1844 730 inscriptiones

298 742 579 794 neglegerent,
607 743 695 793 quis
728 743 865 780 aetatis
897 741 1178 780 Hannibalicae
1213 743 1447 792 scriptorem
1473 745 1764 794 peruestigasse
1799 756 1843 783 ea

304 807 442 847 credat
468 807 516 846 ad
542 819 606 846 res
626 807 820 845 Romanas
842 805 1138 845 inlustrandas‘?
1167 805 1411 857 ‘diligentem
1431 820 1526 846 uero
1547 808 1683 847 talium
1704 822 1842 848 monu-

306 871 546 912 mentorum'
570 872 749 911 Cincium
778 873 1039 911 recentiorem
1069 872 1189 910 fuisse
1211 877 1339 923 atque,
1365 878 1409 911 ut
1429 874 1490 911 sui
1510 873 1644 924 populi
1664 875 1843 913 instituta

306 951 517 989 moresque
540 939 762 976 accuratius
782 938 1040 989 perspiceret,
1068 938 1185 976 etiam
1208 937 1370 976 aliarum
1394 939 1599 977 ciuitatum
1619 951 1683 977 res
1705 951 1846 990 cogno-

305 1005 415 1043 uisse
433 1016 479 1042 ex
498 1005 582 1042 eius
602 1003 833 1054 fragmentis
854 1003 1047 1042 uidemus.
1081 1008 1124 1041 ut
1143 1002 1245 1054 apud
1263 1002 1423 1042 Festum
1443 1015 1471 1041 s.
1488 1016 1524 1042 u.
1540 1005 1696 1055 nuptias
1711 1017 1746 1056 p.
1763 1001 1847 1043 170

308 1064 375 1122 (fr.
399 1066 453 1108 25
476 1068 519 1107 H.
548 1066 604 1107 {23
627 1064 684 1120 F.)
714 1069 805 1107 citat
832 1068 957 1119 legem
984 1068 1295 1118 Praenestinam,
1322 1068 1425 1119 apud
1452 1068 1692 1108 Macrobium
1721 1068 1757 1121 1,
1781 1067 1847 1119 12,

305 1132 366 1173 30
388 1129 454 1187 (fr.
470 1131 497 1172 4
511 1133 555 1172 Η.
585 1131 610 1172 9
626 1130 685 1187 F.)
715 1134 835 1172 fastos
856 1134 1034 1172 Aricinos
1056 1134 1426 1184 Praenestinosque,
1454 1134 1555 1185 apud
1576 1134 1736 1174 Festum
1757 1148 1787 1174 s.
1808 1148 1846 1173 u.

307 1199 437 1238 subici
471 1212 507 1250 p.
536 1196 619 1238 347
657 1194 721 1252 (fr.
747 1196 800 1237 10
821 1199 865 1237 H.
903 1197 956 1237 14
976 1195 1036 1253 F.)
1080 1198 1126 1237 ad
1165 1199 1463 1237 Atheniensium
1502 1199 1566 1238 uel
1603 1200 1848 1239 Athamantis

306 1264 533 1316 exemplum
553 1270 753 1315 prouocat,
780 1264 1045 1303 Romanorum
1069 1266 1184 1302 etiam
1206 1265 1379 1303 carmina
1395 1264 1556 1303 Saliaria
1578 1271 1848 1316 perscrutatus

306 1335 370 1369 est
403 1326 538 1383 (Macr.
570 1326 785 1380 1‚12,12.
826 1330 872 1367 fr.
897 1328 917 1367 1
942 1329 985 1368 H.
1014 1327 1039 1367 6
1062 1326 1141 1382 Ε),
1183 1329 1351 1380 denique
1391 1342 1507 1381 quam
1548 1330 1706 1369 Cincius
1746 1330 1847 1382 apud

309 1395 466 1434 Liuium
501 1394 547 1433 de
581 1394 690 1433 clauo
723 1395 853 1433 annali
880 1396 1137 1445 sententiam,
1173 1394 1337 1433 eandem
1364 1395 1505 1434 Festus
1533 1391 1593 1448 (in
1620 1395 1730 1434 Pauli
1757 1397 1848 1447 epit.

309 1474 345 1513 p.
361 1456 436 1515 56)
458 1460 626 1512 profert:
660 1461 807 1499 Claztus
823 1463 985 1499 [mnale‘s
1006 1462 1294 1509 appellabctlur
1313 1463 1383 1508 qui
1399 1458 1605 1509 fiyebalur
1619 1463 1659 1499 2‘71
1673 1464 1849 1510 parieti-

306 1528 383 1565 bus
413 1538 628 1565 sacrarum
668 1527 829 1564 aedium
863 1538 939 1575 per
978 1537 1105 1564 annos
1143 1527 1341 1575 sinyulos,
1377 1532 1420 1564 ut
1442 1538 1524 1575 per
1556 1538 1623 1565 eos
1657 1539 1850 1565 numerus

308 1594 572 1640 colliqeretur
599 1603 798 1629 annorum
826 1586 925 1635 (uid.
947 1590 1164 1629 Mommsen
1192 1589 1373 1629 Chronol.
1399 1603 1435 1642 p.
1458 1588 1573 1643 177).
1807 1596 1822 1612 ’

399 1656 479 1695 Hac
506 1657 625 1707 igitur
652 1656 826 1695 locorum
848 1656 950 1695 Liuii
978 1657 1186 1695 coniuncta
1214 1657 1444 1695 auctoritate
1473 1656 1644 1695 efficitur
1670 1656 1849 1695 Cincium

309 1722 359 1761 ab
387 1735 431 1761 eo
459 1727 621 1773 propter
655 1721 896 1772 diligentiam
930 1726 1276 1760 monumentorum
1310 1721 1509 1761 laudatum
1548 1724 1849 1773 grammaticum

309 1788 433 1827 fuisse
444 1784 476 1836 2)
506 1787 753 1838 eundemque
777 1793 814 1826 et
838 1787 923 1825 aliis
945 1786 1041 1825 locis
1062 1786 1108 1825 ab
1131 1786 1268 1825 eodem
1291 1794 1325 1826 et
1348 1800 1368 1826 a
1389 1787 1516 1838 Fest0,
1539 1787 1661 1826 Gellio
1684 1787 1848 1839 aliisque

310 1854 576 1904 grammaticis
598 1854 910 1904 antiquariisque
933 1852 1150 1891 adhibitum
1172 1864 1271 1903 esse,
1292 1865 1419 1903 neque
1440 1852 1641 1904 habemus,
1662 1858 1705 1891 ut
1724 1853 1849 1892 ullum

312 1931 467 1969 eorum,
504 1931 602 1969 quos
641 1931 758 1969 supra
799 1919 1048 1968 enumeraui,
1088 1918 1263 1956 locorum
1302 1917 1394 1956 hinc
1431 1917 1697 1957 excludamus
1750 1931 1849 1970 quae

311 1983 472 2035 quidem
501 1985 696 2022 sententia
723 1996 828 2022 nunc
855 1985 972 2022 etiam
1001 1977 1257 2022 confirmatur
1284 1995 1328 2021 eo
1357 1995 1565 2033 consensu,
1593 1996 1668 2034 quo
1691 1982 1850 2022 Cincius

309 2049 377 2088 ille
411 2048 599 2088 Liuianus
632 2048 693 2087 bis
727 2050 844 2087 etiam
880 2048 1009 2087 locum
1043 2050 1290 2087 monumenti
1323 2050 1384 2087 sui
1424 2050 1578 2087 curiose
1617 2044 1849 2102 indicauit³)

309 2121 351 2153 et
376 2115 440 2153 hic
466 2114 573 2153 Festi
600 2115 893 2165 mystagogicon
920 2113 1041 2152 libros
1067 2115 1275 2152 minimum
1305 2112 1401 2152 duos
1430 2109 1705 2166 composuit.4)

410 2214 443 2255 1)
471 2211 507 2246 C.
529 2211 723 2256 Goettling
748 2211 787 2244 in
813 2212 1089 2256 programmate
1114 2210 1258 2245 Ienensi
1286 2221 1317 2244 a.
1342 2213 1430 2244 1856
1458 2221 1590 2244 nomen
1617 2209 1850 2244 Hermundu-

312 2276 437 2299 rorum
463 2264 593 2309 populi
622 2264 668 2297 ab
700 2264 781 2308 ipso
811 2264 935 2299 Cincio
963 2264 1091 2298 fictum
1123 2274 1203 2298 esse
1229 2263 1335 2306 lusit,
1370 2264 1427 2297 ‘ut
1457 2262 1547 2297 belli
1573 2274 1701 2305 causa,
1737 2274 1850 2306 quam

312 2317 473 2363 populus
495 2318 718 2361 quicumque
741 2317 786 2351 ab
808 2317 985 2352 Romanis
1007 2317 1079 2351 sibi
1100 2317 1305 2359 meruisset,
1327 2318 1517 2350 notaretur
1535 2316 1617 2361 ipso
1637 2314 1850 2364 uocabul9',

314 2371 338 2405 i.
359 2383 389 2405 e.
405 2369 544 2415 Ἑρμοῦ
572 2371 718 2411 δούλοις
745 2372 945 2414 (Mercurii
971 2370 1032 2404 uel
1057 2370 1214 2415 rapinae
1239 2372 1383 2413 seruis).

410 2427 444 2467 2)
472 2424 621 2458 Inuerso
649 2423 985 2468 argumentationis
1015 2424 1143 2458 ordine
1169 2423 1337 2457 Hertzius
1365 2426 1413 2468 (p.
1437 2427 1490 2457 19.
1513 2424 1583 2467 39),
1610 2433 1693 2457 cum
1718 2433 1793 2456 non
1818 2422 1850 2456 is

310 2480 412 2512 esset
438 2477 536 2511 Liuii
562 2488 658 2520 mos,
692 2479 734 2511 ut
759 2488 848 2512 suae
875 2477 1010 2512 aetatis
1043 2477 1309 2521 grammaticos
1342 2479 1380 2511 et
1409 2475 1640 2520 antiquarios
1666 2475 1850 2517 laudaret,

314 2531 435 2566 inuito
469 2530 592 2565 animo
626 2531 695 2565 hoc
723 2532 765 2565 fr.
786 2531 973 2565 Alimento
1006 2531 1140 2565 tribuit
1172 2530 1432 2575 persuasitque
1464 2529 1592 2563 multis
1619 2531 1660 2563 ut
1686 2528 1851 2564 Beckero

312 2584 442 2629 Antiq.
463 2585 478 2618 1
504 2596 538 2628 p.
561 2588 617 2627 42,
645 2584 877 2630 Schweglero
903 2585 919 2618 I
944 2597 978 2629 p.
1003 2588 1056 2626 79,
1084 2583 1179 2618 aliis.

412 2640 446 2678 3)
475 2641 505 2681 7,
527 2640 559 2680 3,
581 2642 618 2671 5:
656 2638 781 2672 desetro
809 2639 914 2673 lateri
945 2638 1047 2672 aedis
1072 2638 1176 2672 Iouis
1208 2637 1336 2681 optimi
1365 2637 1536 2677 maximi,
1570 2647 1614 2670 ea:
1646 2648 1717 2680 qua
1743 2639 1852 2680 parte

318 2692 514 2726 Illineruae
540 2691 710 2734 templum
734 2695 794 2726 est.
841 2695 872 2733 6,
894 2695 950 2734 29,
972 2694 1008 2725 9:
1036 2691 1131 2725 inter
1156 2690 1281 2725 cellam
1306 2690 1410 2725 Iouis
1435 2701 1478 2724 ac
1505 2690 1712 2724 Illineruae.

412 2747 446 2787 4)
473 2743 556 2778 Vid.
579 2743 651 2778 Cic.
673 2744 712 2778 in
733 2745 833 2779 Verr.
855 2749 887 2786 4,
909 2748 964 2786 59,
988 2748 1072 2779 132:
1105 2744 1135 2778 ii
1160 2744 1223 2787 qui
1247 2743 1401 2787 hospites
1433 2742 1482 2777 ad
1513 2753 1553 2776 ea
1581 2754 1671 2786 quae
1695 2742 1851 2777 uisenda

313 2802 402 2832 sunt
420 2798 533 2832 solent
547 2798 673 2832 ducere
693 2802 724 2832 et
744 2798 1018 2842 unumquidque
1037 2797 1229 2838 ostendere,
1250 2807 1337 2841 quos
1358 2796 1415 2830 illi
1436 2795 1694 2840 (Syracusani)
1717 2800 1851 2841 mysta-

312 2861 426 2896 9oyas
451 2855 594 2885 uocant.
