2002 3342
674 184 709 219 C.
730 184 934 218 LICINIVS
962 184 1126 219 MACEIt
1489 199 1670 229 CCCLXV

134 298 308 348 cogitare
336 309 412 335 non
440 302 561 347 roget.
602 295 669 334 sed
697 297 732 334 ei
760 295 850 346 loci,
885 296 1027 347 quibus
1061 297 1099 333 in
1129 297 1209 346 ipsa
1239 297 1486 334 enarratione
1514 297 1670 335 Aemilii

136 362 200 401 uel
243 362 382 401 Licinii
424 363 675 400 auctoritates
719 361 831 399 uobis
873 366 1102 411 occurrunt,
1147 367 1236 399 sunt
1274 361 1360 399 llice
1398 361 1486 399 libri
1523 359 1591 411 32,
1620 359 1672 399 9;

136 430 313 467 homines
349 429 491 476 quibus
527 430 724 476 impaclus
761 426 890 477 [lepus
923 426 1116 475 marinus]
1155 431 1211 464 est
1239 429 1395 475 piscem
1431 429 1560 473 oleam
1595 428 1673 465 hoc

128 496 264 543 primo
287 498 524 541 (tt-(sumente
547 494 785 539 ueneficium
810 494 855 530 id
874 493 1202 541 deprehenditur.
1243 497 1419 530 celerum
1441 495 1674 531 morizmlur

137 560 299 597 lotidem
320 561 358 597 in
382 559 521 596 diebus
541 562 635 606 quot
658 559 811 595 veliferi!
831 559 952 606 lepus,
974 559 1201 605 incertique
1222 560 1414 605 (emporis
1432 560 1673 604 ueneficium

139 625 183 662 id
207 636 291 662 esse
318 630 462 662 auctor
482 628 539 661 es(
562 623 745 661 Le‘ce'm'us
767 622 922 661 Macer.
960 628 997 660 et
1023 621 1137 672 paulo
1165 627 1253 672 post
1278 619 1347 659 14:
1376 622 1560 661 Licinius
1582 623 1676 661 ⁴lla-

139 702 208 728 cer
234 701 424 727 murenas
446 688 636 737 feminini
662 693 816 726 tantum
842 699 963 725 sexus
990 699 1074 725 esse
1102 689 1229 725 tradit
1256 692 1292 725 et
1314 690 1530 735 concipere
1550 700 1570 725 e
1590 700 1676 726 ser-

128 755 337 804 pentibus,
372 760 413 792 ut
446 755 623 791 daremus
650 754 716 799 (ob
745 754 789 791 id
810 754 926 791 sibilo
955 764 979 790 a
997 753 1277 801 piscatoribus
1305 757 1506 800 tamqnam
1536 765 1561 790 α
1587 765 1676 791 ser-

128 821 322 870 pentibus
342 821 510 858 euocari
530 824 567 857 el
588 820 712 868 capi),
728 824 765 857 el
776 820 1063 867 pinfflteseere,
1086 820 1239 856 iactato
1256 817 1360 866 fusti
1381 828 1459 855 non
1483 820 1676 867 e'nlere'mi,

139 886 298 923 easdem
326 884 463 933 serula
492 886 691 933 protinus.
732 895 899 934 quorum
932 882 1147 921 uerborum
1179 887 1408 933 argumenta
1436 888 1477 920 ut
1508 895 1673 933 prorsus

139 949 352 988 abhorrent
383 948 429 987 ab
463 949 686 999 annalibus,
720 950 772 986 ita
805 949 950 999 optime
978 947 1171 999 quadrant
1197 949 1237 986 in
1265 949 1439 985 carmina
1469 949 1675 998 scriptoris

140 1014 316 1065 alicuius,
343 1015 410 1065 qui
430 1013 671 1052 Nicandrum
693 1014 868 1052 imitatus
891 1008 1042 1067 (Quint,
1062 1014 1152 1051 inst.
1171 1009 1237 1063 10,
1256 1011 1291 1063 1,
1307 1010 1381 1066 56)
1405 1012 1494 1051 talia
1518 1025 1675 1063 compo-

139 1081 264 1118 suerit
285 1079 412 1131 qualia
436 1079 500 1118 ille
523 1080 686 1130 eiusque
708 1078 858 1117 similes
880 1084 1028 1130 poetae,
1055 1078 1120 1117 uel
1141 1077 1468 1129 Ornithogoniam
1489 1078 1553 1116 uel
1574 1077 1678 1116 Tbe-

140 1146 245 1183 riaca
270 1144 335 1184 uel
362 1144 694 1196 Alexipharmaca,
722 1144 769 1182 cf.
792 1143 905 1183 Ouid.
927 1145 1029 1183 trist.
1044 1141 1082 1195 4,
1101 1140 1167 1195 10,
1181 1141 1258 1182 43:

288 1223 418 1273 Saepe
441 1234 538 1261 suas
565 1225 752 1262 uolucres
778 1224 876 1271 leqe't
901 1223 1000 1261 mihi
1023 1222 1229 1271 grandior
1258 1232 1360 1260 aeuo

383 1300 566 1337 quaeque
592 1292 707 1327 necet
732 1299 908 1338 serpens,
935 1299 1040 1336 quae
1066 1289 1178 1326 iuuet
1203 1287 1343 1334 herba,
1372 1286 1526 1325 Macer.

139 1372 223 1405 tum
250 1378 320 1416 pro
347 1365 419 1404 bac
445 1366 640 1404 sententia
668 1365 815 1403 faciunt
835 1370 1064 1415 argumenta
1091 1363 1294 1414 librorum,
1320 1364 1361 1401 in
1383 1375 1550 1414 quorum
1571 1363 1673 1402 indi-

140 1431 251 1470 cibus
272 1430 448 1469 Licinius
463 1430 593 1469 Macer
613 1434 748 1469 auctor
768 1431 987 1468 inuenitur:
1015 1428 1102 1467 XIX
1124 1428 1170 1467 de
1192 1428 1404 1467 herbarum
1425 1428 1671 1479 quarundam

141 1502 179 1535 et
206 1495 383 1535 radicum
408 1497 573 1546 naturis,
600 1494 686 1534 XXI
714 1496 967 1534 continentur
993 1500 1154 1533 naturae
1182 1494 1324 1532 florum
1352 1499 1390 1532 et
1417 1506 1672 1532 coronamen-

140 1568 282 1613 torum,
309 1560 413 1600 XXII
440 1562 650 1600 auctoritas
678 1560 902 1611 herbarum,
930 1558 1252 1598 XXVIII—XXX
1279 1559 1498 1598 medicinae
1526 1571 1573 1597 ex
1594 1560 1676 1597 ani-

140 1626 320 1677 malibus,
347 1626 488 1665 XXXII
514 1626 733 1665 medicinae
761 1638 807 1664 ex
828 1625 1077 1676 aquatilibus,
1106 1624 1249 1675 quibus
1270 1636 1369 1675 quae
1391 1625 1431 1662 ‘m
1452 1625 1583 1674 priore
1608 1637 1676 1662 na·

139 1691 278 1731 turalis
313 1692 500 1730 historiae
536 1697 646 1743 parte
683 1703 729 1730 ex
766 1688 946 1729 ‘Aemili0
983 1688 1129 1729 Macro'
1167 1702 1209 1728 se
1246 1690 1493 1740 excerpsisse
1525 1688 1677 1728 Plinius

139 1756 338 1796 indicibus
371 1757 663 1807 significauerat
694 1751 762 1808 (de
794 1757 946 1795 naturis
982 1755 1211 1807 aquatilium
1241 1753 1310 1805 IX,
1343 1755 1586 1793 insectorum
1613 1753 1679 1803 XI,

140 1824 356 1861 satiuarum
389 1821 572 1861 arborum
600 1817 738 1874 XVII),
771 1821 952 1873 suppleta
986 1827 1094 1871 sunt,
1128 1827 1171 1859 ut
1203 1822 1244 1859 in
1271 1819 1392 1858 altera
1420 1814 1509 1873 (32,
1528 1816 1602 1874 14)
1631 1819 1678 1858 ad

140 1887 270 1926 locum
303 1887 498 1939 quendam
531 1887 675 1938 prioris
702 1882 762 1940 (9,
780 1884 854 1939 76)
884 1891 928 1925 ut
954 1885 1132 1925 eiusdem
1160 1886 1332 1925 auctoris
1360 1897 1401 1924 se
1429 1885 1579 1923 referre
1606 1897 1675 1936 po-

141 1954 273 1992 tuerit.
311 1955 443 2004 itaque
470 1953 650 2003 quamuis
676 1957 919 2003 repugnante
941 1951 1158 1990 Liebaldtio
1181 1947 1236 2004 (p.
1255 1948 1307 1989 12
1321 1946 1396 2002 sq.)
1419 1963 1509 1989 cum
1523 1950 1676 2001 Vngero

142 2014 222 2070 (De
243 2020 382 2058 Aemil.
406 2019 549 2057 Macro
570 2030 606 2069 p.
625 2014 690 2057 15.
726 2019 788 2057 De
810 2018 950 2067 Valffl'o
972 2017 1082 2067 Rufo
1103 2030 1139 2068 p.
1155 2013 1279 2070 211),
1312 2016 1487 2055 Brunnio
1514 2015 1569 2054 De
1595 2014 1677 2054 ind.

142 2083 239 2122 Plin.
260 2081 375 2135 p.30,
402 2083 541 2122 Rothio
562 2080 693 2134 p.367
717 2082 900 2122 omnibus
921 2082 998 2122 illis
1019 2082 1116 2121 locis
1132 2081 1275 2121 Licinii
1295 2082 1453 2120 nomine
1470 2085 1676 2132 expuncto,

143 2161 233 2187 cum
260 2150 344 2188 siue
371 2150 496 2200 ipsius
522 2148 639 2187 Plinii
667 2149 751 2187 siue
778 2148 1031 2187 librariorum
1058 2159 1192 2186 errore
1220 2148 1418 2185 intrusum
1446 2147 1513 2196 sit,
1548 2146 1679 2184 Aemi·

144 2213 218 2252 lius
246 2213 375 2253 Macer
401 2213 651 2265 reponendus
678 2219 749 2252 est.
