2002 3342
823 171 858 206 C.
887 171 1070 206 ACILIVS
1572 186 1714 216 cxx111

176 283 382 322 Strabonis
408 282 590 331 editores,
618 283 678 321 Fr.
703 283 949 320 Larlimanno
972 279 1044 336 (De
1068 282 1090 320 s.
1110 282 1177 320 1,.1
1207 295 1242 333 p.
1265 280 1320 321 30
1337 280 1413 336 sq.)
1444 283 1600 321 adsensi
1622 282 1644 322 ὅ
1667 298 1714 335 γε

181 348 360 395 Κοίλιος
387 350 425 386 in
453 353 679 386 contextum
707 353 958 398 receperunt,
990 346 1057 385 sed
1093 352 1197 385 recte
1232 349 1383 386 monuit
1417 347 1640 399 Srhwegler
1675 355 1710 387 et

178 426 199 451 a
228 413 357 451 Coelio
386 413 510 451 solum
537 411 683 451 bellum
711 411 904 451 Punicum
932 417 1158 451 enarratum
1187 425 1291 463 esse,
1331 418 1374 451 ut
1407 412 1510 451 unde
1545 413 1589 451 fr.
1618 413 1712 451 illud

180 484 380 529 sumptum
409 483 523 528 esset,
551 479 660 516 cerni
687 490 764 516 non
793 484 936 528 posset,
964 483 1001 516 et
1023 490 1042 515 a
1065 477 1256 516 Strabone
1284 479 1482 516 neminem
1512 484 1712 517 auctorem

180 543 359 581 Latinum
393 542 609 581 adhibitum
639 555 742 593 esse,
776 549 814 581 at
842 540 864 581 ὅ
891 555 939 594 γε
965 539 1158 589 Ἀκύλιος
1185 542 1452 581 commendari
1481 549 1517 581 et
1546 555 1586 581 re
1614 556 1713 594 quae

178 609 251 646 hoc
278 608 495 659 fragmento
524 613 805 659 exponeretur,
839 609 1022 659 quoniam
1049 609 1166 646 etiam
1195 608 1240 646 fr.
1263 606 1288 646 ’2-
1316 607 1483 646 Acilium
1510 608 1611 647 ultra
1638 608 1713 646 Ro-

179 686 281 711 mam
309 673 504 712 conditam
532 685 756 724 regressum
785 686 871 712 esse
898 673 1098 724 probatur,
1126 678 1164 711 et
1185 674 1380 724 scriptura
1402 673 1594 724 codicum,
1623 686 1713 712 nam

178 740 294 777 etiam
326 737 390 789 14,
420 736 455 788 1,
477 735 532 777 38
560 751 595 789 p.
618 736 703 777 646
736 751 807 790 per
838 752 866 777 v
900 737 1039 776 Strabo
1074 738 1113 776 id
1144 750 1288 777 nomen
1318 739 1489 789 scripsit.
1544 738 1711 790 denique

178 804 393 855 fragmento
433 802 460 842 :2
480 804 509 842 A
554 816 658 842 nunc
703 816 912 842 numerum
958 805 1137 842 auximus
1183 816 1202 842 a
1248 802 1289 841 G.
1328 802 1501 853 Sieglino
1549 799 1711 856 (Philol.

188 870 468 908 U'oclzenschr.
500 866 613 908 1883
653 882 684 908 c.
714 865 847 922 1449)
888 870 1044 920 moniti,
1084 873 1268 919 excerpto
1308 881 1354 907 ex
1394 868 1459 906 illo
1498 866 1711 920 paradeo-

175 934 340 985 grapho,
374 936 441 986 qui
475 946 520 973 ex
555 934 637 973 cod.
666 947 766 973 saec.
794 933 862 972 XV
886 935 1059 986 primum
1093 933 1139 972 ab
1173 933 1214 972 E.
1241 933 1392 972 Rohdio
1421 929 1480 987 (in
1509 936 1605 973 actis
1633 947 1710 973 soc.

176 998 269 1050 phil.
291 999 394 1050 Lips.
416 999 431 1038 Ι
451 1012 486 1050 p.
504 996 699 1054 35—42)
729 999 857 1038 editus
885 1005 955 1050 est⁷
983 1004 1065 1038 tum
1092 1001 1258 1038 iteratus
1285 999 1331 1038 ab
1353 999 1395 1038 O.
1418 999 1573 1039 Kellero
1602 995 1711 1053 (Rer.

176 1069 253 1102 nat.
281 1066 414 1116 script.
443 1064 506 1103 Gr.
535 1066 627 1103 min.
653 1065 669 1103 Ι
695 1078 731 1116 p.
756 1060 1021 1118 loo—115),
1048 1066 1115 1116 qui
1143 1064 1189 1103 ab
1219 1077 1263 1103 eo
1291 1077 1311 1103 a
1339 1078 1420 1116 cap.
1443 1064 1544 1103 XXV
1572 1063 1711 1117 ‘paene

174 1128 223 1167 ad
261 1127 444 1168 uerbum'
482 1129 684 1168 Nicolaum
722 1129 1009 1168 Damaseenum
1048 1125 1108 1183 (in
1150 1126 1427 1184 paradoxogr.)
1468 1132 1711 1181 exscriptum

175 1193 369 1233 intellexit
403 1191 543 1248 (praef.
570 1208 605 1246 p.
628 1191 690 1249 X).
735 1195 828 1234 hinc
861 1195 1090 1246 explicatur,
1125 1206 1201 1246 qua
1234 1197 1384 1234 ratione
1417 1195 1531 1234 Acilii
1567 1207 1711 1234 nomen

174 1271 246 1310 per
272 1265 326 1298 tot
354 1260 508 1298 saecula
536 1267 737 1300 seruatum
765 1262 825 1299 sit.
837 1257 870 1315 1)

273 1388 304 1429 1)
333 1385 499 1421 Cassium
527 1385 684 1420 Dionem
718 1397 760 1421 eo
794 1398 901 1421 usum
934 1398 1013 1421 esse
1045 1387 1124 1421 iure
1151 1387 1219 1421 Ad.
1248 1387 1519 1431 Baumgartner
1546 1387 1707 1432 (Quellen

171 1439 236 1474 des
257 1439 293 1474 C.
316 1440 379 1483 D.)
398 1439 616 1484 inprobauit
636 1452 683 1484 gp.
700 1442 770 1484 58).
792 1460 838 1465 -
858 1440 1027 1474 Breuiter
1047 1440 1117 1475 hoc
1137 1440 1218 1475 loco
1240 1451 1371 1474 moneo
1392 1440 1507 1475 uerba
1526 1442 1709 1486 quaedam

172 1503 196 1526 a
224 1492 351 1527 Caesio
378 1493 492 1527 Basso
519 1493 582 1537 (VI
608 1505 642 1537 p.
666 1497 733 1527 265
755 1492 812 1537 K.)
847 1493 945 1528 inter
981 1493 1147 1528 Saturnii
1180 1505 1309 1528 uersus
1348 1493 1518 1538 exempla
1556 1494 1709 1529 laudata

172 1546 239 1580 sed
273 1557 294 1580 a
320 1546 451 1580 Vossio
485 1547 544 1590 (de
575 1546 662 1581 hist.
685 1545 743 1581 Gr.
771 1558 806 1591 p.
831 1550 896 1580 153
914 1546 984 1591 W.)
1018 1549 1055 1582 et
1088 1547 1246 1581 Krausio
1279 1550 1327 1591 (p.
1350 1550 1408 1591 85)
1434 1547 1611 1582 historico
1645 1548 1707 1582 ad-

172 1599 314 1643 scripta-
345 1600 401 1643 (in
427 1600 543 1634 Acilii
571 1600 784 1635 Glabrionis
815 1601 942 1635 tabula
971 1600 1132 1635 ‘Fundit
1163 1602 1271 1646 fuyat
1296 1603 1498 1645 prosternit
1531 1603 1710 1636 maximas

172 1652 360 1697 Ieyiones’)
394 1664 492 1687 nunc
524 1654 624 1687 recte
657 1652 752 1687 inter
783 1652 994 1698 fragmenta
1018 1656 1214 1698 poetarum
1240 1654 1493 1688 Romanorum
1524 1654 1601 1700 legi
1634 1659 1706 1700 (ap.

173 1705 360 1740 Baehrens
387 1718 420 1750 p.
443 1708 513 1750 56).
