2002 3342
626 167 651 201 1.
678 167 742 201 DE
769 166 1046 201 ANNALtssvs
1072 167 1278 202 MAxmis
1623 183 1716 211 XXV

277 280 452 330 Denique
480 279 662 329 quoniam
690 290 787 329 quae
816 279 936 315 ratio
969 279 1242 316 intercesserit
1275 279 1400 316 inter
1432 280 1718 329 pontificum

189 345 374 384 tabulas
403 343 691 393 annalesque
715 349 757 381 et
780 355 869 392 eos,
894 344 972 393 qui
994 348 1157 393 postea
1178 343 1412 381 historiae
1434 356 1618 394 operam
1644 343 1720 381 de-

191 410 377 459 derunt,
406 408 600 459 explicare
628 415 847 459 temporum
871 409 1090 458 iniquitate,
1118 420 1214 458 quae
1238 409 1333 446 satis
1355 408 1502 459 amplas
1523 409 1720 447 annalium

190 475 376 526 reliquias
410 474 457 512 ad
490 486 561 512 nos
594 475 805 524 peruenire
839 473 980 523 noluit,
1013 478 1197 523 negatum
1232 480 1307 523 est,
1346 479 1502 512 nostrae
1536 474 1721 511 historiae

189 539 488 579 similitudinem
511 551 795 590 comparenuls,
824 551 899 589 qua
920 539 1054 577 nescio
1081 550 1129 576 an
1151 540 1267 576 etiam
1289 538 1485 577 Romanae
1506 538 1722 589 primordia

189 605 316 656 aliqua
353 617 398 642 ex
431 610 541 655 parte
575 604 846 642 inlustremur.
886 616 975 641 nam
1003 616 1079 654 quo
1107 603 1190 641 loco
1218 603 1318 654 apud
1347 603 1539 643 Romanos
1566 605 1721 655 pontiti-

189 683 296 720 cum,
330 682 374 707 eo
403 669 504 720 apud
533 682 603 707 nos
638 669 825 707 tabulae
853 669 1105 719 paschales
1135 671 1285 720 positae
1313 675 1414 707 sunt.
1456 671 1600 707 etenim
1633 682 1721 707 cum

190 736 278 774 festi
314 735 396 773 dies
429 734 632 785 paschales
661 748 680 773 a
708 734 801 773 solis
829 740 867 772 et
893 733 1009 772 lunae
1037 746 1156 772 cursu
1186 734 1404 785 penderent
1431 746 1647 785 magnaque
1676 746 1721 772 ex

191 813 233 839 ea
261 801 451 838 uarietate
474 799 717 850 perturbatio
739 805 821 838 orta
844 806 960 850 esset,
988 800 1210 850 complures
1233 799 1418 851 deinceps
1439 801 1517 838 uiri
1540 799 1653 850 docti,
1680 806 1722 838 ut

188 867 220 903 is
243 877 355 904 error
378 865 592 915 tolleretur,
620 865 739 915 cyclis
761 864 995 916 quibusdam
1017 867 1185 916 repertis
1209 864 1360 903 tabulas
1381 864 1596 916 paschales,
1623 877 1721 915 quae

189 929 431 980 dicebantur,
472 930 785 981 descripserunt,
819 943 865 968 ex
901 930 1044 981 quibus
1078 930 1328 981 undeuiginti
1364 942 1554 969 annorum
1591 929 1722 980 cyclus

188 995 369 1034 obtinuit.
415 997 546 1046 itaque
577 1008 647 1046 per
674 1008 810 1034 omnes
838 995 1024 1034 ecclesias
1046 1001 1085 1034 et
1103 997 1341 1033 monasteria
1370 995 1522 1033 tabulae
1544 997 1596 1033 ita
1619 1008 1720 1033 com-

187 1062 336 1111 positae
358 1060 703 1111 peruulgabantur,
730 1066 772 1099 ut
800 1061 964 1111 singulis
989 1060 1109 1111 cyclis
1136 1060 1312 1111 singulae
1340 1066 1405 1099 aut
1430 1059 1546 1099 binae
1574 1060 1721 1098 codicis

187 1127 350 1177 paginae
379 1125 642 1177 explerentur,
670 1138 803 1177 margo
831 1132 960 1165 autem
987 1139 1058 1177 pro
1086 1127 1216 1176 operis
1239 1125 1426 1176 dignitate
1454 1127 1548 1164 satis
1570 1125 1722 1176 amplus

187 1191 497 1242 relinqueretur,
531 1193 609 1242 qui,
636 1197 679 1230 ut
706 1204 795 1230 cum
821 1191 974 1230 Pertzio
1002 1191 1149 1242 loquar,
1176 1190 1239 1229 uel
1266 1190 1453 1229 tardioris
1480 1192 1628 1241 ingenii
1655 1191 1722 1229 ho-

186 1258 334 1295 minem
356 1256 403 1294 ad
425 1256 666 1295 adnotandos
693 1258 927 1308 praecipuos
955 1258 1146 1307 cuiusque
1174 1257 1265 1294 anni
1287 1262 1453 1295 euentus
1481 1253 1722 1309 inuam-etl)

187 1322 279 1360 hinc
299 1322 437 1372 igitur,
463 1327 718 1372 posteaquam
745 1335 829 1361 mos
857 1321 905 1360 ad
931 1334 1064 1361 rerum
1091 1323 1323 1360 memoriam
1350 1321 1585 1360 seruandam
1614 1322 1722 1359 fastis

188 1386 460 1425 consularibus
481 1386 618 1425 utendi
646 1400 735 1426 cum
763 1387 990 1426 consulibus
1018 1388 1114 1438 ipsis
1142 1387 1313 1426 aboleuit
1340 1385 1438 1440 (uid.
1460 1400 1496 1438 p.
1514 1383 1631 1441 VIII),
1658 1387 1722 1425 ille

187 1464 283 1490 usus
311 1451 466 1490 saeculo
494 1458 602 1490 sexto
636 1453 676 1490 in
702 1452 905 1491 Britannia
936 1465 1051 1491 orsus
1083 1465 1154 1503 per
1186 1452 1398 1491 monachos
1431 1452 1626 1491 Hibernos
1658 1452 1721 1491 uel

189 1517 325 1555 Scotos
359 1516 406 1555 ad
432 1517 620 1568 Francos,
653 1517 745 1556 inde
779 1518 963 1556 celeriter
995 1518 1042 1557 ad
1073 1518 1212 1568 Belgas
1245 1523 1282 1556 et
1318 1517 1533 1556 Germanos
1566 1519 1724 1556 transiit

188 1594 400 1633 ausamque
439 1582 621 1633 praebuit
659 1583 862 1622 monachis
900 1589 1013 1622 notas
1053 1595 1098 1621 ex
1136 1583 1264 1622 tabula
1303 1583 1476 1634 paschali
1512 1584 1722 1634 separatim

188 1649 444 1698 transcriptas
470 1649 510 1685 in
537 1660 659 1686 unum
687 1650 801 1699 quasi
822 1661 964 1700 corpus
986 1648 1192 1700 redigendi
1216 1655 1250 1687 et
1272 1661 1399 1699 usque
1421 1648 1469 1687 ad
1489 1661 1600 1687 suam
1621 1654 1722 1687 aeta-

188 1719 266 1751 tem
294 1708 603 1767 c011ti1u1andi.²)
657 1713 733 1752 Sed
772 1726 963 1765 apponam
997 1713 1143 1765 aliquot
1170 1713 1392 1752 tabularum
1418 1713 1592 1764 illarum,
1626 1726 1723 1764 quas

186 1777 378 1829 plurimas
403 1777 581 1817 Pertzius
609 1778 741 1830 edidit,
769 1785 892 1830 notas,
919 1785 963 1818 ut
989 1792 1035 1818 ex
1057 1778 1263 1818 annalibus
1284 1778 1601 1818 Einsidlensibus
1629 1776 1670 1832 (l.
1693 1791 1722 1817 s.

189 1844 322 1894 script.
344 1842 395 1881 ΙΙΙ
420 1856 456 1894 p.
482 1840 602 1897 142):

277 1905 374 1946 940.
409 1908 496 1947 Otto
516 1921 593 1948 rea:
614 1912 652 1948 in
676 1911 846 1949 Galliam
866 1923 992 1959 usque
1014 1911 1255 1959 Sequanam.
1288 1911 1407 1959 Haqo
1428 1915 1466 1949 et
1479 1910 1723 1949 Heribertus

187 1980 388 2012 uenerunt
415 1976 471 2012 ad
495 1986 594 2013 eum.
646 1976 698 2013 Et
714 1981 861 2024 postea
887 1976 992 2024 Haq,
1015 1978 1126 2023 filias
1152 1976 1356 2024 Rz‘elzartz',
1384 1978 1507 2015 uenit.

277 2036 374 2077 942.
415 2039 537 2078 Salus
567 2042 696 2079 Simile
732 2047 910 2080 cometae
934 2053 1016 2090 per
1052 2038 1105 2079 14
1137 2046 1275 2080 noctes
1307 2043 1437 2079 uisam
1468 2040 1724 2090 manifestius

188 2109 246 2143 est
252 2118 268 2150 ;
294 2110 331 2142 et
358 2107 539 2143 inmensa
565 2108 793 2144 mortalitas
819 2107 946 2144 boam.

278 2165 375 2207 946.
416 2170 503 2208 Otto
530 2182 608 2209 rex
634 2173 675 2209 in
708 2172 879 2210 Galliam
906 2171 1156 2221 inferiorem.

277 2231 374 2272 947.
408 2237 664 2274 Mirmz‘dona
690 2239 865 2275 ualeam)
894 2239 1155 2275 consumitur.

189 2305 227 2337 et
254 2311 299 2338 ex
327 2299 533 2339 annalibus
561 2300 808 2340 Casinatibus
837 2297 878 2355 (l.
901 2314 930 2340 s,
951 2314 986 2352 p.
1012 2297 1135 2355 172);

278 2361 375 2403 969.
408 2366 496 2404 Hoc
530 2378 636 2405 anno
669 2369 730 2405 sol
760 2368 999 2406 obscuratas
1031 2372 1105 2417 est,
1142 2373 1179 2406 et
1205 2379 1377 2416 maanus
1410 2366 1497 2406 Otto
1530 2367 1722 2405 Calabria

189 2432 399 2479 inyressas
424 2436 483 2469 est
509 2436 546 2470 et
572 2435 731 2481 accepit
757 2435 969 2481 coniuyem
992 2435 1077 2480 filio
1104 2444 1176 2472 suo
1208 2432 1341 2471 Oltam*
1366 2437 1520 2481 neptem
1547 2432 1723 2470 Iohanni

194 2495 628 2545 Constantinopolitam'
653 2500 901 2547 imperatori,
929 2500 998 2546 qui
1025 2501 1330 2546 coquome'nalus
1358 2503 1416 2536 est
1447 2498 1620 2536 Ce‘mz'slti.

279 2558 375 2599 986.
409 2562 496 2601 Hoc
529 2574 636 2601 anno
673 2563 889 2612 defunctus
924 2569 981 2602 est
1017 2565 1184 2602 domnus
1219 2564 1440 2612 All'yernas
1474 2564 1723 2601 uenerabilis

286 2670 318 2713 1)
346 2668 525 2714 Exempla
550 2669 715 2705 Pertzius
741 2670 780 2704 in
806 2670 938 2705 tabula
968 2671 1090 2715 prima
1116 2670 1279 2705 Monum.
1307 2669 1478 2705 German.
1506 2681 1571 2703 scr.
1599 2670 1647 2703 III
1674 2669 1720 2703 ad

187 2733 223 2766 p.
246 2725 289 2756 18
317 2721 495 2766 depinxit.

286 2777 320 2819 2)
348 2775 450 2809 Pertz
471 2776 632 2811 Monum.
655 2776 825 2812 German.
847 2789 914 2812 scr.
935 2777 950 2812 Ι
970 2790 1005 2822 p.
1029 2783 1045 2812 1
1062 2789 1140 2822 sqq.
1174 2776 1426 2812 wattenbach
1452 2768 1722 2811 Deut‘schlands

192 2828 537 2873 Geschichtsquellen
563 2830 596 2863 1⁷
622 2842 656 2875 p.
680 2834 724 2865 64
740 2843 806 2876 sq..
821 2835 887 2865 155
903 2843 982 2875 sqq.
