2002 3342
641 226 677 260 L.
700 225 969 260 CORNELIVS
997 226 1145 261 SVLLA
1475 242 1659 272 ('('LXXV

129 350 215 376 rum
238 338 430 375 rationem
451 336 599 386 habuit,
628 336 718 375 dum
746 348 853 375 mors
881 350 911 374 c.
933 334 987 375 37
1018 336 1275 376 describenda
1297 344 1410 388 esset,
1438 351 1553 389 quam
1574 341 1658 391 ipse

128 402 368 440 diuinatione
395 407 660 452 praeceperat.
694 403 734 440 in
762 400 838 440 illis
864 407 995 440 tamen
1023 402 1217 452 capitibus
1245 416 1321 441 non
1343 405 1412 442 uui
1433 404 1549 442 alicui
1570 418 1658 443 auc-

128 469 202 505 tori
225 480 265 505 se
287 466 445 505 addixit.
473 479 561 505 nam
582 466 696 504 modo
718 479 789 517 per
810 466 983 517 singulas
1012 467 1224 517 particulas
1252 481 1340 507 cum
1368 470 1542 520 Appiano
1570 483 1659 508 con—

128 534 220 570 cinit
256 532 371 570 modo
406 532 612 582 discrepat.
654 531 723 570 sed
756 533 940 582 quoniam
974 529 1151 584 Busoltl)
1185 533 1365 582 pluribus
1404 536 1583 585 exposuit
1622 541 1660 574 et

127 597 334 635 Posidonio
362 605 398 635 et
420 596 531 635 Liuio
554 610 620 635 eos
642 610 733 635 usos
755 609 841 635 esse
863 599 1036 648 itemque
1058 597 1160 635 hunc
1182 597 1260 647 illo,
1288 611 1423 637 omnes
1450 600 1570 649 igitur
1597 612 1658 638 ae-

127 664 264 713 quitati
293 662 448 701 cuidam
476 661 685 712 studuisse,
719 667 899 701 auctores
932 663 1135 701 nominare
1164 663 1373 701 admodum
1403 664 1560 703 difficile
1588 671 1658 716 est,

127 734 305 766 constare
345 733 475 766 tamen
514 727 685 777 uidetur,
725 729 757 765 si
797 727 1030 766 Plutarchus
1070 733 1107 766 et
1145 728 1345 779 Appianus
1381 728 1425 767 de
1467 730 1572 768 Sulla
1612 730 1658 769 ad

128 792 292 831 uerbum
333 794 596 842 consentiant,
637 792 709 830 hoc
749 805 793 830 ex
835 793 1027 843 scriptore
1067 792 1215 831 Graeco
1255 795 1278 832 i.
1306 806 1337 832 e.
1366 806 1411 832 ex
1448 794 1658 834 Posidonio

126 863 324 908 sumptum
364 854 494 907 esseff)
534 863 569 896 et
610 870 685 908 quo
719 857 812 908 quid
847 857 974 896 Sullae
1021 859 1184 909 eiusque
1224 860 1496 909 superstitioni
1534 862 1658 910 magis

126 923 263 973 faueat,
285 936 330 961 eo
351 924 498 961 certius
521 924 605 961 eius
627 924 930 961 commentarios
952 922 1126 973 subesse,
1152 923 1192 961 id
1213 923 1317 974 quod
1338 923 1385 962 ad
1406 924 1657 963 Plutarchum

125 990 374 1039 potissimum
401 989 584 1039 pertinet,
612 989 723 1026 cuius
745 989 876 1026 omina
898 994 935 1026 et
960 988 1138 1038 prodigia
1161 988 1275 1039 longe
1295 989 1409 1040 plura
1430 996 1522 1028 sunt
1542 1003 1657 1041 quam

126 1053 226 1104 apud
261 1059 414 1092 ceteros
447 1059 561 1104 atque
596 1054 711 1091 etiam
747 1052 793 1091 ad
827 1065 891 1091 res
925 1053 1196 1104 suscipiendas
1231 1060 1269 1092 et
1301 1055 1573 1105 exsequendas
1606 1057 1657 1094 ita

124 1119 267 1168 ualent,
294 1125 337 1157 ut
365 1119 576 1169 descriptio
604 1118 650 1156 al)
677 1117 755 1156 illis
783 1119 959 1169 separari
985 1131 1063 1157 non
1088 1120 1223 1170 possit.

214 1184 349 1235 Neque
378 1185 483 1222 enim
511 1183 635 1234 Sulla,
668 1188 712 1222 ut
742 1189 859 1222 uetus
886 1183 951 1222 ille
979 1183 1071 1222 Cato
1100 1184 1312 1223 Censorius
1342 1183 1657 1236 ‘haudquaquam

124 1250 362 1288 obtrectator
387 1249 547 1288 laudum
575 1261 735 1288 suarum
748 1245 768 1299 ²,
802 1254 936 1299 aperte
970 1262 1010 1288 se
1044 1261 1186 1300 resque
1215 1262 1234 1288 a
1261 1262 1302 1288 se
1330 1255 1458 1300 gestas
1485 1250 1657 1290 laudauit

125 1315 193 1354 sed
219 1315 357 1353 callide
384 1315 458 1353 hoc
479 1314 687 1353 consilium
707 1314 922 1352 modestiae
945 1316 1075 1365 specie
1097 1314 1256 1353 obtexit.
1290 1328 1425 1354 omnes
1447 1317 1551 1354 enim
1572 1315 1657 1354 illas

124 1380 346 1432 praeclaras
382 1393 446 1419 res
482 1392 523 1418 se
560 1392 640 1418 non
675 1392 767 1418 suae
804 1392 1044 1430 suorumque
1077 1381 1218 1418 uirtuti
1251 1387 1289 1419 et
1321 1380 1554 1432 prudentiae
1588 1381 1657 1420 sed

123 1447 223 1484 miro
251 1445 406 1484 cuidam
434 1445 595 1484 deorum
623 1446 749 1483 fauori
777 1450 814 1483 et,
840 1444 1141 1484 beneuolentiae
1169 1445 1312 1484 dehere
1341 1443 1493 1500 dixit3),
1521 1448 1588 1498 qui
1615 1459 1656 1485 se

123 1510 377 1561 singulariter
403 1512 443 1549 in
471 1510 652 1549 omnihus
681 1512 829 1561 coeptis
857 1509 1113 1549 adiuuissent.
1141 1511 1233 1549 hinc
1256 1523 1301 1549 ex
1323 1511 1463 1550 mediis
1484 1512 1657 1550 hostium

124 1576 280 1614 insidiis
301 1589 341 1614 se
369 1576 606 1614 incolumem
629 1577 815 1623 euasisse,
842 1575 932 1613 hinc
955 1576 1267 1626 repugnantibus
1290 1583 1323 1614 et
1355 1576 1656 1615 aduersantibus

123 1641 380 1680 nobilissimis
415 1643 514 1680 uiris
550 1642 821 1679 auctoritatem
858 1646 896 1679 et
931 1642 1094 1691 gratiam
1131 1647 1388 1680 consecutum
1425 1654 1529 1691 esse,
1564 1642 1655 1680 hinc

124 1708 262 1757 exiguo
296 1706 464 1745 militum
497 1718 661 1745 numero
694 1705 946 1744 incredibiles
980 1706 1152 1744 hostium
1186 1707 1317 1757 copias
1352 1719 1393 1745 se
1421 1707 1570 1746 fudisse
1597 1708 1655 1746 fu-

123 1784 312 1823 gasseque
340 1784 563 1822 paucosque
591 1773 720 1822 ipsum
748 1772 938 1809 amisisse.

212 1838 259 1876 Vt
285 1844 414 1876 autem
441 1837 636 1876 Fortunae
664 1849 704 1875 se
732 1838 844 1887 quasi
870 1836 994 1874 filium
1022 1837 1143 1875 fuisse
1171 1837 1354 1876 omnibus
1386 1837 1655 1888 persuaderet,

125 1903 219 1941 duas
253 1904 502 1954 potissimum
538 1915 601 1941 res
638 1903 890 1952 excogitauit,
924 1914 1021 1952 quae
1056 1901 1103 1940 ad
1136 1902 1175 1940 id
1208 1902 1337 1941 facere
1370 1899 1653 1956 uiderentu1·.4)

123 1969 295 2019 primum
328 1969 433 2006 enim
467 1969 596 2006 omnia
628 1968 833 2017 uaticinia,
865 1966 1061 2018 prodigia,
1098 1973 1262 2019 ostenta,
1302 1969 1451 2006 somnia
1493 1968 1654 2019 diligen-

122 2035 274 2072 tissime
301 2034 543 2084 conquisiuit
568 2032 756 2083 librisque
779 2033 860 2071 suis
880 2033 1060 2082 inseruit,
1087 2038 1130 2071 ut
1150 2033 1211 2071 his
1232 2033 1442 2072 luculentis
1465 2033 1654 2084 exemplis

218 2198 251 2239 1)
278 2195 510 2230 Fleckeiseni
537 2206 620 2229 ann.
644 2199 708 2229 141
737 2206 770 2238 p.
794 2196 993 2227 321—349.
1020 2196 1218 2228 405—438.

217 2250 250 2293 2)
276 2248 328 2283 Cf.
356 2248 392 2282 C.
414 2248 451 2282 F.
474 2248 614 2281 Amold
655 2247 862 2282 Untersuch.
883 2247 970 2282 aber
1004 2247 1237 2291 Theophanes
1269 2258 1337 2281 von
1371 2248 1466 2293 Myt.
1492 2260 1528 2282 ιι.
1551 2249 1653 2282 Posi-

122 2302 254 2337 donius
277 2314 345 2336 von
373 2303 443 2345 Ap.
472 2302 509 2335 in
536 2300 766 2335 Fleckeiseni
793 2311 877 2334 ann.
900 2299 1020 2344 suppl.
1041 2299 1125 2333 XIII
1150 2311 1184 2343 p.
1209 2303 1275 2333 114
1303 2311 1382 2344 sqq.
1424 2300 1554 2335 Busolt
1580 2300 1601 2335 l.
1625 2313 1652 2335 s.

121 2367 156 2398 p.
177 2359 256 2390 323.
282 2359 362 2389 437.

217 2411 251 2453 3)
277 2408 329 2442 Cf.
351 2407 448 2442 Plut.
471 2407 558 2442 Suu.
583 2411 619 2442 6:
648 2408 700 2442 ἔτι
725 2406 765 2441 δὲ
792 2407 855 2440 καὶ
882 2404 934 2440 δι’
953 2403 1004 2440 ὧν
1026 2418 1115 2450 φησι
1135 2407 1228 2448 πρὸς
1246 2406 1358 2451 τύχην
1383 2404 1422 2442 εὖ
1443 2410 1652 2451 πεφυκέναι

123 2464 257 2505 μᾶλλον
292 2459 313 2505 ἣ
343 2461 438 2504 πρὸς
467 2460 640 2504 πόλεμον,
672 2465 714 2505 τῇ
747 2459 837 2506 τύχῃ
873 2464 938 2503 τῆς
973 2460 1104 2504 ἀρετῆς
1138 2458 1250 2494 πλέον
1287 2459 1381 2494 ἔοικε
1420 2458 1543 2503 νέμειν
1577 2461 1652 2494 καὶ

123 2513 230 2555 ὅλως
261 2515 424 2550 ἑαυτὸν
454 2520 531 2548 τοῦ
565 2512 784 2558 δαίμονος
815 2519 967 2547 ποιεῖν
1004 2512 1061 2556 (fr.
1083 2515 1128 2556 ὅ).
1169 2524 1197 2546 6.
1221 2516 1281 2547 34:
1317 2511 1411 2547 οὕτω
1439 2512 1480 2547 δὲ
1507 2513 1580 2557 ἄρα
1608 2514 1651 2548 οὗ

121 2574 200 2608 ταῖς
224 2568 400 2610 πράξεσιν
427 2568 475 2607 ὡς
499 2573 576 2607 τοῖς
602 2565 848 2611 εὐτυχήμασιν
875 2564 1074 2601 ἐπίστευεν.

215 2623 250 2665 4)
276 2621 359 2655 Vid.
379 2620 496 2654 Miseh
523 2620 546 2654 l.
568 2632 594 2655 s.
621 2632 655 2665 p.
679 2623 745 2654 139
767 2631 847 2663 sqq.
874 2618 1072 2653 Sallustius
1105 2620 1302 2662 postquam
1336 2618 1460 2653 Sullae
1492 2619 1651 2654 uirtutes

121 2675 301 2710 bonorum
334 2674 526 2708 initiorum
563 2673 723 2708 maxime
759 2672 942 2714 laudauit,
982 2671 1060 2706 eius
1096 2672 1269 2706 fortunae
1304 2671 1359 2706 ita
1390 2673 1573 2715 meminit,
1610 2675 1653 2707 ut

122 2728 213 2762 scite
239 2728 394 2762 adderet
420 2728 511 2773 (Iug.
533 2731 589 2769 95,
609 2730 661 2770 4):
694 2727 869 2770 multique
902 2726 1125 2767 dubitauere,
1158 2725 1289 2769 fortior
1315 2737 1365 2759 ανι
1389 2725 1530 2769 felicior
1555 2731 1650 2761 esset.

123 2780 166 2815 cf.
188 2781 283 2815 Plut.
306 2781 395 2815 Sull.
418 2785 454 2815 6:
488 2781 631 2820 Σύλλας
657 2779 697 2814 δὲ
723 2779 839 2814 πολλὰ
866 2778 1005 2821 δράσας
1031 2778 1118 2820 ἄξια
1143 2776 1254 2822 λόγου
1287 2777 1401 2820 δόξαν
1435 2778 1537 2824 ἕσχὲν
1569 2779 1650 2823 ἡγε-

121 2832 233 2877 μόνος
264 2833 422 2878 μεγάλου
455 2833 520 2877 μὲν
551 2833 655 2877 παρὰ
686 2838 763 2872 τοῖς
793 2830 977 2874 πολίταις,
1010 2831 1180 2875 μεγίστου
1214 2830 1254 2865 δὲ
1281 2831 1383 2875 παρὰ
1417 2838 1493 2872 τοῖς
1519 2830 1651 2875 φίλοις,

117 2887 378 2931 εὐτυχεστάτου
406 2887 445 2921 δὲ
472 2887 535 2920 καὶ
561 2886 662 2929 παρὰ
688 2892 765 2926 τοῖς
790 2887 949 2930 ἐχθροῖς.
977 2884 1019 2919 fr.
1043 2888 1074 2919 S.

1222 2943 1363 2977 XVIII*
