2002 3342
312 198 488 227 LXXXIV
644 184 706 218 DE
734 183 1041 220 SCRIPTORVM
1065 183 1189 220 VITIS
1217 184 1277 219 ET
1304 184 1512 220 SCRIPTIS

310 310 399 342 νος
423 294 644 341 πίστεως
671 291 864 347 ἑτέρας·
890 294 1181 342 παλαιότατος
1206 294 1289 347 γὰρ
1316 293 1427 347 ἀνὴρ
1454 301 1543 335 τῶν
1563 295 1615 336 τὰ
1636 292 1846 348 Ῥωμαϊκὰ

313 357 653 412 συνταξαμένων
679 356 750 399 καὶ
777 358 927 399 πίστιν
953 358 1033 400 οὐκ
1061 357 1103 408 ἐξ
1131 354 1193 399 ὧν
1217 359 1380 412 ἤκουσε
1406 360 1546 411 μόνον
1572 359 1682 401 ἀλλὰ
1705 358 1777 400 καὶ
1803 358 1845 409 ἐξ

314 419 377 464 ὧν
413 422 545 471 αὐτὸς
580 424 692 475 ἔγνω
727 424 1037 477 παρεχόμενος.
1079 425 1296 477 eodemque
1332 425 1479 464 iudicio
1515 427 1632 464 etiam
1664 426 1846 477 aequales

310 490 385 529 hoc
411 503 509 541 opus
538 495 786 541 exceperant,
811 492 1046 541 praesertim
1074 503 1162 529 cum
1191 496 1379 541 cognatus
1399 490 1509 529 Fabii
1533 490 1782 530 Cunctatoris
1808 497 1848 530 et

310 560 468 594 senator
494 560 609 593 esset.
643 567 760 605 quam
787 553 834 592 ob
863 567 946 593 rem
972 554 1167 606 Polybius,
1195 556 1269 594 etsi
1299 568 1388 594 eum
1414 555 1707 607 imprudentem
1736 568 1846 595 men·

311 622 427 659 titum
454 632 542 658 esse
570 631 616 658 ex
642 620 725 658 uita
752 625 791 658 et
811 621 961 658 ratione
983 632 1024 658 se
1046 620 1230 670 colligere
1253 620 1446 671 concedit,
1473 626 1517 660 ut
1537 633 1631 660 suae
1657 621 1845 660 historiae

309 687 416 724 uiam
451 686 642 736 aperiret,
675 686 794 723 nimis
826 684 960 736 populi
993 687 1056 723 sui
1084 697 1296 736 rerumque
1324 698 1344 723 a
1371 686 1453 724 suis
1480 691 1680 736 gestarum
1713 698 1846 725 amore

309 749 516 789 inductum
550 762 570 788 a
603 762 698 789 uero
732 749 936 789 aberrasse
968 749 1149 801 pluribus
1183 749 1400 800 disputauit
1432 746 1490 804 (1,
1515 748 1569 789 14
1584 763 1640 802 sq.
1667 746 1844 804 3,8sq.)

310 815 529 866 eodemque
558 828 647 854 eum
675 814 776 866 loco,
809 827 885 866 quo
912 814 1110 853 Philinum
1137 815 1456 866 Agrigentinum,
1489 817 1555 867 qui
1590 828 1678 854 cum
1704 815 1846 854 Poenis

311 882 514 931 sensisset,
541 882 683 932 posuit.
717 880 785 919 sed
811 881 916 919 hunc
942 892 1014 931 per
1039 885 1158 919 totam
1185 880 1390 919 historiam
1416 893 1488 932 pro
1513 880 1845 932 Carthaginiensi-

308 945 382 984 bus
402 947 612 984 mentitum
635 958 721 984 esse
744 947 924 997 quemuis
947 944 1242 996 deprehendere
1265 945 1370 996 dicit,
1393 945 1439 984 de
1454 945 1573 984 Fabio
1595 951 1725 984 autem
1747 945 1846 984 datis

309 1010 584 1049 occasionibus
620 1005 704 1064 (ἐπ’
737 1009 882 1050 αὐτῶν
916 1015 1005 1049 τῶν
1040 1007 1226 1065 καιρῶν)
1263 1016 1492 1062 argumenta
1525 1023 1566 1050 se
1598 1010 1845 1062 prolaturum

309 1088 395 1115 esse
429 1077 630 1128 professus
660 1075 810 1115 duobus
843 1081 995 1114 tantum
1029 1075 1144 1114 modo
1174 1075 1272 1115 locis
1300 1088 1389 1114 eum
1416 1077 1673 1128 impugnauit.
1716 1077 1844 1127 primo

310 1141 469 1192 quidem
497 1138 562 1195 (fr.
585 1138 660 1195 22)
690 1153 779 1180 eum
812 1142 1028 1192 uituperat,
1061 1141 1166 1193 quod
1193 1147 1367 1180 extremo
1400 1141 1501 1180 bello
1528 1143 1656 1193 primo
1684 1141 1845 1180 Cartha-

308 1207 508 1257 ginienses
541 1206 724 1245 omnibus
757 1207 929 1245 miseriis
962 1207 1160 1245 confectos
1195 1203 1591 1260 (ἐξαδυνατοῦντας
1621 1204 1693 1246 καὶ
1724 1218 1845 1259 περι-

307 1268 571 1323 κακοῦντας)
605 1271 729 1323 Eryce
759 1271 978 1310 decessisse
1006 1271 1232 1310 tradiderit:
1265 1268 1358 1311 ἀλλ’
1392 1270 1450 1319 ὡς
1477 1270 1531 1311 ἂν
1558 1269 1747 1318 ἀπαθεῖς
1772 1268 1845 1310 καὶ

308 1334 516 1389 ἀήττητοί
532 1350 647 1383 τινες
663 1335 821 1389 ἄνδρες
838 1335 958 1389 ἱερὸν
973 1334 1184 1389 ἐποιήσαν
1197 1335 1277 1376 τὸν
1291 1333 1522 1389 στέφανον.
1550 1337 1671 1376 altero
1687 1332 1754 1390 (fr.
1768 1333 1844 1389 25)

307 1407 415 1441 recte
442 1402 604 1441 Fabium
639 1401 785 1441 dixisse
818 1407 951 1453 negat,
984 1407 1142 1453 praeter
1169 1401 1475 1452 Saguntinorum
1509 1403 1696 1441 iniuriam
1726 1403 1843 1440 etiam

308 1467 564 1506 Hasdrubalis
592 1467 818 1518 superbiam
847 1472 886 1505 et
912 1467 1104 1517 regnandi
1131 1466 1385 1518 cupiditatem
1413 1479 1571 1506 causam
1604 1468 1725 1506 fuisse
1750 1466 1843 1505 belli

308 1531 569 1571 Hannibalici.
609 1531 678 1571 sed
703 1533 745 1571 in
777 1532 850 1570 hac
877 1532 1037 1583 quidem
1064 1545 1106 1571 re
1138 1534 1284 1571 iniuria
1313 1534 1557 1584 uituperauit
1582 1532 1746 1571 Fabium
1771 1532 1843 1570 Po-

307 1597 446 1648 lybius.
485 1610 584 1649 quae
613 1598 718 1636 enim
746 1597 810 1636 ille
832 1599 1021 1647 narrauit,
1048 1610 1092 1636 ea
1113 1610 1190 1636 non
1211 1598 1323 1636 finxit
1345 1597 1413 1637 sed
1433 1610 1475 1636 re
1497 1610 1591 1636 uera
1614 1597 1845 1636 ferebantur

308 1675 353 1701 ea
374 1676 393 1701 a
415 1669 526 1714 parte
548 1662 932 1714 Carthaginiensium
954 1662 1132 1701 Barcidis
1152 1663 1294 1702 infesta
1317 1662 1364 1702 de
1385 1664 1498 1701 initio
1518 1662 1611 1702 belli
1633 1668 1681 1714 et,
1709 1674 1843 1714 quam-

308 1740 425 1779 quam
452 1741 530 1767 non
557 1730 699 1780 omnia,
726 1740 907 1779 magnam
932 1733 1065 1767 tamen
1086 1734 1238 1779 partem
1258 1741 1353 1767 uera
1374 1733 1476 1767 sunt.
1488 1725 1519 1782 l)
1556 1730 1687 1780 itaque
1708 1740 1843 1779 quam-

305 1794 368 1832 uis
395 1795 527 1845 priore
555 1794 657 1844 loco,
691 1795 725 1832 si
751 1793 910 1845 quidem
938 1793 1003 1832 illa
1030 1794 1103 1832 fuit
1128 1793 1238 1832 Fabii
1265 1795 1476 1845 sententia,
1508 1793 1612 1832 haud
1644 1795 1842 1832 immerito

306 1859 659 1910 reprehendendus
692 1861 760 1910 sit,
795 1861 836 1897 in
869 1861 1105 1898 uniuersum
1140 1865 1271 1898 tamen
1303 1860 1422 1898 nimis
1457 1859 1597 1898 acerbe
1635 1864 1673 1898 et
1707 1860 1842 1910 inique

307 1924 352 1963 de
377 1937 421 1963 eo
442 1924 638 1964 iudicasse
662 1925 823 1964 uidetur
842 1924 1038 1976 Polybius,
1063 1930 1108 1963 ut
1127 1924 1231 1963 idem
1255 1924 1300 1963 de
1322 1924 1538 1976 Phylarcho
1560 1929 1597 1964 et
1618 1924 1777 1963 Timaeo
1789 1920 1843 1977 Β);

305 2002 395 2028 nam
428 1991 495 2028 uix
535 1989 723 2029 credibile
763 1995 824 2029 est
862 2003 970 2041 eum,
1009 2002 1083 2041 qua
1122 1979 1248 2029 utitur
1278 1989 1414 2028 iudicii
1456 1991 1685 2040 seueritate,
1725 1991 1842 2028 etiam

305 2054 439 2106 plures
480 2067 562 2106 res,
608 2068 706 2106 quae
749 2055 890 2094 dubiae
929 2061 1079 2106 essent,
1117 2056 1300 2094 inuentas
1339 2055 1495 2094 silentio
1533 2056 1842 2106 praeteriturum

306 2120 439 2159 fuisse.
475 2133 595 2171 quare
622 2121 739 2159 huius
766 2120 991 2159 acerbitatis
1019 2122 1128 2171 origo
1154 2126 1312 2172 praeter
1331 2120 1634 2160 aemulationem
1654 2121 1842 2159 historiae

305 2185 465 2224 uidetur
491 2185 705 2237 repetenda
732 2199 818 2225 esse
847 2199 893 2225 ex
920 2187 1157 2236 inimicitiis,
1191 2198 1290 2237 quae
1316 2187 1421 2225 inter
1448 2185 1676 2237 Scipionum
1703 2191 1742 2225 et
1771 2186 1841 2224 Fa-

305 2250 461 2289 biorum
489 2251 655 2290 familias
683 2248 1036 2302 intercedebant-³³),
1063 2257 1179 2302 atque
1201 2250 1239 2289 id
1268 2253 1395 2302 egisse
1418 2251 1614 2303 Polybius,
1639 2256 1684 2290 ut
1709 2256 1840 2290 aucto-

306 2317 420 2354 ritate
457 2316 656 2355 annalium
688 2316 855 2355 Pictoris
890 2318 931 2355 in
969 2316 1131 2356 dubium
1165 2322 1303 2356 uocata
1339 2316 1549 2356 Fabiorum
1585 2316 1749 2367 gloriam
1783 2318 1840 2356 eis

308 2382 476 2420 maxime
509 2387 664 2420 auctam
691 2387 730 2421 et
756 2382 992 2421 celebratam
1021 2382 1369 2421 circumscriberet
1395 2387 1433 2421 et
1458 2378 1710 2436 minueret.4)

396 2446 531 2485 Restat
557 2447 765 2486 aemulatio
792 2447 962 2498 gentilis,
989 2460 1064 2499 qua
1091 2449 1322 2486 memoriam
1347 2447 1481 2486 multis
1502 2447 1728 2486 nominihus
1755 2460 1840 2487 cor-

307 2517 460 2563 ruptam
490 2524 576 2551 esse
603 2525 731 2563 neque
752 2513 949 2552 Pictorem
976 2526 1021 2552 eo
1041 2514 1139 2552 uitio
1159 2513 1377 2551 immunem
1398 2512 1518 2551 fuisse
1540 2525 1657 2564 supra
1681 2512 1839 2552 demon-

306 2578 530 2616 strauimus
564 2582 603 2616 at
629 2579 747 2616 etiam
773 2579 814 2616 in
841 2578 913 2617 hac
940 2591 982 2617 re
1009 2577 1122 2617 nobis
1150 2583 1210 2617 est
1235 2577 1495 2628 excusandus,
1520 2577 1723 2617 ueteribus
1750 2591 1839 2617 raro

403 2687 434 2728 1)
461 2685 624 2728 Meltzer,
655 2686 777 2721 Gesch.
799 2687 833 2721 d.
855 2687 989 2721 Karth.
1016 2686 1049 2721 II
1074 2698 1110 2730 p.
1130 2689 1196 2720 392
1212 2698 1290 2731 sqq.

402 2741 436 2783 2)
464 2739 549 2774 Vid.
577 2739 766 2774 Wahrheit
790 2752 825 2774 u.
849 2740 975 2775 Ku‘nst
999 2751 1034 2784 p.
1051 2743 1130 2774 259.
1157 2743 1225 2773 22ss
1241 2752 1320 2785 sqq.

401 2794 434 2836 3)
462 2792 556 2827 Vide
584 2803 696 2836 supra
721 2804 756 2836 p.
778 2805 875 2826 van
892 2804 969 2837 sqq.
998 2794 1035 2828 et
1060 2792 1159 2827 infra
1184 2805 1219 2837 p.
1235 2806 1295 2827 XCI
1309 2805 1361 2837 sq.

401 2849 433 2890 4)
461 2846 602 2880 Indicia
623 2846 699 2880 eius
714 2857 802 2879 usus
817 2846 855 2880 in
870 2846 1018 2891 Polybii
1038 2857 1148 2891 opere
1162 2848 1308 2880 exstare
1327 2845 1424 2880 infra
1439 2858 1575 2891 p.x0111
1589 2846 1837 2881 ostendemus.
