<?xml version="1.0" encoding="UTF-8"?>
<!DOCTYPE html PUBLIC "-//W3C//DTD XHTML 1.0 Transitional//EN"
    "http://www.w3.org/TR/xhtml1/DTD/xhtml1-transitional.dtd">
<html xmlns="http://www.w3.org/1999/xhtml" xml:lang="en" lang="en">
 <head>
  <title>
</title>
<meta http-equiv="Content-Type" content="text/html;charset=utf-8" />
  <meta name='ocr-system' content='tesseract 3.04.00' />
  <meta name='ocr-capabilities' content='ocr_page ocr_carea ocr_par ocr_line ocrx_word'/>
</head>
<body>
  <div class='ocr_page' id='page_1' title='image "./historicorumroma01peteuoft_0191.png"; bbox 0 0 2002 3342; ppageno 0'>
   <div class='ocr_carea' id='block_1_1' title="bbox 350 464 1479 529">
    <p class='ocr_par' dir='ltr' id='par_1_1' title="bbox 350 464 1479 529">
     <span class='ocr_line' id='line_1_1' title="bbox 350 464 1479 529; baseline -0.003 -14"><span class='ocrx_word' id='word_1_1' title='bbox 350 468 399 522; x_wconf 79' lang='lat' dir='ltr'>Q.</span> <span class='ocrx_word' id='word_1_2' title='bbox 425 467 653 514; x_wconf 79' lang='lat' dir='ltr'><strong>FABIVS</strong></span> <span class='ocrx_word' id='word_1_3' title='bbox 687 466 979 513; x_wconf 81' lang='lat' dir='ltr'><strong>MAXIMVS</strong></span> <span class='ocrx_word' id='word_1_4' title='bbox 1013 464 1479 529; x_wconf 75' lang='lat' dir='ltr'><strong>SERVILIANVS1)</strong></span> 
     </span>
    </p>
   </div>
   <div class='ocr_carea' id='block_1_2' title="bbox 137 572 1680 2325">
    <p class='ocr_par' dir='ltr' id='par_1_2' title="bbox 143 572 1680 1215">
     <span class='ocr_line' id='line_1_2' title="bbox 237 572 1680 620; baseline -0.002 -6"><span class='ocrx_word' id='word_1_5' title='bbox 237 576 279 620; x_wconf 77' lang='lat' dir='ltr'>Q.</span> <span class='ocrx_word' id='word_1_6' title='bbox 301 574 443 613; x_wconf 82' lang='lat' dir='ltr'>Fabius</span> <span class='ocrx_word' id='word_1_7' title='bbox 465 574 507 619; x_wconf 83' lang='lat' dir='ltr'>Q.</span> <span class='ocrx_word' id='word_1_8' title='bbox 531 574 553 612; x_wconf 83' lang='lat' dir='ltr'>f.</span> <span class='ocrx_word' id='word_1_9' title='bbox 575 574 618 619; x_wconf 85' lang='lat' dir='ltr'>Q.</span> <span class='ocrx_word' id='word_1_10' title='bbox 640 586 676 612; x_wconf 94' lang='lat' dir='ltr'>n.</span> <span class='ocrx_word' id='word_1_11' title='bbox 698 572 794 611; x_wconf 82' lang='lat' dir='ltr'>Max.</span> <span class='ocrx_word' id='word_1_12' title='bbox 817 572 1060 612; x_wconf 76' lang='lat' dir='ltr'>Seruilianus</span> <span class='ocrx_word' id='word_1_13' title='bbox 1083 573 1219 612; x_wconf 93' lang='lat' dir='ltr'>consul</span> <span class='ocrx_word' id='word_1_14' title='bbox 1244 573 1318 611; x_wconf 89' lang='lat' dir='ltr'>fuit</span> <span class='ocrx_word' id='word_1_15' title='bbox 1338 585 1426 611; x_wconf 81' lang='lat' dir='ltr'>cum</span> <span class='ocrx_word' id='word_1_16' title='bbox 1451 572 1488 611; x_wconf 92' lang='lat' dir='ltr'>L.</span> <span class='ocrx_word' id='word_1_17' title='bbox 1512 572 1680 611; x_wconf 81' lang='lat' dir='ltr'>Caecilio</span> 
     </span>
     <span class='ocr_line' id='line_1_3' title="bbox 144 635 1680 689; baseline -0.001 -11"><span class='ocrx_word' id='word_1_18' title='bbox 144 639 300 678; x_wconf 84' lang='lat' dir='ltr'>Metello</span> <span class='ocrx_word' id='word_1_19' title='bbox 328 639 445 678; x_wconf 88' lang='lat' dir='ltr'>Caluo</span> <span class='ocrx_word' id='word_1_20' title='bbox 474 651 575 677; x_wconf 87' lang='lat' dir='ltr'>anno</span> <span class='ocrx_word' id='word_1_21' title='bbox 606 636 700 677; x_wconf 73' lang='lat'>14‘2.</span> <span class='ocrx_word' id='word_1_22' title='bbox 723 635 820 676; x_wconf 75' lang='lat'>612.</span> <span class='ocrx_word' id='word_1_23' title='bbox 860 640 892 676; x_wconf 88' lang='lat' dir='ltr'>is</span> <span class='ocrx_word' id='word_1_24' title='bbox 920 651 965 677; x_wconf 78' lang='lat' dir='ltr'>ex</span> <span class='ocrx_word' id='word_1_25' title='bbox 1000 638 1146 677; x_wconf 85' lang='lat' dir='ltr'>familia</span> <span class='ocrx_word' id='word_1_26' title='bbox 1174 637 1360 688; x_wconf 82' lang='lat' dir='ltr'>Seruilia,</span> <span class='ocrx_word' id='word_1_27' title='bbox 1394 640 1434 676; x_wconf 89' lang='lat' dir='ltr'>in</span> <span class='ocrx_word' id='word_1_28' title='bbox 1462 651 1536 689; x_wconf 86' lang='lat' dir='ltr'>qua</span> <span class='ocrx_word' id='word_1_29' title='bbox 1565 644 1680 676; x_wconf 88' lang='lat' dir='ltr'>natus</span> 
     </span>
     <span class='ocr_line' id='line_1_4' title="bbox 144 700 1679 759; baseline -0.003 -15"><span class='ocrx_word' id='word_1_30' title='bbox 144 712 229 744; x_wconf 89' lang='lat' dir='ltr'>erat</span> <span class='ocrx_word' id='word_1_31' title='bbox 262 702 445 759; x_wconf 78' lang='lat' dir='ltr'>(sortasse</span> <span class='ocrx_word' id='word_1_32' title='bbox 474 705 541 743; x_wconf 86' lang='lat' dir='ltr'>Cn.</span> <span class='ocrx_word' id='word_1_33' title='bbox 563 704 732 743; x_wconf 87' lang='lat' dir='ltr'>Seruilio</span> <span class='ocrx_word' id='word_1_34' title='bbox 767 704 961 754; x_wconf 76' lang='lat' dir='ltr'>Caepione</span> <span class='ocrx_word' id='word_1_35' title='bbox 995 703 1156 742; x_wconf 88' lang='lat' dir='ltr'>consule</span> <span class='ocrx_word' id='word_1_36' title='bbox 1184 716 1216 742; x_wconf 90' lang='lat' dir='ltr'>a.</span> <span class='ocrx_word' id='word_1_37' title='bbox 1241 700 1336 742; x_wconf 82' lang='grc'><strong>169.</strong></span> <span class='ocrx_word' id='word_1_38' title='bbox 1357 700 1443 742; x_wconf 75' lang='lat'>585</span> <span class='ocrx_word' id='word_1_39' title='bbox 1477 700 1625 757; x_wconf 74' lang='lat' dir='ltr'>patre),</span> <span class='ocrx_word' id='word_1_40' title='bbox 1660 716 1679 741; x_wconf 85' lang='lat' dir='ltr'>a</span> 
     </span>
     <span class='ocr_line' id='line_1_5' title="bbox 145 767 1679 821; baseline -0.001 -14"><span class='ocrx_word' id='word_1_41' title='bbox 145 771 188 816; x_wconf 74' lang='lat' dir='ltr'>Q.</span> <span class='ocrx_word' id='word_1_42' title='bbox 210 770 375 809; x_wconf 84' lang='lat' dir='ltr'>Maximo</span> <span class='ocrx_word' id='word_1_43' title='bbox 403 775 583 821; x_wconf 89' lang='lat' dir='ltr'>praetore</span> <span class='ocrx_word' id='word_1_44' title='bbox 611 782 643 808; x_wconf 89' lang='lat' dir='ltr'>a.</span> <span class='ocrx_word' id='word_1_45' title='bbox 668 767 762 809; x_wconf 80' lang='lat'>181.</span> <span class='ocrx_word' id='word_1_46' title='bbox 784 767 869 809; x_wconf 73' lang='lat'>573</span> <span class='ocrx_word' id='word_1_47' title='bbox 904 774 1086 820; x_wconf 87' lang='lat' dir='ltr'>receptus</span> <span class='ocrx_word' id='word_1_48' title='bbox 1120 770 1160 806; x_wconf 91' lang='lat' dir='ltr'>in</span> <span class='ocrx_word' id='word_1_49' title='bbox 1188 767 1346 806; x_wconf 80' lang='lat' dir='ltr'>Fabiam</span> <span class='ocrx_word' id='word_1_50' title='bbox 1378 773 1616 818; x_wconf 86' lang='lat' dir='ltr'>peruenerat</span> <span class='ocrx_word' id='word_1_51' title='bbox 1643 773 1679 805; x_wconf 56' lang='lat' dir='ltr'>et,</span> 
     </span>
     <span class='ocr_line' id='line_1_6' title="bbox 145 833 1680 886; baseline -0.003 -12"><span class='ocrx_word' id='word_1_52' title='bbox 145 848 234 874; x_wconf 70' lang='lat' dir='ltr'>rum</span> <span class='ocrx_word' id='word_1_53' title='bbox 263 837 301 874; x_wconf 88' lang='lat' dir='ltr'>in</span> <span class='ocrx_word' id='word_1_54' title='bbox 328 835 429 874; x_wconf 88' lang='lat' dir='ltr'>bello</span> <span class='ocrx_word' id='word_1_55' title='bbox 458 835 592 873; x_wconf 69' lang='lat' dir='ltr'>Viriati</span> <span class='ocrx_word' id='word_1_56' title='bbox 618 835 791 886; x_wconf 85' lang='lat' dir='ltr'>gerendo</span> <span class='ocrx_word' id='word_1_57' title='bbox 819 834 955 873; x_wconf 89' lang='lat' dir='ltr'>consul</span> <span class='ocrx_word' id='word_1_58' title='bbox 983 840 1021 873; x_wconf 89' lang='lat' dir='ltr'>et</span> <span class='ocrx_word' id='word_1_59' title='bbox 1046 833 1257 885; x_wconf 85' lang='lat' dir='ltr'>proconsul</span> <span class='ocrx_word' id='word_1_60' title='bbox 1285 834 1380 871; x_wconf 88' lang='lat' dir='ltr'>satis</span> <span class='ocrx_word' id='word_1_61' title='bbox 1414 833 1584 871; x_wconf 80' lang='lat' dir='ltr'>feliciter</span> <span class='ocrx_word' id='word_1_62' title='bbox 1609 845 1680 883; x_wconf 92' lang='lat' dir='ltr'>pu—</span> 
     </span>
     <span class='ocr_line' id='line_1_7' title="bbox 144 897 1679 952; baseline -0.002 -13"><span class='ocrx_word' id='word_1_63' title='bbox 144 907 302 952; x_wconf 76' lang='lat' dir='ltr'>gnasset</span> <span class='ocrx_word' id='word_1_64' title='bbox 324 913 581 951; x_wconf 82' lang='lat' dir='ltr'>magnamque</span> <span class='ocrx_word' id='word_1_65' title='bbox 603 906 754 951; x_wconf 86' lang='lat' dir='ltr'>partem</span> <span class='ocrx_word' id='word_1_66' title='bbox 771 900 995 939; x_wconf 79' lang='lat' dir='ltr'>Lusitaniae</span> <span class='ocrx_word' id='word_1_67' title='bbox 1018 900 1250 950; x_wconf 82' lang='lat' dir='ltr'>expugnatis</span> <span class='ocrx_word' id='word_1_68' title='bbox 1269 898 1416 950; x_wconf 79' lang='lat' dir='ltr'>aliquot</span> <span class='ocrx_word' id='word_1_69' title='bbox 1436 897 1602 937; x_wconf 82' lang='lat' dir='ltr'>urbibus</span> <span class='ocrx_word' id='word_1_70' title='bbox 1619 910 1679 936; x_wconf 91' lang='lat' dir='ltr'>re-</span> 
     </span>
     <span class='ocr_line' id='line_1_8' title="bbox 144 963 1678 1017; baseline -0.001 -14"><span class='ocrx_word' id='word_1_71' title='bbox 144 968 326 1017; x_wconf 68' lang='lat' dir='ltr'>cepisset,</span> <span class='ocrx_word' id='word_1_72' title='bbox 352 971 551 1017; x_wconf 84' lang='lat' dir='ltr'>postremo</span> <span class='ocrx_word' id='word_1_73' title='bbox 580 967 619 1004; x_wconf 84' lang='lat' dir='ltr'>in</span> <span class='ocrx_word' id='word_1_74' title='bbox 646 967 846 1016; x_wconf 80' lang='lat' dir='ltr'>angustias</span> <span class='ocrx_word' id='word_1_75' title='bbox 873 977 961 1004; x_wconf 89' lang='lat' dir='ltr'>cum</span> <span class='ocrx_word' id='word_1_76' title='bbox 990 965 1166 1003; x_wconf 82' lang='lat' dir='ltr'>exercitu</span> <span class='ocrx_word' id='word_1_77' title='bbox 1188 964 1414 1015; x_wconf 84' lang='lat' dir='ltr'>compulsus</span> <span class='ocrx_word' id='word_1_78' title='bbox 1436 965 1567 1002; x_wconf 91' lang='lat' dir='ltr'>minus</span> <span class='ocrx_word' id='word_1_79' title='bbox 1595 963 1678 1002; x_wconf 84' lang='lat' dir='ltr'>seli-</span> 
     </span>
     <span class='ocr_line' id='line_1_9' title="bbox 143 1027 1678 1082; baseline -0.001 -13"><span class='ocrx_word' id='word_1_80' title='bbox 143 1033 245 1070; x_wconf 81' lang='lat' dir='ltr'>citer</span> <span class='ocrx_word' id='word_1_81' title='bbox 277 1044 392 1082; x_wconf 91' lang='lat' dir='ltr'>quam</span> <span class='ocrx_word' id='word_1_82' title='bbox 419 1030 462 1076; x_wconf 83' lang='lat' dir='ltr'>Q.</span> <span class='ocrx_word' id='word_1_83' title='bbox 483 1030 627 1069; x_wconf 89' lang='lat' dir='ltr'>Fabius</span> <span class='ocrx_word' id='word_1_84' title='bbox 655 1030 847 1070; x_wconf 79' lang='lat' dir='ltr'>Maximus</span> <span class='ocrx_word' id='word_1_85' title='bbox 874 1030 1115 1069; x_wconf 85' lang='lat' dir='ltr'>Aemilianus</span> <span class='ocrx_word' id='word_1_86' title='bbox 1143 1027 1277 1068; x_wconf 74' lang='lat' dir='ltr'>‘rebus</span> <span class='ocrx_word' id='word_1_87' title='bbox 1304 1030 1345 1068; x_wconf 93' lang='lat' dir='ltr'>in</span> <span class='ocrx_word' id='word_1_88' title='bbox 1371 1028 1559 1080; x_wconf 86' lang='lat' dir='ltr'>Hispania</span> <span class='ocrx_word' id='word_1_89' title='bbox 1589 1041 1678 1080; x_wconf 90' lang='lat' dir='ltr'>pro-</span> 
     </span>
     <span class='ocr_line' id='line_1_10' title="bbox 143 1093 1678 1148; baseline -0.002 -13"><span class='ocrx_word' id='word_1_90' title='bbox 143 1109 258 1148; x_wconf 80' lang='lat' dir='ltr'>spere</span> <span class='ocrx_word' id='word_1_91' title='bbox 287 1098 407 1147; x_wconf 82' lang='lat' dir='ltr'>gestis</span> <span class='ocrx_word' id='word_1_92' title='bbox 435 1096 562 1135; x_wconf 89' lang='lat' dir='ltr'>labem</span> <span class='ocrx_word' id='word_1_93' title='bbox 589 1097 777 1148; x_wconf 89' lang='lat' dir='ltr'>imposuit</span> <span class='ocrx_word' id='word_1_94' title='bbox 802 1108 897 1147; x_wconf 91' lang='lat' dir='ltr'>pace</span> <span class='ocrx_word' id='word_1_95' title='bbox 929 1108 1017 1134; x_wconf 90' lang='lat' dir='ltr'>cum</span> <span class='ocrx_word' id='word_1_96' title='bbox 1041 1095 1187 1134; x_wconf 83' lang='lat' dir='ltr'>Viriato</span> <span class='ocrx_word' id='word_1_97' title='bbox 1215 1096 1351 1146; x_wconf 83' lang='lat' dir='ltr'>aequis</span> <span class='ocrx_word' id='word_1_98' title='bbox 1379 1093 1678 1133; x_wconf 80' lang='lat' dir='ltr'>condicionibus</span> 
     </span>
     <span class='ocr_line' id='line_1_11' title="bbox 143 1157 739 1215; baseline 0.002 -16"><span class='ocrx_word' id='word_1_99' title='bbox 143 1159 258 1200; x_wconf 78' lang='lat' dir='ltr'>sacta&#39;</span> <span class='ocrx_word' id='word_1_100' title='bbox 288 1161 390 1215; x_wconf 74' lang='lat' dir='ltr'>(Liu.</span> <span class='ocrx_word' id='word_1_101' title='bbox 412 1161 584 1213; x_wconf 86' lang='lat' dir='ltr'>perioch.</span> <span class='ocrx_word' id='word_1_102' title='bbox 607 1157 739 1215; x_wconf 74' lang='lat'>54).2)</span> 
     </span>
    </p>

    <p class='ocr_par' dir='ltr' id='par_1_3' title="bbox 137 1225 1678 2325">
     <span class='ocr_line' id='line_1_12' title="bbox 232 1225 1677 1278; baseline -0.002 -12"><span class='ocrx_word' id='word_1_103' title='bbox 232 1228 356 1278; x_wconf 82' lang='lat' dir='ltr'>Atque</span> <span class='ocrx_word' id='word_1_104' title='bbox 382 1227 454 1266; x_wconf 87' lang='lat' dir='ltr'>hae</span> <span class='ocrx_word' id='word_1_105' title='bbox 482 1227 641 1278; x_wconf 85' lang='lat' dir='ltr'>quidem</span> <span class='ocrx_word' id='word_1_106' title='bbox 669 1239 732 1266; x_wconf 89' lang='lat' dir='ltr'>res</span> <span class='ocrx_word' id='word_1_107' title='bbox 759 1239 805 1265; x_wconf 83' lang='lat' dir='ltr'>ex</span> <span class='ocrx_word' id='word_1_108' title='bbox 827 1227 1015 1265; x_wconf 87' lang='lat' dir='ltr'>memoria</span> <span class='ocrx_word' id='word_1_109' title='bbox 1037 1228 1122 1265; x_wconf 88' lang='lat' dir='ltr'>eius</span> <span class='ocrx_word' id='word_1_110' title='bbox 1152 1225 1303 1264; x_wconf 85' lang='lat' dir='ltr'>turbata</span> <span class='ocrx_word' id='word_1_111' title='bbox 1324 1231 1363 1264; x_wconf 91' lang='lat' dir='ltr'>et</span> <span class='ocrx_word' id='word_1_112' title='bbox 1388 1225 1572 1264; x_wconf 84' lang='lat' dir='ltr'>lacunosa</span> <span class='ocrx_word' id='word_1_113' title='bbox 1594 1237 1677 1264; x_wconf 89' lang='lat' dir='ltr'>cer-</span> 
     </span>
     <span class='ocr_line' id='line_1_13' title="bbox 140 1291 1676 1345; baseline -0.002 -14"><span class='ocrx_word' id='word_1_114' title='bbox 140 1299 203 1332; x_wconf 84' lang='lat' dir='ltr'>tae</span> <span class='ocrx_word' id='word_1_115' title='bbox 231 1299 339 1345; x_wconf 79' lang='lat' dir='ltr'>su11t3</span> <span class='ocrx_word' id='word_1_116' title='bbox 373 1293 508 1331; x_wconf 86' lang='lat' dir='ltr'>omitto</span> <span class='ocrx_word' id='word_1_117' title='bbox 537 1292 648 1344; x_wconf 80' lang='lat' dir='ltr'>alias,</span> <span class='ocrx_word' id='word_1_118' title='bbox 682 1305 780 1344; x_wconf 88' lang='lat' dir='ltr'>quae</span> <span class='ocrx_word' id='word_1_119' title='bbox 808 1292 856 1331; x_wconf 92' lang='lat' dir='ltr'>ad</span> <span class='ocrx_word' id='word_1_120' title='bbox 883 1293 967 1331; x_wconf 88' lang='lat' dir='ltr'>eius</span> <span class='ocrx_word' id='word_1_121' title='bbox 993 1292 1199 1331; x_wconf 78' lang='lat' dir='ltr'>historiam</span> <span class='ocrx_word' id='word_1_122' title='bbox 1227 1291 1281 1329; x_wconf 90' lang='lat' dir='ltr'>nil</span> <span class='ocrx_word' id='word_1_123' title='bbox 1314 1292 1516 1342; x_wconf 84' lang='lat' dir='ltr'>pertinent</span> <span class='ocrx_word' id='word_1_124' title='bbox 1548 1302 1676 1341; x_wconf 88' lang='lat' dir='ltr'>neque</span> 
     </span>
     <span class='ocr_line' id='line_1_14' title="bbox 143 1353 1678 1409; baseline -0.001 -13"><span class='ocrx_word' id='word_1_125' title='bbox 143 1357 386 1397; x_wconf 79' lang='lat' dir='ltr'>dubitatione</span> <span class='ocrx_word' id='word_1_126' title='bbox 416 1364 561 1409; x_wconf 83' lang='lat' dir='ltr'>carent,</span> <span class='ocrx_word' id='word_1_127' title='bbox 587 1363 631 1397; x_wconf 88' lang='lat' dir='ltr'>ut</span> <span class='ocrx_word' id='word_1_128' title='bbox 657 1370 825 1397; x_wconf 84' lang='lat' dir='ltr'>censura</span> <span class='ocrx_word' id='word_1_129' title='bbox 853 1369 952 1409; x_wconf 87' lang='lat' dir='ltr'>quae</span> <span class='ocrx_word' id='word_1_130' title='bbox 979 1370 999 1395; x_wconf 91' lang='lat' dir='ltr'>a</span> <span class='ocrx_word' id='word_1_131' title='bbox 1019 1357 1172 1396; x_wconf 89' lang='lat' dir='ltr'>Valerio</span> <span class='ocrx_word' id='word_1_132' title='bbox 1194 1357 1360 1395; x_wconf 82' lang='lat' dir='ltr'>Maximo</span> <span class='ocrx_word' id='word_1_133' title='bbox 1388 1353 1445 1409; x_wconf 79' lang='grc'>(6,</span> <span class='ocrx_word' id='word_1_134' title='bbox 1464 1354 1499 1407; x_wconf 83' lang='lat'>1,</span> <span class='ocrx_word' id='word_1_135' title='bbox 1515 1353 1560 1399; x_wconf 53' lang='lat'>5)</span> <span class='ocrx_word' id='word_1_136' title='bbox 1588 1369 1678 1407; x_wconf 91' lang='lat' dir='ltr'>per-</span> 
     </span>
     <span class='ocr_line' id='line_1_15' title="bbox 143 1419 1677 1476; baseline -0.001 -15"><span class='ocrx_word' id='word_1_137' title='bbox 143 1435 278 1474; x_wconf 89' lang='lat' dir='ltr'>peram</span> <span class='ocrx_word' id='word_1_138' title='bbox 305 1423 352 1462; x_wconf 91' lang='lat' dir='ltr'>ad</span> <span class='ocrx_word' id='word_1_139' title='bbox 380 1424 464 1462; x_wconf 89' lang='lat' dir='ltr'>eius</span> <span class='ocrx_word' id='word_1_140' title='bbox 492 1423 615 1462; x_wconf 83' lang='lat' dir='ltr'>filium</span> <span class='ocrx_word' id='word_1_141' title='bbox 642 1423 831 1462; x_wconf 86' lang='lat' dir='ltr'>translata</span> <span class='ocrx_word' id='word_1_142' title='bbox 858 1419 966 1476; x_wconf 80' lang='lat' dir='ltr'>est.³)</span> <span class='ocrx_word' id='word_1_143' title='bbox 998 1424 1118 1461; x_wconf 90' lang='lat' dir='ltr'>immo</span> <span class='ocrx_word' id='word_1_144' title='bbox 1139 1427 1227 1474; x_wconf 87' lang='lat' dir='ltr'>post</span> <span class='ocrx_word' id='word_1_145' title='bbox 1252 1421 1358 1460; x_wconf 89' lang='lat' dir='ltr'>illam</span> <span class='ocrx_word' id='word_1_146' title='bbox 1380 1421 1507 1460; x_wconf 88' lang='lat' dir='ltr'>labem</span> <span class='ocrx_word' id='word_1_147' title='bbox 1529 1434 1574 1460; x_wconf 79' lang='lat' dir='ltr'>ex</span> <span class='ocrx_word' id='word_1_148' title='bbox 1596 1423 1677 1460; x_wconf 88' lang='lat' dir='ltr'>uita</span> 
     </span>
     <span class='ocr_line' id='line_1_16' title="bbox 143 1486 1676 1540; baseline 0 -15"><span class='ocrx_word' id='word_1_149' title='bbox 143 1487 298 1539; x_wconf 79' lang='lat' dir='ltr'>publica</span> <span class='ocrx_word' id='word_1_150' title='bbox 327 1489 366 1526; x_wconf 87' lang='lat' dir='ltr'>in</span> <span class='ocrx_word' id='word_1_151' title='bbox 394 1489 589 1539; x_wconf 86' lang='lat' dir='ltr'>priuatam</span> <span class='ocrx_word' id='word_1_152' title='bbox 610 1500 652 1526; x_wconf 92' lang='lat' dir='ltr'>se</span> <span class='ocrx_word' id='word_1_153' title='bbox 680 1490 830 1540; x_wconf 88' lang='lat' dir='ltr'>recepit</span> <span class='ocrx_word' id='word_1_154' title='bbox 851 1494 888 1527; x_wconf 92' lang='lat' dir='ltr'>et</span> <span class='ocrx_word' id='word_1_155' title='bbox 915 1488 1143 1540; x_wconf 86' lang='lat' dir='ltr'>pontificem</span> <span class='ocrx_word' id='word_1_156' title='bbox 1167 1500 1207 1526; x_wconf 92' lang='lat' dir='ltr'>se</span> <span class='ocrx_word' id='word_1_157' title='bbox 1230 1488 1405 1538; x_wconf 90' lang='lat' dir='ltr'>cooptari</span> <span class='ocrx_word' id='word_1_158' title='bbox 1425 1486 1573 1537; x_wconf 82' lang='lat' dir='ltr'>maluit,</span> <span class='ocrx_word' id='word_1_159' title='bbox 1600 1499 1676 1538; x_wconf 89' lang='lat' dir='ltr'>quo</span> 
     </span>
     <span class='ocr_line' id='line_1_17' title="bbox 142 1551 1676 1605; baseline -0.001 -13"><span class='ocrx_word' id='word_1_160' title='bbox 142 1552 360 1592; x_wconf 82' lang='lat' dir='ltr'>sacerdotio</span> <span class='ocrx_word' id='word_1_161' title='bbox 393 1559 476 1591; x_wconf 89' lang='lat' dir='ltr'>tum</span> <span class='ocrx_word' id='word_1_162' title='bbox 503 1553 619 1591; x_wconf 88' lang='lat' dir='ltr'>Fabia</span> <span class='ocrx_word' id='word_1_163' title='bbox 653 1566 749 1604; x_wconf 82' lang='lat' dir='ltr'>gens</span> <span class='ocrx_word' id='word_1_164' title='bbox 775 1555 897 1605; x_wconf 88' lang='lat' dir='ltr'>potita</span> <span class='ocrx_word' id='word_1_165' title='bbox 930 1560 999 1592; x_wconf 88' lang='lat' dir='ltr'>est.</span> <span class='ocrx_word' id='word_1_166' title='bbox 1032 1553 1138 1592; x_wconf 89' lang='lat' dir='ltr'>idem</span> <span class='ocrx_word' id='word_1_167' title='bbox 1166 1559 1296 1591; x_wconf 90' lang='lat' dir='ltr'>tamen</span> <span class='ocrx_word' id='word_1_168' title='bbox 1323 1558 1366 1591; x_wconf 90' lang='lat' dir='ltr'>ut</span> <span class='ocrx_word' id='word_1_169' title='bbox 1399 1552 1465 1590; x_wconf 89' lang='lat' dir='ltr'>alii</span> <span class='ocrx_word' id='word_1_170' title='bbox 1498 1551 1676 1591; x_wconf 89' lang='lat' dir='ltr'>eiusdem</span> 
     </span>
     <span class='ocr_line' id='line_1_18' title="bbox 142 1613 1675 1671; baseline 0 -14"><span class='ocrx_word' id='word_1_171' title='bbox 142 1620 313 1657; x_wconf 84' lang='lat' dir='ltr'>nominis</span> <span class='ocrx_word' id='word_1_172' title='bbox 340 1620 457 1657; x_wconf 90' lang='lat' dir='ltr'>etiam</span> <span class='ocrx_word' id='word_1_173' title='bbox 484 1618 703 1657; x_wconf 87' lang='lat' dir='ltr'>litterarum</span> <span class='ocrx_word' id='word_1_174' title='bbox 731 1620 767 1657; x_wconf 91' lang='lat' dir='ltr'>ei</span> <span class='ocrx_word' id='word_1_175' title='bbox 793 1620 930 1669; x_wconf 84' lang='lat' dir='ltr'>generi</span> <span class='ocrx_word' id='word_1_176' title='bbox 956 1619 1123 1657; x_wconf 86' lang='lat' dir='ltr'>uacauit.</span> <span class='ocrx_word' id='word_1_177' title='bbox 1166 1630 1254 1656; x_wconf 89' lang='lat' dir='ltr'>nam</span> <span class='ocrx_word' id='word_1_178' title='bbox 1282 1617 1502 1656; x_wconf 85' lang='lat' dir='ltr'>Macrobius</span> <span class='ocrx_word' id='word_1_179' title='bbox 1531 1613 1596 1671; x_wconf 79' lang='lat' dir='ltr'>(fr.</span> <span class='ocrx_word' id='word_1_180' title='bbox 1622 1614 1675 1671; x_wconf 73' lang='lat'>4)</span> 
     </span>
     <span class='ocr_line' id='line_1_19' title="bbox 142 1682 1676 1735; baseline -0.001 -13"><span class='ocrx_word' id='word_1_181' title='bbox 142 1683 330 1735; x_wconf 79' lang='lat' dir='ltr'>quaedam</span> <span class='ocrx_word' id='word_1_182' title='bbox 368 1695 415 1721; x_wconf 86' lang='lat' dir='ltr'>ex</span> <span class='ocrx_word' id='word_1_183' title='bbox 451 1682 550 1721; x_wconf 85' lang='lat' dir='ltr'>libro</span> <span class='ocrx_word' id='word_1_184' title='bbox 587 1683 656 1721; x_wconf 81' lang='lat' dir='ltr'>XII</span> <span class='ocrx_word' id='word_1_185' title='bbox 691 1683 802 1722; x_wconf 90' lang='lat' dir='ltr'>Fabii</span> <span class='ocrx_word' id='word_1_186' title='bbox 836 1683 995 1722; x_wconf 83' lang='lat' dir='ltr'>Maximi</span> <span class='ocrx_word' id='word_1_187' title='bbox 1031 1683 1242 1722; x_wconf 81' lang='lat' dir='ltr'>Seruiliam</span> <span class='ocrx_word' id='word_1_188' title='bbox 1279 1682 1462 1734; x_wconf 86' lang='lat' dir='ltr'>decerpta</span> <span class='ocrx_word' id='word_1_189' title='bbox 1506 1683 1676 1733; x_wconf 80' lang='lat' dir='ltr'>exhibet,</span> 
     </span>
     <span class='ocr_line' id='line_1_20' title="bbox 140 1747 1675 1800; baseline 0 -13"><span class='ocrx_word' id='word_1_190' title='bbox 140 1761 239 1800; x_wconf 84' lang='lat' dir='ltr'>quae</span> <span class='ocrx_word' id='word_1_191' title='bbox 268 1761 313 1786; x_wconf 82' lang='lat' dir='ltr'>ex</span> <span class='ocrx_word' id='word_1_192' title='bbox 341 1747 452 1786; x_wconf 85' lang='lat' dir='ltr'>libris</span> <span class='ocrx_word' id='word_1_193' title='bbox 479 1749 691 1799; x_wconf 82' lang='lat' dir='ltr'>pontificiis</span> <span class='ocrx_word' id='word_1_194' title='bbox 718 1761 805 1788; x_wconf 89' lang='lat' dir='ltr'>esse</span> <span class='ocrx_word' id='word_1_195' title='bbox 833 1754 871 1788; x_wconf 88' lang='lat' dir='ltr'>et</span> <span class='ocrx_word' id='word_1_196' title='bbox 897 1762 944 1788; x_wconf 83' lang='lat' dir='ltr'>ex</span> <span class='ocrx_word' id='word_1_197' title='bbox 972 1750 1028 1788; x_wconf 90' lang='lat' dir='ltr'>eis</span> <span class='ocrx_word' id='word_1_198' title='bbox 1056 1750 1152 1800; x_wconf 87' lang='lat' dir='ltr'>ipsis</span> <span class='ocrx_word' id='word_1_199' title='bbox 1179 1761 1278 1799; x_wconf 88' lang='lat' dir='ltr'>quae</span> <span class='ocrx_word' id='word_1_200' title='bbox 1305 1747 1539 1787; x_wconf 86' lang='lat' dir='ltr'>adseruntur</span> <span class='ocrx_word' id='word_1_201' title='bbox 1565 1755 1602 1787; x_wconf 89' lang='lat' dir='ltr'>et</span> <span class='ocrx_word' id='word_1_202' title='bbox 1629 1762 1675 1788; x_wconf 86' lang='lat' dir='ltr'>ex</span> 
     </span>
     <span class='ocr_line' id='line_1_21' title="bbox 140 1813 1675 1865; baseline 0 -12"><span class='ocrx_word' id='word_1_203' title='bbox 140 1826 237 1853; x_wconf 90' lang='lat' dir='ltr'>uoce</span> <span class='ocrx_word' id='word_1_204' title='bbox 264 1814 462 1865; x_wconf 82' lang='lat' dir='ltr'>pontificis</span> <span class='ocrx_word' id='word_1_205' title='bbox 489 1813 619 1852; x_wconf 87' lang='lat' dir='ltr'>addita</span> <span class='ocrx_word' id='word_1_206' title='bbox 646 1820 819 1865; x_wconf 75' lang='lat' dir='ltr'>apparet,</span> <span class='ocrx_word' id='word_1_207' title='bbox 846 1815 924 1853; x_wconf 88' lang='lat' dir='ltr'>nisi</span> <span class='ocrx_word' id='word_1_208' title='bbox 951 1815 1050 1853; x_wconf 85' lang='lat' dir='ltr'>forte</span> <span class='ocrx_word' id='word_1_209' title='bbox 1079 1814 1266 1853; x_wconf 82' lang='lat' dir='ltr'>confusus</span> <span class='ocrx_word' id='word_1_210' title='bbox 1295 1819 1355 1852; x_wconf 90' lang='lat' dir='ltr'>est</span> <span class='ocrx_word' id='word_1_211' title='bbox 1378 1813 1424 1852; x_wconf 89' lang='lat' dir='ltr'>ab</span> <span class='ocrx_word' id='word_1_212' title='bbox 1446 1813 1511 1852; x_wconf 87' lang='lat' dir='ltr'>illo</span> <span class='ocrx_word' id='word_1_213' title='bbox 1532 1814 1675 1853; x_wconf 89' lang='lat' dir='ltr'>Fabius</span> 
     </span>
     <span class='ocr_line' id='line_1_22' title="bbox 137 1878 1676 1930; baseline 0.001 -13"><span class='ocrx_word' id='word_1_214' title='bbox 137 1879 331 1918; x_wconf 83' lang='lat' dir='ltr'>Maximus</span> <span class='ocrx_word' id='word_1_215' title='bbox 359 1878 603 1917; x_wconf 85' lang='lat' dir='ltr'>Seruilianus</span> <span class='ocrx_word' id='word_1_216' title='bbox 630 1892 720 1918; x_wconf 84' lang='lat' dir='ltr'>cum</span> <span class='ocrx_word' id='word_1_217' title='bbox 747 1879 864 1918; x_wconf 89' lang='lat' dir='ltr'>Fabio</span> <span class='ocrx_word' id='word_1_218' title='bbox 887 1880 1052 1930; x_wconf 80' lang='lat' dir='ltr'>Pictore,</span> <span class='ocrx_word' id='word_1_219' title='bbox 1081 1892 1127 1918; x_wconf 83' lang='lat' dir='ltr'>ex</span> <span class='ocrx_word' id='word_1_220' title='bbox 1156 1880 1268 1918; x_wconf 89' lang='lat' dir='ltr'>cuius</span> <span class='ocrx_word' id='word_1_221' title='bbox 1294 1880 1422 1930; x_wconf 74' lang='lat' dir='ltr'>prImo</span> <span class='ocrx_word' id='word_1_222' title='bbox 1450 1878 1549 1917; x_wconf 88' lang='lat' dir='ltr'>libro</span> <span class='ocrx_word' id='word_1_223' title='bbox 1578 1881 1676 1918; x_wconf 87' lang='lat' dir='ltr'>iuris</span> 
     </span>
     <span class='ocr_line' id='line_1_23' title="bbox 138 1941 1674 1999; baseline 0.001 -17"><span class='ocrx_word' id='word_1_224' title='bbox 138 1944 332 1995; x_wconf 80' lang='lat' dir='ltr'>pontificii</span> <span class='ocrx_word' id='word_1_225' title='bbox 360 1943 434 1982; x_wconf 91' lang='lat' dir='ltr'>duo</span> <span class='ocrx_word' id='word_1_226' title='bbox 463 1944 678 1995; x_wconf 80' lang='lat' dir='ltr'>fragmenta</span> <span class='ocrx_word' id='word_1_227' title='bbox 706 1941 764 1998; x_wconf 78' lang='lat'>(4.</span> <span class='ocrx_word' id='word_1_228' title='bbox 786 1941 832 1999; x_wconf 81' lang='lat'>5)</span> <span class='ocrx_word' id='word_1_229' title='bbox 861 1944 964 1984; x_wconf 92' lang='lat' dir='ltr'>idem</span> <span class='ocrx_word' id='word_1_230' title='bbox 986 1945 1173 1984; x_wconf 87' lang='lat' dir='ltr'>seruauit.</span> <span class='ocrx_word' id='word_1_231' title='bbox 1214 1945 1278 1983; x_wconf 88' lang='lat' dir='ltr'>cui</span> <span class='ocrx_word' id='word_1_232' title='bbox 1299 1945 1517 1995; x_wconf 89' lang='lat' dir='ltr'>suspicioni</span> <span class='ocrx_word' id='word_1_233' title='bbox 1538 1957 1674 1996; x_wconf 89' lang='lat' dir='ltr'>quam-</span> 
     </span>
     <span class='ocr_line' id='line_1_24' title="bbox 138 2008 1675 2061; baseline 0.001 -13"><span class='ocrx_word' id='word_1_234' title='bbox 138 2022 255 2061; x_wconf 87' lang='lat' dir='ltr'>quam</span> <span class='ocrx_word' id='word_1_235' title='bbox 288 2011 340 2048; x_wconf 87' lang='lat' dir='ltr'>ita</span> <span class='ocrx_word' id='word_1_236' title='bbox 372 2008 536 2048; x_wconf 88' lang='lat' dir='ltr'>indulsit</span> <span class='ocrx_word' id='word_1_237' title='bbox 560 2009 620 2049; x_wconf 90' lang='lat' dir='ltr'>Du</span> <span class='ocrx_word' id='word_1_238' title='bbox 646 2009 764 2061; x_wconf 67' lang='lat' dir='ltr'>Rieu,</span> <span class='ocrx_word' id='word_1_239' title='bbox 794 2016 838 2049; x_wconf 88' lang='lat' dir='ltr'>ut</span> <span class='ocrx_word' id='word_1_240' title='bbox 869 2010 974 2049; x_wconf 84' lang='lat' dir='ltr'>hunc</span> <span class='ocrx_word' id='word_1_241' title='bbox 1006 2010 1135 2048; x_wconf 90' lang='lat' dir='ltr'>locum</span> <span class='ocrx_word' id='word_1_242' title='bbox 1169 2011 1210 2048; x_wconf 91' lang='lat' dir='ltr'>in</span> <span class='ocrx_word' id='word_1_243' title='bbox 1236 2009 1346 2048; x_wconf 88' lang='lat' dir='ltr'>Fabii</span> <span class='ocrx_word' id='word_1_244' title='bbox 1372 2009 1541 2048; x_wconf 85' lang='lat' dir='ltr'>Pictoris</span> <span class='ocrx_word' id='word_1_245' title='bbox 1574 2011 1675 2061; x_wconf 82' lang='lat' dir='ltr'>frag-</span> 
     </span>
     <span class='ocr_line' id='line_1_25' title="bbox 139 2070 1673 2130; baseline 0.001 -17"><span class='ocrx_word' id='word_1_246' title='bbox 139 2076 283 2114; x_wconf 86' lang='lat' dir='ltr'>mentis</span> <span class='ocrx_word' id='word_1_247' title='bbox 309 2080 475 2126; x_wconf 84' lang='lat' dir='ltr'>poneret</span> <span class='ocrx_word' id='word_1_248' title='bbox 502 2070 704 2130; x_wconf 47' lang='lat'>(11208),</span> <span class='ocrx_word' id='word_1_249' title='bbox 738 2081 869 2114; x_wconf 84' lang='lat' dir='ltr'>tamen</span> <span class='ocrx_word' id='word_1_250' title='bbox 903 2088 991 2114; x_wconf 90' lang='lat' dir='ltr'>cum</span> <span class='ocrx_word' id='word_1_251' title='bbox 1022 2081 1129 2113; x_wconf 86' lang='lat' dir='ltr'>certa</span> <span class='ocrx_word' id='word_1_252' title='bbox 1157 2087 1291 2125; x_wconf 79' lang='lat' dir='ltr'>causa,</span> <span class='ocrx_word' id='word_1_253' title='bbox 1325 2087 1396 2113; x_wconf 88' lang='lat' dir='ltr'>cur</span> <span class='ocrx_word' id='word_1_254' title='bbox 1426 2075 1526 2113; x_wconf 89' lang='lat' dir='ltr'>haec</span> <span class='ocrx_word' id='word_1_255' title='bbox 1552 2075 1673 2114; x_wconf 89' lang='lat' dir='ltr'>uerba</span> 
     </span>
     <span class='ocr_line' id='line_1_26' title="bbox 140 2139 1674 2192; baseline -0.001 -14"><span class='ocrx_word' id='word_1_256' title='bbox 140 2140 359 2179; x_wconf 85' lang='lat' dir='ltr'>Seruiliano</span> <span class='ocrx_word' id='word_1_257' title='bbox 388 2139 721 2192; x_wconf 79' lang='lat' dir='ltr'>abiudicaremus,</span> <span class='ocrx_word' id='word_1_258' title='bbox 755 2154 833 2180; x_wconf 91' lang='lat' dir='ltr'>non</span> <span class='ocrx_word' id='word_1_259' title='bbox 860 2146 982 2191; x_wconf 76' lang='lat' dir='ltr'>esset,</span> <span class='ocrx_word' id='word_1_260' title='bbox 1017 2141 1170 2178; x_wconf 88' lang='lat' dir='ltr'>cautius</span> <span class='ocrx_word' id='word_1_261' title='bbox 1198 2152 1244 2178; x_wconf 80' lang='lat' dir='ltr'>ex</span> <span class='ocrx_word' id='word_1_262' title='bbox 1273 2139 1419 2178; x_wconf 87' lang='lat' dir='ltr'>diserto</span> <span class='ocrx_word' id='word_1_263' title='bbox 1448 2141 1674 2179; x_wconf 88' lang='lat' dir='ltr'>testimonio</span> 
     </span>
     <span class='ocr_line' id='line_1_27' title="bbox 138 2205 1673 2257; baseline 0.001 -14"><span class='ocrx_word' id='word_1_264' title='bbox 138 2205 336 2257; x_wconf 80' lang='lat' dir='ltr'>Macrobii,</span> <span class='ocrx_word' id='word_1_265' title='bbox 363 2207 430 2257; x_wconf 90' lang='lat' dir='ltr'>qui</span> <span class='ocrx_word' id='word_1_266' title='bbox 457 2205 543 2244; x_wconf 87' lang='lat' dir='ltr'>aliis</span> <span class='ocrx_word' id='word_1_267' title='bbox 569 2205 666 2245; x_wconf 88' lang='lat' dir='ltr'>locis</span> <span class='ocrx_word' id='word_1_268' title='bbox 692 2219 770 2245; x_wconf 91' lang='lat' dir='ltr'>uno</span> <span class='ocrx_word' id='word_1_269' title='bbox 798 2206 965 2245; x_wconf 82' lang='lat' dir='ltr'>Pictoris</span> <span class='ocrx_word' id='word_1_270' title='bbox 992 2207 1149 2243; x_wconf 86' lang='lat' dir='ltr'>nomine</span> <span class='ocrx_word' id='word_1_271' title='bbox 1177 2206 1313 2256; x_wconf 84' lang='lat' dir='ltr'>utitur,</span> <span class='ocrx_word' id='word_1_272' title='bbox 1340 2206 1424 2256; x_wconf 86' lang='lat' dir='ltr'>ipse</span> <span class='ocrx_word' id='word_1_273' title='bbox 1453 2205 1673 2245; x_wconf 87' lang='lat' dir='ltr'>Seruiliano</span> 
     </span>
     <span class='ocr_line' id='line_1_28' title="bbox 138 2268 851 2325; baseline 0.001 -16"><span class='ocrx_word' id='word_1_274' title='bbox 138 2283 227 2309; x_wconf 90' lang='lat' dir='ltr'>cum</span> <span class='ocrx_word' id='word_1_275' title='bbox 254 2270 419 2310; x_wconf 85' lang='lat' dir='ltr'>Krausio</span> <span class='ocrx_word' id='word_1_276' title='bbox 448 2268 502 2325; x_wconf 82' lang='lat' dir='ltr'>(p.</span> <span class='ocrx_word' id='word_1_277' title='bbox 527 2269 629 2325; x_wconf 74' lang='grc'><strong>171)</strong></span> <span class='ocrx_word' id='word_1_278' title='bbox 660 2268 851 2325; x_wconf 62' lang='grc'><strong>1611111114)</strong></span> 
     </span>
    </p>
   </div>
   <div class='ocr_carea' id='block_1_3' title="bbox 134 2396 1674 2923">
    <p class='ocr_par' dir='ltr' id='par_1_4' title="bbox 135 2396 1672 2496">
     <span class='ocr_line' id='line_1_29' title="bbox 234 2396 1672 2442; baseline 0 -11"><span class='ocrx_word' id='word_1_279' title='bbox 234 2400 266 2442; x_wconf 88' lang='grc'>1)</span> <span class='ocrx_word' id='word_1_280' title='bbox 294 2398 378 2432; x_wconf 80' lang='lat' dir='ltr'>Vid.</span> <span class='ocrx_word' id='word_1_281' title='bbox 406 2398 451 2432; x_wconf 83' lang='lat' dir='ltr'>de</span> <span class='ocrx_word' id='word_1_282' title='bbox 479 2409 520 2432; x_wconf 90' lang='lat' dir='ltr'>eo</span> <span class='ocrx_word' id='word_1_283' title='bbox 547 2397 606 2432; x_wconf 90' lang='lat' dir='ltr'>Du</span> <span class='ocrx_word' id='word_1_284' title='bbox 626 2398 722 2432; x_wconf 84' lang='lat' dir='ltr'>Rieu</span> <span class='ocrx_word' id='word_1_285' title='bbox 748 2399 805 2433; x_wconf 88' lang='lat' dir='ltr'>De</span> <span class='ocrx_word' id='word_1_286' title='bbox 823 2401 924 2442; x_wconf 68' lang='lat' dir='ltr'>yeme</span> <span class='ocrx_word' id='word_1_287' title='bbox 944 2397 1037 2432; x_wconf 88' lang='lat' dir='ltr'>Fab.</span> <span class='ocrx_word' id='word_1_288' title='bbox 1065 2409 1101 2441; x_wconf 89' lang='lat' dir='ltr'>p.</span> <span class='ocrx_word' id='word_1_289' title='bbox 1122 2400 1190 2431; x_wconf 84' lang='lat'>390</span> <span class='ocrx_word' id='word_1_290' title='bbox 1207 2408 1286 2440; x_wconf 85' lang='lat' dir='ltr'>sqq.</span> <span class='ocrx_word' id='word_1_291' title='bbox 1321 2396 1472 2431; x_wconf 76' lang='lat' dir='ltr'>Harless</span> <span class='ocrx_word' id='word_1_292' title='bbox 1499 2397 1557 2432; x_wconf 84' lang='lat' dir='ltr'>De</span> <span class='ocrx_word' id='word_1_293' title='bbox 1577 2397 1672 2432; x_wconf 81' lang='lat' dir='ltr'>Fab.</span> 
     </span>
     <span class='ocr_line' id='line_1_30' title="bbox 135 2450 1303 2496; baseline -0.003 -9"><span class='ocrx_word' id='word_1_294' title='bbox 135 2456 168 2487; x_wconf 80' lang='lat' dir='ltr'>et</span> <span class='ocrx_word' id='word_1_295' title='bbox 194 2452 318 2494; x_wconf 77' lang='lat' dir='ltr'>Aufid.</span> <span class='ocrx_word' id='word_1_296' title='bbox 347 2463 381 2496; x_wconf 88' lang='lat' dir='ltr'>p.</span> <span class='ocrx_word' id='word_1_297' title='bbox 404 2456 555 2486; x_wconf 75' lang='lat'>26—44.</span> <span class='ocrx_word' id='word_1_298' title='bbox 594 2451 768 2486; x_wconf 85' lang='lat' dir='ltr'>Muenzer</span> <span class='ocrx_word' id='word_1_299' title='bbox 794 2451 839 2486; x_wconf 83' lang='lat' dir='ltr'>R.</span> <span class='ocrx_word' id='word_1_300' title='bbox 861 2451 908 2485; x_wconf 91' lang='lat' dir='ltr'>E.</span> <span class='ocrx_word' id='word_1_301' title='bbox 929 2450 979 2484; x_wconf 78' lang='lat' dir='ltr'>VI</span> <span class='ocrx_word' id='word_1_302' title='bbox 1006 2461 1034 2484; x_wconf 86' lang='lat' dir='ltr'>c.</span> <span class='ocrx_word' id='word_1_303' title='bbox 1058 2453 1303 2485; x_wconf 79' lang='lat'>1811—1814.</span> 
     </span>
    </p>

    <p class='ocr_par' dir='ltr' id='par_1_5' title="bbox 134 2503 1672 2602">
     <span class='ocr_line' id='line_1_31' title="bbox 232 2503 1672 2549; baseline 0 -11"><span class='ocrx_word' id='word_1_304' title='bbox 232 2507 267 2548; x_wconf 75' lang='lat'>2)</span> <span class='ocrx_word' id='word_1_305' title='bbox 294 2505 379 2539; x_wconf 87' lang='lat' dir='ltr'>Vid.</span> <span class='ocrx_word' id='word_1_306' title='bbox 399 2505 510 2549; x_wconf 82' lang='lat' dir='ltr'>plura</span> <span class='ocrx_word' id='word_1_307' title='bbox 537 2505 582 2539; x_wconf 88' lang='lat' dir='ltr'>de</span> <span class='ocrx_word' id='word_1_308' title='bbox 608 2505 680 2539; x_wconf 85' lang='lat' dir='ltr'>hac</span> <span class='ocrx_word' id='word_1_309' title='bbox 706 2504 940 2549; x_wconf 81' lang='lat' dir='ltr'>expeditione</span> <span class='ocrx_word' id='word_1_310' title='bbox 968 2514 1026 2548; x_wconf 82' lang='lat' dir='ltr'>ap.</span> <span class='ocrx_word' id='word_1_311' title='bbox 1044 2504 1205 2548; x_wconf 70' lang='lat' dir='ltr'>Appiam.</span> <span class='ocrx_word' id='word_1_312' title='bbox 1226 2503 1384 2548; x_wconf 82' lang='lat' dir='ltr'>Hispan.</span> <span class='ocrx_word' id='word_1_313' title='bbox 1406 2507 1556 2538; x_wconf 80' lang='lat'>67-69.</span> <span class='ocrx_word' id='word_1_314' title='bbox 1594 2504 1672 2538; x_wconf 90' lang='lat' dir='ltr'>Liu.</span> 
     </span>
     <span class='ocr_line' id='line_1_32' title="bbox 134 2557 767 2602; baseline 0 -10"><span class='ocrx_word' id='word_1_315' title='bbox 134 2558 298 2602; x_wconf 85' lang='lat' dir='ltr'>perioch.</span> <span class='ocrx_word' id='word_1_316' title='bbox 321 2561 376 2592; x_wconf 84' lang='lat'>53.</span> <span class='ocrx_word' id='word_1_317' title='bbox 399 2562 454 2593; x_wconf 75' lang='lat'>54.</span> <span class='ocrx_word' id='word_1_318' title='bbox 492 2557 593 2592; x_wconf 72' lang='lat' dir='ltr'>Oros.</span> <span class='ocrx_word' id='word_1_319' title='bbox 616 2562 648 2600; x_wconf 83' lang='lat'>5,</span> <span class='ocrx_word' id='word_1_320' title='bbox 663 2562 695 2600; x_wconf 74' lang='lat'>4,</span> <span class='ocrx_word' id='word_1_321' title='bbox 713 2562 767 2592; x_wconf 84' lang='lat'>12.</span> 
     </span>
    </p>

    <p class='ocr_par' dir='ltr' id='par_1_6' title="bbox 134 2610 1674 2816">
     <span class='ocr_line' id='line_1_33' title="bbox 232 2610 1674 2656; baseline 0 -12"><span class='ocrx_word' id='word_1_322' title='bbox 232 2614 266 2655; x_wconf 87' lang='lat'>3)</span> <span class='ocrx_word' id='word_1_323' title='bbox 292 2611 436 2646; x_wconf 79' lang='lat' dir='ltr'>Primus</span> <span class='ocrx_word' id='word_1_324' title='bbox 464 2611 655 2646; x_wconf 77' lang='lat' dir='ltr'>dubitauit</span> <span class='ocrx_word' id='word_1_325' title='bbox 681 2612 725 2645; x_wconf 88' lang='lat' dir='ltr'>de</span> <span class='ocrx_word' id='word_1_326' title='bbox 747 2610 948 2646; x_wconf 83' lang='lat' dir='ltr'>Seruiliani</span> <span class='ocrx_word' id='word_1_327' title='bbox 975 2621 1130 2645; x_wconf 78' lang='lat' dir='ltr'>censura</span> <span class='ocrx_word' id='word_1_328' title='bbox 1151 2611 1249 2645; x_wconf 75' lang='lat' dir='ltr'>Roth</span> <span class='ocrx_word' id='word_1_329' title='bbox 1277 2624 1311 2656; x_wconf 89' lang='lat' dir='ltr'>p.</span> <span class='ocrx_word' id='word_1_330' title='bbox 1328 2614 1406 2645; x_wconf 84' lang='lat'>309.</span> <span class='ocrx_word' id='word_1_331' title='bbox 1435 2611 1571 2645; x_wconf 89' lang='lat' dir='ltr'>deinde</span> <span class='ocrx_word' id='word_1_332' title='bbox 1592 2611 1674 2655; x_wconf 87' lang='lat' dir='ltr'>plu-</span> 
     </span>
     <span class='ocr_line' id='line_1_34' title="bbox 134 2663 1672 2709; baseline -0.001 -10"><span class='ocrx_word' id='word_1_333' title='bbox 134 2665 237 2699; x_wconf 82' lang='lat' dir='ltr'>ribus</span> <span class='ocrx_word' id='word_1_334' title='bbox 271 2664 316 2699; x_wconf 90' lang='lat' dir='ltr'>de</span> <span class='ocrx_word' id='word_1_335' title='bbox 350 2664 419 2698; x_wconf 84' lang='lat' dir='ltr'>hac</span> <span class='ocrx_word' id='word_1_336' title='bbox 451 2676 490 2700; x_wconf 81' lang='lat' dir='ltr'>re</span> <span class='ocrx_word' id='word_1_337' title='bbox 524 2666 680 2709; x_wconf 73' lang='lat' dir='ltr'>egerunt</span> <span class='ocrx_word' id='word_1_338' title='bbox 711 2664 863 2699; x_wconf 75' lang='lat' dir='ltr'>Harless</span> <span class='ocrx_word' id='word_1_339' title='bbox 896 2677 930 2709; x_wconf 87' lang='lat' dir='ltr'>p.</span> <span class='ocrx_word' id='word_1_340' title='bbox 953 2668 996 2698; x_wconf 70' lang='lat'>38</span> <span class='ocrx_word' id='word_1_341' title='bbox 1013 2676 1092 2708; x_wconf 88' lang='lat' dir='ltr'>sqq.</span> <span class='ocrx_word' id='word_1_342' title='bbox 1134 2664 1190 2697; x_wconf 90' lang='lat' dir='ltr'>Du</span> <span class='ocrx_word' id='word_1_343' title='bbox 1216 2663 1311 2698; x_wconf 83' lang='lat' dir='ltr'>Rieu</span> <span class='ocrx_word' id='word_1_344' title='bbox 1337 2676 1373 2708; x_wconf 90' lang='lat' dir='ltr'>p.</span> <span class='ocrx_word' id='word_1_345' title='bbox 1396 2667 1462 2698; x_wconf 84' lang='lat'>393</span> <span class='ocrx_word' id='word_1_346' title='bbox 1479 2676 1575 2708; x_wconf 84' lang='lat' dir='ltr'>sqq.‚</span> <span class='ocrx_word' id='word_1_347' title='bbox 1609 2664 1672 2707; x_wconf 86' lang='lat' dir='ltr'>qui</span> 
     </span>
     <span class='ocr_line' id='line_1_35' title="bbox 135 2717 1672 2763; baseline -0.001 -11"><span class='ocrx_word' id='word_1_348' title='bbox 135 2731 171 2763; x_wconf 84' lang='lat' dir='ltr'>p.</span> <span class='ocrx_word' id='word_1_349' title='bbox 188 2722 254 2752; x_wconf 70' lang='lat'>41?</span> <span class='ocrx_word' id='word_1_350' title='bbox 283 2717 424 2753; x_wconf 80' lang='lat' dir='ltr'>Valerii</span> <span class='ocrx_word' id='word_1_351' title='bbox 445 2718 556 2752; x_wconf 86' lang='lat' dir='ltr'>fidem</span> <span class='ocrx_word' id='word_1_352' title='bbox 575 2719 671 2753; x_wconf 83' lang='lat' dir='ltr'>tueri</span> <span class='ocrx_word' id='word_1_353' title='bbox 692 2721 859 2760; x_wconf 77' lang='lat' dir='ltr'>conatur,</span> <span class='ocrx_word' id='word_1_354' title='bbox 886 2729 969 2752; x_wconf 87' lang='lat' dir='ltr'>cum</span> <span class='ocrx_word' id='word_1_355' title='bbox 992 2717 1156 2752; x_wconf 81' lang='lat' dir='ltr'>librariis</span> <span class='ocrx_word' id='word_1_356' title='bbox 1177 2717 1327 2761; x_wconf 80' lang='lat' dir='ltr'>culpam</span> <span class='ocrx_word' id='word_1_357' title='bbox 1347 2717 1487 2751; x_wconf 71' lang='lat' dir='ltr'>tribuat</span> <span class='ocrx_word' id='word_1_358' title='bbox 1508 2717 1672 2751; x_wconf 82' lang='lat' dir='ltr'>scribens</span> 
     </span>
     <span class='ocr_line' id='line_1_36' title="bbox 136 2772 764 2816; baseline 0.002 -12"><span class='ocrx_word' id='word_1_359' title='bbox 136 2783 202 2816; x_wconf 84' lang='lat' dir='ltr'>pro</span> <span class='ocrx_word' id='word_1_360' title='bbox 229 2772 482 2806; x_wconf 76' lang='lat' dir='ltr'>Seruilianus:</span> <span class='ocrx_word' id='word_1_361' title='bbox 509 2772 713 2807; x_wconf 69' lang='lat' dir='ltr'>Seruiliam</span> <span class='ocrx_word' id='word_1_362' title='bbox 737 2773 764 2815; x_wconf 82' lang='lat' dir='ltr'>f.</span> 
     </span>
    </p>

    <p class='ocr_par' dir='ltr' id='par_1_7' title="bbox 232 2824 1248 2870">
     <span class='ocr_line' id='line_1_37' title="bbox 232 2824 1248 2870; baseline -0.001 -12"><span class='ocrx_word' id='word_1_363' title='bbox 232 2827 266 2868; x_wconf 81' lang='lat'>4&gt;</span> <span class='ocrx_word' id='word_1_364' title='bbox 295 2824 354 2858; x_wconf 84' lang='lat' dir='ltr'>Sic</span> <span class='ocrx_word' id='word_1_365' title='bbox 382 2824 495 2858; x_wconf 81' lang='lat' dir='ltr'>etiam</span> <span class='ocrx_word' id='word_1_366' title='bbox 521 2825 672 2860; x_wconf 84' lang='lat' dir='ltr'>Bremer</span> <span class='ocrx_word' id='word_1_367' title='bbox 697 2826 854 2870; x_wconf 77' lang='lat' dir='ltr'>Iurispr.</span> <span class='ocrx_word' id='word_1_368' title='bbox 881 2824 1070 2860; x_wconf 74' lang='lat' dir='ltr'>antchadr.</span> <span class='ocrx_word' id='word_1_369' title='bbox 1099 2825 1113 2858; x_wconf 91' lang='grc' dir='ltr'><strong>Ι</strong></span> <span class='ocrx_word' id='word_1_370' title='bbox 1140 2836 1173 2868; x_wconf 92' lang='lat' dir='ltr'>p.</span> <span class='ocrx_word' id='word_1_371' title='bbox 1192 2827 1248 2858; x_wconf 69' lang='lat'>⁶28.</span> 
     </span>
    </p>

    <p class='ocr_par' dir='ltr' id='par_1_8' title="bbox 207 2882 1387 2923">
     <span class='ocr_line' id='line_1_38' title="bbox 207 2882 1387 2923; baseline 0.002 -9"><span class='ocrx_word' id='word_1_372' title='bbox 207 2890 286 2916; x_wconf 73' lang='lat' dir='ltr'>Hist.</span> <span class='ocrx_word' id='word_1_373' title='bbox 301 2890 384 2915; x_wconf 85' lang='lat' dir='ltr'>Rom.</span> <span class='ocrx_word' id='word_1_374' title='bbox 404 2889 457 2916; x_wconf 84' lang='lat' dir='ltr'>rel.</span> <span class='ocrx_word' id='word_1_375' title='bbox 472 2891 496 2923; x_wconf 89' lang='lat'>1,</span> <span class='ocrx_word' id='word_1_376' title='bbox 516 2891 561 2917; x_wconf 80' lang='lat' dir='ltr'>eri.</span> <span class='ocrx_word' id='word_1_377' title='bbox 575 2892 692 2917; x_wconf 83' lang='lat' dir='ltr'>Peter.</span> <span class='ocrx_word' id='word_1_378' title='bbox 717 2891 772 2916; x_wconf 81' lang='lat' dir='ltr'>Ed.</span> <span class='ocrx_word' id='word_1_379' title='bbox 788 2891 837 2916; x_wconf 71' lang='lat' dir='ltr'>alt.</span> <span class='ocrx_word' id='word_1_380' title='bbox 1322 2882 1387 2916; x_wconf 80' lang='lat' dir='ltr'>XII</span> 
     </span>
    </p>
   </div>
  </div>
 </body>
</html>
