2002 3342
301 203 500 234 CCCXXH*
638 191 699 225 DE
728 190 1034 225 SCRIPTORVM
1061 191 1184 225 VITIS
1210 192 1271 226 ET
1298 192 1504 227 SCRIPTIS

303 301 505 352 amplexus
532 307 602 351 est,
629 307 672 340 ut
699 303 815 340 etiam
842 301 1072 353 Dionysium
1098 301 1201 341 haud
1229 314 1315 341 raro
1346 309 1549 354 superaret
1575 316 1832 343 numerorum

301 366 571 417 magnitudine
604 367 920 417 narrationisque
952 366 1190 418 prolixitate,
1229 379 1357 418 neque
1390 373 1520 406 tamen
1552 381 1641 407 eum
1675 381 1833 420 semper

303 432 521 470 nominauit
547 431 616 470 sed
648 436 854 483 postquam
880 433 1016 483 paucis
1043 431 1235 483 capitibus
1268 438 1357 471 ante
1384 429 1436 486 (c.
1457 431 1548 484 ’5,2.
1575 434 1620 472 fr.
1646 430 1718 486 19)
1746 435 1831 472 eius

303 496 500 534 licentiam
529 498 567 535 in
595 498 772 535 numeris
800 497 1069 548 concipiendis
1097 498 1321 548 castigauit,
1354 509 1385 536 e.
1407 495 1444 548 8,
1470 495 1523 537 10
1550 499 1634 537 eius
1660 497 1831 536 indolem

301 561 546 612 significasse
573 563 666 600 satis
698 561 851 601 habuit:
886 562 951 602 Ibi
977 561 1015 611 [a
1042 562 1224 601 Lucretio
1251 561 1411 602 consule
1438 575 1469 601 a.
1490 560 1588 601 462.
1610 560 1713 613 292]
1745 563 1831 602 Vol-

301 638 412 665 scum
427 638 567 665 nomen
572 638 704 676 prope
719 629 889 666 deletum
904 632 973 666 est.
1001 629 1194 666 tredecim
1208 630 1320 666 milia
1335 629 1656 677 quadrinyentos
1670 633 1831 678 septua-

298 694 417 740 yinta
445 694 640 731 cecidisse
666 695 707 731 in
729 696 819 732 acie
839 704 889 731 ac
905 692 1021 742 fuya,
1047 695 1154 731 mille
1174 704 1224 730 ac
1241 695 1515 742 septinqentos
1534 696 1833 742 quinquaqinta

303 759 420 795 uiuos
441 762 590 806 captos,
615 753 777 810 sissnal)
807 760 956 805 uiqi’nti
976 762 1125 806 septem
1150 759 1348 796 militaria
1367 760 1500 797 relata
1526 760 1567 797 in
1595 759 1834 807 quibusdam

303 822 519 860 annalibus
553 825 728 861 inuenio.
768 824 838 861 ubi
876 824 968 860 etsi
1006 824 1250 861 adiectum
1289 824 1484 872 aliquid
1519 834 1714 862 numero
1751 825 1833 874 sit,

302 897 452 934 maana
474 892 583 925 certe
604 888 740 926 clades
755 888 848 936 fuit.
882 887 999 925 etiam
1020 887 1200 938 ingentes
1222 894 1260 926 et
1279 889 1453 927 accurati
1472 888 1628 926 numeri
1649 889 1834 939 capitum,

302 963 402 1001 quae
429 951 574 990 Romae
601 952 678 990 iam
706 953 878 1003 antiquis
906 951 1149 1003 temporibus
1171 965 1289 992 censa
1312 954 1402 1004 sint,
1429 965 1517 991 cum
1539 965 1694 991 omnem
1716 951 1834 991 fidem

304 1015 508 1067 excedant,
523 1016 718 1056 Antiatem
734 1018 909 1068 sapiunt:
931 1030 962 1055 c.
976 1014 1068 1068 3,9:
1095 1018 1244 1057 Census
1258 1020 1405 1058 deinde
1421 1017 1470 1069 [a.
1485 1015 1582 1057 465.
1598 1015 1701 1068 289]
1719 1023 1836 1058 actus

302 1088 341 1120 et
379 1083 584 1120 conditum
617 1084 666 1121 ab
705 1083 894 1129 Quinctio
926 1085 1107 1121 lustrum.
1161 1095 1283 1122 censa
1319 1086 1470 1123 ciuium
1503 1086 1641 1133 capita
1677 1089 1835 1122 centum

303 1151 497 1195 quattuor
517 1149 629 1186 milia
650 1159 700 1186 ac
715 1154 873 1187 centum
889 1150 1212 1196 quattuordecim
1234 1150 1428 1188 dicuntur
1442 1154 1613 1198 praeter
1632 1150 1752 1188 orbos
1771 1160 1835 1188 or-

304 1213 465 1260 basque.
510 1224 541 1250 c.
563 1209 631 1262 24,
650 1210 720 1251 10:
766 1213 930 1260 Census,
963 1225 1029 1251 res
1052 1216 1199 1262 priore
1234 1226 1340 1253 anno
1373 1215 1582 1262 inchoata,
1612 1216 1836 1263 perficitur

304 1273 421 1326 [459.
443 1273 565 1327 295]‚
605 1279 727 1326 idque
757 1280 927 1316 lustrum
963 1280 1012 1317 ab
1052 1281 1212 1326 oriqine
1248 1281 1359 1318 urbis
1395 1281 1591 1318 decimum
1630 1281 1835 1318 conditum

298 1341 451 1391 ferunt.
505 1354 627 1381 censa
660 1345 811 1381 ciuium
844 1346 982 1392 capita
1015 1349 1173 1382 centum
1197 1346 1479 1392 septemdecim
1504 1346 1616 1382 milia
1652 1349 1835 1382 trecenta

304 1408 573 1456 undeuiyinti.
625 1404 694 1460 (cf.
717 1407 940 1459 Schwegler
961 1408 992 1446 ll
1019 1421 1054 1459 p.
1071 1405 1254 1460 680sq.).

393 1472 540 1510 Iterum
573 1472 754 1511 laudatur
779 1474 913 1511 Antias
940 1474 980 1511 in
1007 1473 1106 1511 libro
1135 1479 1272 1524 quarto
1300 1470 1365 1527 (fr.
1387 1470 1481 1528 20),
1512 1480 1646 1525 postea
1673 1487 1768 1513 uero
1794 1475 1834 1513 in

305 1538 429 1588 prima
458 1536 602 1576 decade
630 1550 835 1589 nusquam.
876 1551 1003 1589 neque
1031 1544 1162 1577 tamen
1186 1538 1382 1577 Antiatem
1409 1538 1546 1578 Liuius
1572 1544 1696 1578 totum
1723 1551 1835 1590 sepo—

304 1603 432 1641 suisse
459 1602 630 1642 uidetur.
670 1616 761 1642 nam
788 1615 885 1654 quae
911 1603 959 1642 M.
981 1603 1178 1642 Valerium
1198 1603 1408 1643 Maximum
1432 1604 1663 1643 dictatorem
1691 1617 1721 1643 a.
1738 1601 1835 1643 302.

304 1665 390 1707 452
429 1669 635 1718 magnifice
675 1671 715 1707 in
754 1669 911 1707 Etruria
947 1674 1148 1720 gerentem
1188 1669 1280 1708 facit
1315 1665 1592 1722 10,3—52)‚
1631 1682 1720 1708 cum
1759 1669 1836 1707 fine

305 1733 544 1770 narrationis
578 1746 671 1772 suae
705 1732 908 1772 subderet:
947 1735 1086 1773 Habeo
1126 1739 1316 1774 auctores
1352 1737 1440 1773 sine
1471 1737 1550 1773 ullo
1585 1736 1838 1773 memorabili

299 1799 458 1847 proelio
481 1804 680 1847 pacatam
719 1800 769 1838 ab
803 1800 1006 1838 dictatore
1032 1801 1244 1839 Etruriam
1276 1811 1360 1838 esse
1391 1801 1656 1839 seditionibus
1682 1804 1836 1838 tantum

305 1863 594 1902 Arretinorum
627 1867 854 1913 compositis
892 1870 930 1902 et
968 1865 1095 1903 Cilnio
1131 1877 1282 1921 qenere
1321 1876 1410 1903 cum
1432 1866 1554 1914 plebe
1585 1867 1627 1903 in
1656 1867 1837 1913 qratiam

305 1928 487 1976 reducto,
514 1929 599 1979 ipse
627 1928 723 1967 haec
749 1930 943 1979 originem
972 1929 1115 1968 ducere
1143 1942 1188 1968 ex
1216 1935 1374 1968 auctore
1401 1929 1542 1980 aliquo,
1570 1930 1637 1980 qui
1662 1929 1837 1968 Valeriae

307 1994 415 2043 genti
452 1994 619 2044 faueret,
658 1995 752 2033 satis
788 2000 922 2046 aperte
959 1991 1205 2048 adnotauit.3)
1250 1995 1483 2045 primarium
1520 2000 1650 2033 tamen
1686 1994 1837 2044 ducem,

307 2070 396 2096 cum
417 2057 560 2096 librum
583 2059 764 2110 quintum
785 2059 990 2110 scriberet,
1011 2059 1147 2099 Liuius
1169 2059 1286 2110 elegit
1305 2059 1509 2098 Claudium
1524 2058 1838 2110 Quadrigarium,

307 2136 424 2174 quam
452 2123 499 2162 ob
527 2136 622 2174 rem,
650 2125 832 2175 quoniam
861 2124 964 2163 haud
989 2126 1121 2164 minus
1148 2124 1383 2163 immodicus
1410 2124 1475 2163 ille
1503 2125 1576 2163 fuit
1600 2125 1640 2162 in
1661 2125 1838 2162 numeris

307 2188 496 2239 augendis
523 2202 639 2240 quam
659 2190 805 2239 Antias,
835 2189 996 2229 dubium
1018 2195 1088 2241 est,
1116 2189 1163 2228 ad
1183 2195 1315 2229 utrum
1338 2189 1441 2240 Liuii
1460 2189 1583 2228 uerba
1604 2184 1692 2241 (10,
1708 2187 1775 2240 30,
1789 2185 1836 2243 4)

307 2254 386 2292 sint
412 2253 635 2293 referenda:
668 2255 824 2303 Maqna
851 2258 938 2294 eius
965 2257 1063 2304 diei,
1097 2267 1173 2304 quo
1207 2258 1246 2294 in
1277 2255 1480 2294 Sentinati
1512 2266 1614 2303 aqro
1640 2256 1839 2305 bellatum,

302 2319 418 2368 fama
445 2325 502 2358 est
523 2322 643 2358 etiam
665 2331 763 2359 uero
783 2323 919 2368 stanti,
945 2322 1019 2359 sed
1035 2323 1296 2370 superiecere
1316 2322 1480 2368 quidam
1501 2321 1688 2369 auyendo
1703 2321 1838 2368 sidem,

307 2387 378 2432 qui
403 2387 444 2423 in
470 2386 643 2424 hostium
670 2388 856 2424 exercitu
874 2387 1059 2434 peditum
1087 2387 1248 2424 deciens
1275 2390 1445 2424 centena
1466 2380 1634 2438 milia4),
1661 2387 1839 2433 equitum

306 2460 380 2487 sea:
406 2456 444 2488 et
469 2451 749 2498 quadi-affinia
775 2453 899 2497 milia,
926 2453 1032 2489 mille
1059 2455 1347 2499 carpentorum
1372 2452 1574 2498 scripsere
1595 2449 1735 2499 fuisse,
1760 2451 1837 2488 sci-

406 2583 437 2624 1)
465 2581 588 2615 Etiam
609 2581 693 2615 aliis
714 2581 805 2615 loeis
819 2581 990 2615 Valerius
1005 2581 1195 2626 signorum
1215 2580 1434 2614 militarium
1455 2580 1692 2624 potissimum
1712 2591 1841 2614 nume-

308 2645 389 2667 rum
416 2634 552 2668 addere
579 2634 684 2669 solet.

405 2688 438 2729 2)
466 2687 549 2722 Vid.
578 2687 619 2722 G.
639 2687 794 2732 Klinger
819 2688 877 2722 De
903 2688 1032 2723 decimi
1054 2688 1163 2722 Liuii
1188 2688 1274 2722 libri
1296 2687 1461 2730 fontibus
1485 2687 1585 2732 (diss.
1607 2687 1705 2731 Lips.
1723 2688 1838 2731 1884).

405 2742 439 2784 3)
467 2740 520 2775 Cf.
540 2740 630 2775 Ihne
651 2741 736 2775 hist.
757 2741 862 2776 Rom.
882 2741 899 2775 Ι
918 2753 953 2786 p.
971 2744 1037 2775 387
1049 2752 1103 2785 sq.

405 2796 439 2837 4)
467 2793 520 2827 De
552 2794 659 2829 codd.
692 2794 877 2838 scriptura
907 2794 982 2828 uid.
1004 2793 1444 2829 Weissenborn-Mueller
1475 2793 1513 2827 in
1548 2793 1604 2828 ed.
1625 2793 1784 2828 Weidm.
1806 2804 1838 2827 a..

309 2847 345 2882 h.
366 2846 387 2882 l.
409 2859 442 2891 p.
460 2850 538 2881 230.
