2002 3342
291 219 446 249 CCXXX
630 205 692 239 DE
721 204 1029 240 SCRIPTORVM
1054 204 1177 239 VITIS
1204 205 1265 239 ET
1292 205 1500 240 SCRIPTIS

289 322 465 368 portatae
487 322 600 355 erant
619 313 771 369 (Polyb.
787 313 826 367 3,
844 313 940 366 107,
955 311 1103 368 2—5)‚
1123 315 1318 366 proelium
1339 320 1428 354 ante
1450 315 1599 354 cladem
1622 329 1641 355 a
1657 317 1828 357 Varrone

291 382 459 421 feliciter
497 382 770 431 commissum,
810 393 886 432 quo
925 380 1191 419 Romanorum
1231 381 1351 419 animi
1389 380 1532 419 fiducia
1570 383 1693 420 erecti
1720 388 1831 421 erant

292 442 344 500 (c.
369 445 463 498 110,
479 443 632 500 5—7)‚
671 451 890 485 castrorum
930 447 1148 497 positorum
1181 450 1219 484 et
1256 451 1497 484 mutatorum
1529 451 1731 485 accuratas
1765 447 1830 486 de-

292 514 530 564 scriptiones
557 523 822 562 numerosque
850 510 1002 549 additos
1029 507 1081 563 (c.
1106 507 1201 561 110,
1218 508 1340 562 Ssqq.
1369 523 1400 549 c.
1425 508 1519 562 111,
1540 508 1631 564 11);
1662 511 1830 564 denique

291 589 378 615 eam
412 590 512 628 rem,
544 578 585 615 in
619 589 694 628 qua
726 588 879 627 pugnae
907 576 1122 614 discrimen
1156 577 1328 626 positum
1355 581 1477 626 esset,
1509 577 1622 615 initio
1648 577 1832 628 neglexit,

293 642 559 681 Romanorum
586 641 761 692 legiones
787 642 913 692 magis
942 640 1123 679 densatas
1151 653 1266 692 quam
1288 653 1373 679 mos
1395 646 1512 692 esset,
1539 641 1832 692 Carthaginien-

292 708 394 746 sium
424 707 596 746 mediam
630 708 754 745 aciem
788 708 828 744 in
854 706 970 745 lunae
997 706 1163 744 formam
1190 719 1210 744 a
1238 711 1369 744 cetera
1394 707 1686 757 prominentem
1714 712 1752 746 et
1778 714 1833 746 16-

293 785 411 811 11116111
434 768 486 826 (6.
511 770 607 824 113,
623 770 668 824 33
689 769 748 825 9),
775 778 859 810 tum
885 783 995 822 uero,
1022 772 1133 822 quasi
1155 776 1246 809 nota
1273 777 1389 822 esset,
1416 773 1542 822 ipsam
1569 774 1834 811 narrationem

293 839 467 877 instituit
494 833 826 891 (22,47‚5sqq.)
860 837 1034 887 aliasque
1068 848 1131 875 res
1165 837 1218 874 ita
1244 835 1421 875 turbauit
1453 842 1493 875 et
1519 836 1762 888 obscurauit,
1792 842 1835 876 ut

292 903 452 954 Polybio
481 903 529 942 ad
556 915 620 942 eas
648 902 888 941 ordinandas
915 906 953 940 et
980 900 1278 952 perspiciendas
1305 914 1404 952 opus
1425 898 1578 955 essetl)
1619 903 1735 941 etiam
1758 902 1835 941 dis-

295 969 520 1020 crepantiae
543 970 647 1007 inter
666 968 824 1007 Liuium
838 966 1122 1018 Polybiumque
1144 967 1404 1005 inueniuntur
1419 962 1478 1019 (C.
1494 966 1611 1005 Peter
1630 980 1666 1018 p.
1680 964 1737 1006 46
1747 964 1837 1020 sq).

291 1033 402 1072 uelut
416 1033 462 1072 M.
481 1033 622 1072 Atilius
637 1032 849 1084 proconsul
863 1032 1022 1083 Polybio
1037 1037 1136 1071 teste
1150 1044 1302 1082 pugnae
1318 1032 1509 1082 interfuit,
1524 1031 1635 1070 Liuio
1652 1029 1780 1085 (6.40,
1789 1028 1835 1086 6)

295 1099 477 1137 morbum
505 1110 697 1137 excusans
725 1111 771 1136 ex
798 1099 938 1136 castris
958 1096 1122 1135 Romam
1150 1096 1285 1148 rediit,
1314 1095 1449 1135 dextro
1470 1096 1693 1135 Poenorum
1714 1109 1837 1136 cornu

296 1164 399 1215 apud
426 1163 628 1214 Polybium
656 1160 707 1216 (c.
732 1160 828 1213 114,
845 1161 889 1216 7>
924 1162 1095 1213 praefuit
1127 1161 1283 1212 Η311110,
1317 1161 1419 1212 apud
1450 1161 1605 1200 Liuium
1633 1157 1686 1216 (c.
1706 1159 1775 1213 46,
1793 1159 1836 1215 7)

296 1229 510 1280 Maharbal,
545 1228 713 1279 denique
740 1240 931 1267 numerus
957 1227 1223 1266 Romanorum
1250 1228 1472 1265 occisorum
1501 1227 1688 1266 Liuianus
1715 1227 1838 1266 multo

296 1296 421 1333 maior
448 1300 508 1332 est
534 1306 650 1345 quam
676 1293 926 1344 Polyhianus.
966 1305 1055 1331 cum
1082 1305 1179 1331 uero
1207 1293 1324 1330 etiam
1352 1293 1393 1331 in
1419 1291 1491 1330 hac
1518 1293 1756 1331 narrationis
1776 1292 1838 1330 Li-

297 1361 437 1398 uianae
458 1364 581 1410 parte,
604 1371 701 1410 quae
723 1371 800 1397 non
823 1358 957 1397 redeat
977 1357 1024 1396 ad
1044 1357 1259 1408 Polybium,
1287 1356 1476 1408 quaedam
1498 1369 1587 1396 cum
1609 1358 1839 1408 fragmentis

300 1424 496 1463 Coelianis
518 1421 583 1478 (fr.
606 1422 673 1463 22.
696 1421 752 1463 25
780 1424 828 1463 cf.
850 1419 998 1475 adnot.)
1021 1424 1241 1473 concinant,
1269 1422 1445 1460 Coelium
1472 1434 1544 1461 nos
1570 1421 1716 1461 habere
1737 1421 1840 1473 apud

299 1489 455 1528 Liuium
482 1490 790 1528 contaminatum
818 1501 908 1527 cum
936 1487 1094 1538 Polybio
1122 1493 1303 1526 constare
1329 1487 1500 1526 uidetur.

390 1554 466 1593 Sed
495 1561 601 1593 certa
623 1553 815 1605 quaedam
838 1553 960 1592 Coelii
986 1553 1156 1603 uestigia
1179 1554 1296 1591 etiam
1323 1553 1363 1591 in
1390 1552 1476 1591 aliis
1502 1552 1681 1604 partibus
1708 1565 1840 1591 narra-

301 1621 419 1658 tionis
447 1620 634 1659 Liuianae
662 1631 852 1671 apparere
886 1618 1162 1657 adnotauimus
1189 1618 1236 1656 ad
1265 1618 1353 1656 Fab.
1376 1619 1421 1656 fr.
1447 1615 1497 1656 11
1529 1623 1567 1656 61
1587 1617 1689 1656 Coel.
1712 1616 1840 1667 fr.21,

299 1685 367 1724 ubi
395 1698 509 1736 quam
537 1690 672 1736 postea
707 1685 846 1723 reiecit
880 1683 926 1723 de
954 1683 1064 1722 Fabii
1092 1683 1285 1722 dictatura
1313 1683 1434 1722 Coelii
1469 1684 1722 1734 sententiam,
1756 1695 1841 1722 eam

300 1756 415 1789 antea
435 1751 520 1789 sine
540 1750 619 1789 ulla
642 1749 884 1789 dubitatione
906 1761 995 1788 eum
1017 1748 1239 1799 amplexum
1262 1761 1348 1787 esse
1370 1744 1597 1801 uidimus.2)
1634 1748 1703 1787 sed
1719 1748 1841 1787 multo

300 1817 426 1854 maior
441 1828 576 1854 eorum
593 1815 732 1854 euadat
747 1827 948 1865 numerus,
971 1816 1004 1853 si
1020 1814 1191 1852 Zonarae
1214 1814 1278 1852 uel
1293 1814 1407 1852 Dioni
1422 1820 1461 1852 61
1475 1814 1650 1864 Appiano
1666 1813 1843 1852 Silenum

300 1882 534 1932 primarium
562 1880 701 1919 ducem
730 1880 852 1919 fuisse
880 1892 969 1919 cum
991 1879 1178 1930 Bujackio
1205 1877 1307 1930 p.31
1342 1884 1380 1918 et
1400 1879 1584 1917 Meltzero
1606 1891 1641 1929 p.
1657 1876 1714 1917 49
1742 1878 1842 1917 arbi-

301 1947 411 1997 trati,
443 1947 484 1984 111
512 1945 815 1997 quibuscunque
842 1945 979 1984 Liuius
1007 1957 1096 1983 cum
1124 1945 1181 1983 eis
1209 1945 1421 1994 consentit,
1452 1944 1540 1983 illos
1568 1943 1712 1995 Sileno,
1738 1944 1844 1982 hunc

303 2011 435 2050 Coelio
464 2034 517 2038 —
546 2024 566 2049 a
593 2024 670 2062 quo
698 2011 873 2049 Silenum
907 2011 948 2048 in
975 2022 1091 2049 usum
1117 2015 1302 2048 uocatum
1330 2021 1417 2048 6556
1444 2021 1562 2060 supra
1590 2009 1843 2060 exposuimus

303 2099 359 2104 —
386 2089 502 2116 usum
536 2089 623 2115 esse
657 2077 923 2115 statuerimus.
969 2080 1007 2114 at
1039 2077 1114 2114 etsi
1147 2075 1267 2114 multa
1300 2081 1392 2113 sunt
1425 2087 1523 2126 quae
1549 2074 1642 2113 huic
1668 2075 1845 2125 opinioni

303 2142 437 2181 fauere
469 2141 698 2192 uideantur,
731 2146 847 2192 atque
881 2147 988 2179 certa
1022 2140 1213 2191 quaedam
1247 2141 1344 2179 ratio
1378 2139 1589 2178 intercedit
1621 2140 1727 2177 inter
1759 2151 1844 2178 eam

304 2207 408 2246 Liuii
434 2212 603 2258 partem,
631 2219 729 2258 quae
755 2219 835 2245 non
862 2206 1022 2245 fluxerit
1048 2218 1095 2245 ex
1122 2205 1294 2256 Polybio,
1327 2210 1366 2244 et
1392 2205 1581 2243 Zonaram
1608 2204 1846 2255 Appianum-

304 2285 379 2323 que
406 2272 471 2311 uel
497 2274 601 2311 inter
626 2271 731 2311 illam
759 2277 798 2310 et
822 2271 964 2310 horum
992 2271 1225 2310 alterutrum
1237 2267 1283 2325 3),
1310 2276 1443 2310 tamen
1471 2270 1543 2308 boc
1570 2269 1667 2307 mihi
1694 2274 1846 2308 certum

407 2441 439 2485 1)
465 2439 549 2474 Vid.
571 2439 776 2483 Kromayer
795 2438 818 2472 1.
841 2451 867 2473 s.
890 2438 939 2472 ΙΙΙ
956 2444 971 2473 1
995 2450 1030 2482 p.
1047 2442 1114 2473 330
1127 2450 1224 2482 sqq,
1256 2438 1321 2472 ubi
1351 2437 1500 2482 Polybii
1533 2438 1570 2471 et
1602 2436 1700 2470 Liuii
1732 2435 1848 2471 uerba

307 2494 404 2528 inter
430 2504 468 2527 se
495 2494 711 2537 comparata
740 2494 843 2534 sunt,
878 2494 915 2527 et
935 2504 970 2537 p.
986 2496 1054 2526 383
1067 2504 1146 2536 sqq.
1185 2491 1273 2526 hinc
1299 2491 1473 2526 editionis
1502 2501 1606 2524 meae
1632 2489 1765 2534 prioris
1792 2489 1848 2523 in-

307 2547 428 2581 dicem
460 2557 624 2580 errorum
651 2546 891 2580 Liuianorum
925 2545 1126 2579 cumulaui.
1167 2546 1296 2579 contra
1317 2543 1523 2578 Kahrstedt
1544 2543 1567 2578 1.
1588 2555 1615 2578 a.
1636 2555 1671 2587 p.
1688 2546 1755 2577 212
1768 2554 1847 2587 sqq.

306 2599 662 2634 contaminationem
695 2600 852 2634 duorum
888 2601 1082 2633 auctorum
1115 2597 1229 2632 etiam
1261 2597 1322 2632 hic
1355 2608 1376 2631 a
1410 2596 1533 2632 Coelio
1565 2596 1732 2641 repetiit,
1770 2595 1846 2630 uid.

307 2665 334 2687 5.
356 2666 390 2698 p.
414 2665 582 2687 ccxxvm.

405 2708 440 2750 2)
468 2705 592 2740 Etiam
619 2705 737 2740 Sileni
761 2717 895 2741 nomen
922 2706 1002 2740 Liu.
1025 2709 1080 2748 26,
1096 2708 1186 2749 49,3
1214 2715 1297 2738 cum
1323 2714 1361 2738 re
1389 2715 1432 2738 ex
1459 2703 1583 2738 Coelio
1610 2703 1849 2747 desumptum

310 2759 430 2794 uideri
458 2770 569 2803 supra
594 2759 816 2794 monuimus.

406 2814 441 2858 3)
467 2812 551 2847 Vid.
574 2812 696 2846 adnot.
718 2813 766 2846 ad
787 2812 831 2847 fr.
849 2817 903 2847 11.
926 2816 980 2847 18.
1004 2816 1057 2847 19.
1079 2815 1135 2845 33.
1157 2815 1200 2845 42
1228 2812 1265 2845 et
1290 2821 1386 2854 quae
1412 2809 1582 2855 exposita
1606 2809 1721 2844 habes
1748 2807 1849 2853 apud

311 2866 349 2901 C.
370 2866 543 2901 Peterum
564 2865 588 2899 1.
610 2877 636 2899 5.
663 2877 698 2910 p.
715 2870 758 2900 65
771 2877 850 2910 sqq.
890 2865 934 2901 ef.
964 2866 1152 2900 Schwartz
1172 2864 1196 2899 1.
1219 2876 1246 2899 5.
1267 2864 1299 2898 ΙΙ
1319 2875 1348 2899 6.
1364 2867 1443 2898 218.
