2002 3342
606 182 642 215 L.
666 180 863 216 COELIVS
892 179 1171 213 ANTIPATER
1517 191 1654 221 CCXXI

123 301 217 344 crat,
238 294 444 344 Dionysius
466 292 547 330 Hal.
565 290 815 330 desiderauit.
847 302 935 328 nam
959 289 1137 328 diuersos
1159 291 1385 340 scriptores,
1406 291 1655 339 Antigonum,

123 359 342 410 Polybium,
370 358 556 406 Silenum,
585 358 755 394 miscens
782 367 904 406 pauca
933 352 1029 407 (1.6.
1053 367 1115 393 165
1139 360 1287 393 1311111111
1316 351 1481 408 patrias)
1512 367 1557 393 ex
1587 355 1655 404 eis,

123 437 219 475 quae
248 426 329 475 ipse
359 423 404 461 de
432 423 602 460 Romana
625 420 892 469 arcbaeologia
915 421 1164 470 expositurus
1186 426 1301 470 esset,
1329 433 1394 458 eos
1418 419 1509 458 dicit
1532 420 1655 470 scrip·

123 492 220 528 sisse
250 501 370 540 eaque
393 500 513 526 uuum
543 498 738 538 quemque
767 481 885 525 (οὐδὲ
914 482 1104 537 ἀκριβῶς
1132 483 1248 539 αὐτῷ
1273 481 1656 535 διεσπουδασμένα

123 551 215 593 ἀλλ’
248 551 293 592 ἐκ
320 559 408 592 τῶν
435 549 733 604 ἐπιτυχόντων
760 548 1050 602 ἀκουσμάτων
1077 547 1327 589 συνθένταῖ

210 620 315 665 Quae
345 625 474 657 autem
501 617 615 656 modo
643 618 801 668 propria
837 616 958 654 fuisse
987 615 1109 653 Sileni
1139 615 1443 666 disputauimus,
1477 627 1654 665 magnam

122 691 271 736 partem
300 697 342 723 ea
371 683 472 734 apud
500 682 675 721 Coelium
699 683 947 732 Antipatrum
975 680 1153 719 redeunt.
1194 687 1232 718 at
1259 681 1421 719 concedi
1448 693 1562 731 posse
1589 693 1656 719 ne—

121 751 241 801 gabis,
268 750 371 788 bunc
392 749 593 787 bominem
613 747 830 785 Romanum
852 751 1031 784 secutum
1053 758 1140 784 esse
1162 758 1251 784 cum
1272 747 1519 796 scriptorem,
1541 759 1655 796 quem

121 819 160 855 in
183 817 305 855 bostis
326 816 443 866 patrii
465 813 617 852 laudem
641 813 849 863 scripsisse
867 813 932 849 uix
956 823 1192 862 quemquam
1215 811 1350 861 sugere
1371 816 1515 861 posset.
1551 816 1656 849 recte

120 882 160 920 id
187 881 357 933 quidem.
398 879 467 918 sed
487 880 605 917 etiam
632 880 759 917 maius
786 879 826 916 in
848 877 978 916 Coelio
1007 878 1130 915 fuisse
1150 876 1310 915 uidetur
1331 875 1503 914 studium
1526 889 1588 914 res
1611 876 1656 914 ab

122 949 178 986 eis
204 947 401 996 Romanis,
428 946 495 996 qui
524 950 612 982 ante
640 945 894 994 scripserant,
922 944 1016 981 satis
1043 944 1174 981 ieiune
1203 948 1241 981 et
1268 941 1425 980 exiliter
1444 943 1656 979 memoriae

120 1012 294 1064 proditas
316 1011 456 1050 fabulis
478 1009 710 1061 quibusdam
734 1008 980 1047 mirabilibus
1003 1007 1229 1058 exornandi,
1249 1009 1374 1046 maior
1389 1008 1505 1045 etiam
1522 1019 1657 1057 super—

121 1079 227 1116 stitio
249 1074 316 1130 (cf.
338 1077 382 1114 fr.
403 1073 455 1114 19
478 1081 515 1113 et
537 1072 624 1127 20),
653 1087 727 1125 qua
755 1074 844 1112 talia
873 1075 1022 1111 somnia
1051 1079 1086 1111 et
1116 1078 1267 1112 ostenta
1289 1072 1430 1124 cupide
1452 1073 1657 1123 arriperet.

121 1143 267 1193 largam
301 1148 430 1180 autem
464 1141 671 1179 materiam
705 1152 837 1178 rerum
870 1151 1062 1177 nouarum
1095 1139 1298 1189 peregrini
1326 1139 1540 1189 scriptores
1567 1150 1657 1188 sup-

121 1207 348 1260 peditabant
369 1212 407 1245 et
429 1211 562 1244 extero
585 1206 714 1244 colore
736 1206 1048 1256 antiquitateque
1074 1205 1292 1243 testimonii
1317 1203 1435 1242 rebus
1457 1202 1658 1253 coaequali

122 1275 234 1325 quasi
267 1271 560 1311 confirmabant.
607 1270 783 1321 exempla
816 1271 1021 1308 inuenerat
1057 1269 1159 1320 apud
1193 1268 1374 1307 Graecos.
1418 1280 1508 1306 113111
1542 1269 1657 1306 6113111

122 1339 271 1377 Ctesias
287 1338 456 1375 Persicis
477 1338 744 1375 monumentis
765 1335 954 1386 gloriatus
976 1341 1059 1373 erat
1073 1335 1372 1385 Clitarchusque
1395 1336 1434 1372 111
1449 1333 1659 1372 Alexandri

121 1405 200 1442 uita
228 1402 343 1440 Darei
371 1404 475 1449 regis
502 1403 690 1440 uirtutem
718 1414 869 1439 summa
896 1400 1009 1439 laude
1037 1399 1335 1451 praedicauerat,
1362 1395 1601 1453 (U'alzrleeit
1622 1411 1658 1441 u,

122 1471 255 1508 Kmesl
282 1481 316 1519 p.
339 1465 464 1518 54sq.
488 1464 573 1519 71).
619 1468 806 1505 nimirum
840 1468 1031 1504 uarietate
1066 1472 1101 1504 et
1137 1472 1218 1504 arte
1255 1464 1411 1503 dicendi
1445 1465 1659 1515 scriptores

122 1534 325 1572 bominum
353 1535 502 1571 animos
528 1533 653 1582 magis
681 1531 904 1570 alliciebant
931 1537 967 1569 et,
996 1530 1241 1569 delectabant
1269 1543 1385 1581 quam
1415 1529 1489 1568 tide
1512 1535 1550 1568 et
1571 1542 1659 1567 auc-

122 1601 277 1637 toritate
304 1611 438 1637 rerum
467 1603 724 1648 narratarum,
752 1609 880 1648 neque
907 1598 1051 1635 iniuria
1080 1596 1293 1647 Pomponio
1322 1591 1390 1649 (de
1413 1596 1509 1645 orig.
1530 1596 1604 1633 iur.
1624 1595 1659 1645 1,

123 1662 233 1714 240
254 1677 290 1715 p.
307 1667 330 1702 4
347 1661 414 1716 M.)
443 1663 598 1701 Coelius
624 1662 712 1713 plus
740 1661 986 1712 eloquentiae
1015 1674 1130 1712 quam
1158 1662 1345 1700 scientiae
1374 1662 1472 1698 iuris
1500 1672 1659 1711 operam

123 1729 276 1768 dedisse
310 1729 480 1767 uidetur.
519 1728 588 1767 sed
616 1728 877 1779 quodcunque
906 1727 979 1765 fuit
1005 1728 1045 1765 in
1072 1739 1206 1776 causa,
1240 1731 1418 1764 secutum
1446 1738 1536 1764 eum
1564 1725 1660 1764 Sile-

122 1807 214 1833 num
243 1807 328 1833 esse
357 1807 402 1833 ex
430 1793 629 1832 luculento
662 1792 864 1831 Ciceronis
898 1793 1124 1830 testimonio
1157 1787 1314 1844 (fnit)
1349 1796 1512 1829 constat.
1558 1790 1658 1841 quod

122 1861 254 1898 nescio
276 1873 323 1898 an
345 1859 435 1898 inde
457 1861 575 1897 etiam
596 1859 720 1909 magis
741 1857 1031 1909 comprobetur,
1058 1856 1162 1908 quod
1183 1869 1229 1896 ex
1251 1858 1375 1908 ipsius
1397 1855 1519 1894 Coelii
1539 1856 1660 1894 bisto-

123 1927 192 1964 riis
226 1925 348 1964 Sileni
380 1926 646 1963 narrationem
681 1937 699 1962 a
734 1923 922 1962 Cicerone
956 1928 1151 1974 sumptam
1187 1935 1274 1961 esse
1308 1923 1395 1960 11611
1428 1921 1556 1960 simile
1591 1928 1660 1959 est.

123 1993 210 2041 quis
232 1992 337 2029 enim
358 2003 447 2029 eum
475 1991 528 2028 ita
549 1989 727 2028 Coelium
749 1995 784 2027 et
808 1989 997 2039 Silenum,
1025 2000 1142 2039 quem
1169 1988 1242 2026 hoc
1262 1999 1340 2026 uno
1368 1987 1452 2025 1000
1473 1987 1661 2035 nominat,

123 2057 226 2094 inter
248 2068 287 2094 se
310 2067 558 2106 comparasse
574 2054 719 2105 credat,
741 2060 782 2093 ut
798 2059 951 2093 certum
969 2053 1064 2091 illud
1086 2053 1276 2092 iudicium
1298 2053 1477 2104 proferre
1498 2050 1661 2103 posset?

124 2123 237 2159 etiam
267 2120 367 2172 apud
388 2121 544 2159 Liuium
569 2117 802 2172 (26,49,3)
829 2132 951 2158 unum
980 2118 1108 2157 locum
1136 2131 1211 2169 quo
1235 2118 1411 2156 Silenum
1440 2118 1543 2167 citat,
1572 2129 1659 2155 cum

124 2186 246 2225 Sileni
273 2187 431 2224 nomine
460 2198 504 2224 ex
533 2185 665 2224 Coelio
693 2185 876 2223 haustum
904 2197 990 2222 esse
1020 2180 1307 2236 coniece1·in1.¹)

212 2251 312 2289 Hinc
339 2252 459 2301 igitur
486 2252 584 2289 mira
613 2250 677 2288 illa
705 2250 806 2300 apud
828 2249 1004 2288 Coelium
1032 2250 1182 2287 somnia
1204 2248 1434 2286 Hannibalis
1462 2248 1657 2286 fluxerunt

125 2312 190 2369 (fr.
210 2315 274 2355 11.
296 2313 384 2369 34),
412 2316 503 2354 hinc
530 2315 776 2354 incredibilis
803 2314 868 2353 ille
894 2314 1064 2353 militum
1089 2326 1293 2365 numerus,
1321 2313 1556 2365 quibuscum
1579 2313 1660 2351 Sci-

124 2383 279 2432 pionem
308 2381 354 2419 ad
381 2382 533 2419 Africae
561 2393 648 2419 oras
671 2380 932 2432 appellentem
960 2380 1053 2418 fecit
1080 2375 1258 2433 (s1-.4O):
1292 2381 1424 2430 inepte
1455 2379 1559 2417 enim
1592 2390 1660 2416 uo-

125 2446 254 2485 lucres
281 2446 328 2485 ad
354 2452 480 2485 terras
504 2446 682 2497 delapsas
709 2446 879 2484 clamore
908 2445 1075 2483 militum
1101 2446 1154 2483 ait
1175 2450 1290 2495 atque
1317 2449 1465 2483 tantam
1486 2443 1660 2482 multitu-

126 2511 255 2550 dinem
289 2511 567 2550 conscendisse
594 2524 733 2557 naues,
765 2517 808 2549 ut
838 2523 953 2549 nemo
980 2509 1205 2548 mortalium
1233 2515 1297 2548 aut
1325 2511 1365 2548 in
1392 2509 1500 2547 Italia
1528 2514 1590 2547 aut
1620 2509 1660 2546 in

126 2576 256 2615 Sicilia
278 2576 449 2627 relinqui
470 2573 724 2630 uideretu1·.2>
753 2575 929 2615 Silenum
952 2577 1126 2613 imitatus
1142 2580 1180 2613 et
1201 2587 1247 2613 ex
1264 2575 1436 2625 antiquis
1454 2573 1660 2612 annalibus

223 2687 254 2727 1)
282 2684 421 2718 Eadem
449 2686 504 2718 est}
531 2684 717 2718 sententia
744 2684 785 2718 G.
807 2683 1002 2718 Michaelis
1029 2685 1086 2719 De
1111 2685 1253 2718 ratione
1275 2684 1311 2717 et
1331 2695 1365 2726 q.
1388 2694 1414 2716 s.
1435 2695 1470 2726 p.
1489 2685 1542 2715 63.

222 2740 255 2782 2)
281 2738 404 2771 Etiam
434 2749 476 2771 ex
501 2737 572 2772 hac
598 2749 638 2772 re
664 2738 830 2771 studium
857 2738 1046 2781 quoddam
1068 2736 1292 2770 Hannibalis
1314 2738 1481 2780 apparet.
1521 2734 1566 2768 cf.
1589 2735 1660 2767 Bu-

122 2790 211 2835 jack
231 2803 266 2835 p.
283 2794 339 2825 13.
377 2793 505 2825 contra
534 2791 678 2825 Silenus
712 2802 905 2825 numerum
931 2790 1184 2835 scorpionum,
1219 2789 1282 2833 qui
1310 2789 1535 2833 Carthagine
1562 2799 1659 2821 noua

126 2846 340 2887 expugnata
366 2855 387 2877 a
408 2844 584 2878 Romanis
612 2845 714 2888 capti
741 2846 875 2887 essent,
903 2844 955 2878 tta
982 2844 1219 2886 inminuerat,
1246 2845 1288 2877 ut
1314 2844 1468 2876 auxerat
1488 2840 1659 2875 Valerius
