2002 3342
662 216 698 250 L.
721 214 1002 249 SCRIBONIVS
1028 214 1136 248 LIBO
1417 227 1665 256 (UCLXXVH

135 328 250 366 bendi
280 327 486 365 consilium
512 326 723 364 abhorrere
745 327 808 363 uix
832 326 1039 376 quisquam
1062 325 1283 363 contendet.
1325 324 1393 363 sed
1416 326 1532 362 etiam
1556 326 1665 376 ratio,

134 406 206 443 qua
230 394 366 431 Cicero
394 404 482 430 eum
511 397 649 430 testem
673 392 820 440 citauit,
848 391 1081 439 scriptorem
1108 391 1316 440 significat,
1344 391 1410 439 qui
1432 391 1601 440 utrique,
1629 395 1666 428 et

134 459 207 507 ipsi
237 463 270 495 et
301 458 438 507 Attico,
465 456 563 494 bene
592 462 706 494 notus
735 457 795 504 sit,
823 467 938 505 quem
967 468 986 492 a
1009 454 1198 493 Cicerone
1225 467 1349 505 usque
1371 455 1416 492 ad
1446 454 1482 492 id
1512 460 1666 505 tempus

135 523 306 560 noudum
336 534 421 560 esse
444 522 685 559 nominatum
708 521 876 558 maximo
898 532 1015 570 opere
1038 521 1286 569 miraremur,
1314 521 1389 557 nisi
1412 520 1521 569 liber,
1549 532 1665 570 quem

134 589 248 625 etiam
283 589 320 625 in
349 588 461 637 epist.
481 584 618 635 13‚44
646 582 761 624 a.45.
786 583 868 623 709
903 597 1036 623 secum
1066 597 1151 622 esse
1180 585 1336 635 scribit,
1370 585 1483 635 paulo
1512 591 1598 623 ante
1626 586 1666 623 iu

136 666 272 690 manus
300 653 335 690 ei
356 648 514 704 uenitffj)
557 650 625 689 sed
646 650 827 688 llertzius
850 647 892 702 (¹-
915 662 943 687 s.
967 663 1001 700 p.
1021 646 1092 702 15)
1122 651 1238 688 etiam
1269 652 1427 688 tertium
1455 650 1583 689 locum
1605 651 1666 688 Li-

136 718 225 755 boni
253 717 481 755 uindicauit.
529 722 588 754 est
614 716 782 766 Appiani
816 715 849 753 b.
872 713 958 765 (2313,
976 712 1046 753 77:
1086 715 1153 769 Τῷ
1183 711 1223 753 δ’
1254 712 1371 768 αὐτῷ
1398 715 1541 767 χρόνῳ
1568 714 1670 767 περί

134 797 176 821 τε
205 782 380 834 Συρίαν
406 779 478 820 καὶ
504 779 794 820 ,Μακεδονίαν
821 778 969 819 τοιάδε
997 777 1207 831 ἐγίγνετο.
1248 778 1379 826 Γάιος
1400 780 1572 831 Καῖσαρ
1597 778 1667 819 ὅτε

136 847 309 898 Συρίαν
331 845 527 897 διώδευε,
554 843 677 893 τέλος
699 842 746 885 ἐν
766 843 875 897 αὐτῇ
897 844 1214 895 καταλελοίπει,
1240 843 1291 884 τὰ
1312 841 1354 891 ἐς
1376 845 1669 897 Παρθυαίους

136 912 213 963 ἤδη
244 910 572 962 διανοούμενος.
612 910 773 950 τούτου
804 910 884 963 τὴν
908 906 991 962 μὲν
1017 908 1268 962 ἐπιμέλειαν
1300 909 1529 957 Καικίλιος
1555 909 1668 949 Βάσ-

134 988 210 1024 σος
237 970 342 1030 εἶχε,
375 975 423 1016 τὸ
452 972 499 1016 δὲ
527 974 692 1028 ἀξίωμα
715 972 900 1023 Ἰούλιος
927 972 1110 1025 Σέξτος,
1137 973 1366 1029 μειράκιον
1393 973 1526 1014 αὐτοῦ
1560 976 1669 1014 Καί-

135 1053 267 1094 σαρος
293 1039 516 1094 συγγενές,
545 1040 649 1093 ὅπερ
678 1039 1019 1093 ἐκδιαιτώμενον
1046 1038 1089 1088 ἐς
1115 1040 1292 1093 τρυφὴν
1318 1039 1366 1080 τὸ
1393 1037 1517 1087 τέλος
1540 1038 1668 1093 ἀσχή-

133 1108 279 1160 μόνως
312 1105 493 1160 ἐπήγετο
525 1111 762 1159 πανταχοῦ.
801 1103 1065 1160 μεμψαμένῳ
1094 1101 1141 1145 δὲ
1171 1108 1230 1160 τῷ
1253 1102 1413 1163 Βάσσῳ
1440 1103 1544 1145 ποτε
1571 1102 1668 1145 ε’νύ-

132 1173 274 1224 βρισε·
319 1170 391 1212 καὶ
429 1173 577 1212 καλῶν
615 1170 752 1212 αὐτὸν
789 1170 998 1223 ὕστερον,
1038 1168 1130 1210 ἐπεὶ
1167 1168 1366 1224 βραδέως
1403 1169 1668 1223 ὑπήκουσεν,

133 1238 257 1290 ἄγειν
285 1236 511 1278 ἐκέλευσεν
538 1235 756 1285 ἕλκοντας.
795 1236 1002 1289 θορύβου
1029 1235 1077 1276 δὲ
1109 1234 1181 1276 καὶ
1208 1238 1390 1288 πληγῶν
1416 1234 1669 1289 γενομένων

136 1301 158 1355 ἡ
193 1303 373 1356 στρατιὰ
399 1302 478 1355 τὴν
505 1301 638 1355 ὕβριν
665 1301 718 1342 οὐ
744 1300 942 1355 φέρουσα
962 1301 1040 1342 τὸν
1054 1298 1243 1342 Ἰούλιον
1262 1302 1555 1353 κατηκόντισε.
1597 1300 1669 1341 καὶ

135 1367 273 1416 εὐθὺς
306 1364 358 1420 ἦν
390 1367 598 1421 μετάνοια
631 1365 702 1407 καὶ
736 1365 833 1415 δέος
865 1365 912 1407 ἑκ
945 1372 1023 1407 τοῦ
1057 1367 1294 1419 Καίσαρος.
1342 1357 1688 1417 συνομόσαντες

135 1429 229 1483 οὖν,
257 1433 294 1474 εἰ
321 1433 378 1485 μή
405 1447 469 1481 τις
489 1431 638 1481 αὐτοῖς
658 1431 895 1485 συγγνώμη
917 1431 988 1472 καὶ
1007 1433 1153 1480 πίστις
1174 1429 1358 1484 γένοιτο,
1384 1430 1508 1485 μέχρι
1529 1430 1666 1471 θανά-

134 1514 212 1538 του
251 1499 607 1551 διαγωνιεῖσθαι,
646 1497 717 1537 καὶ
756 1495 799 1546 ἐς
844 1496 950 1537 αὐτὸ
984 1495 1164 1537 Βάσσον
1200 1495 1527 1549 ἀναγκάσαντες
1563 1496 1669 1536 ἄλλο

135 1561 372 1613 συνέλεξαν
393 1562 515 1612 τέλος
536 1562 607 1603 καὶ
628 1563 980 1616 συνεγύμνασαν.
1021 1557 1106 1603 ὧδε
1126 1560 1207 1613 μέν
1227 1573 1314 1602 τισι
1334 1561 1435 1614 περὶ
1455 1567 1533 1602 τοῦ
1556 1561 1669 1602 Βάσ-

135 1641 215 1670 σου
244 1629 377 1681 δοκεῖ,
404 1629 576 1681 Λίβωνι
600 1626 658 1680 δ’,
680 1627 745 1668 ὅτι
766 1633 840 1680 τῆς
863 1628 1099 1680 Πομπηίου
1120 1632 1324 1680 στρατιᾶς
1345 1628 1578 1680 γενόμενος
1598 1626 1670 1667 καὶ

134 1693 240 1747 μετὰ
272 1694 352 1747 τὴν
388 1689 519 1746 ἧτταν
554 1692 797 1734 ἰδιωτεύων
830 1690 878 1733 ἐν
910 1692 1036 1748 Τύρῳ
1071 1690 1305 1745 διέφθειρέ
1336 1706 1459 1740 τινας
1491 1696 1570 1732 τοῦ
1603 1690 1669 1732 τέ-

136 1763 239 1807 λους
265 1758 336 1799 καὶ
370 1758 657 1812 διεχρήσαντο
691 1758 769 1798 τὸν
797 1756 964 1807 Σέξτον
996 1755 1067 1797 καὶ
1100 1762 1158 1812 τῷ
1188 1757 1347 1812 Βάσσῳ
1375 1762 1490 1809 σφᾶς
1517 1755 1669 1810 ἐνεχεί-

136 1835 276 1876 ρισαν.
316 1823 535 1878 ὁποτέρως
561 1820 599 1864 δ’
628 1822 819 1876 ἐγένετο,
853 1822 1047 1863 Emeum}
1070 1824 1288 1876 Μοῦρκον
1315 1822 1406 1862 οἵδε
1434 1846 1488 1850 —-
1517 1821 1670 1875 ε’γκρα-

135 1897 216 1938 τῶς
250 1889 523 1943 ἀπεμάχοντο
556 1891 644 1929 κτλ.
691 1903 766 1941 ‹1uo
801 1889 884 1928 loco
918 1902 993 1940 qua
1027 1889 1102 1927 fide
1136 1890 1245 1940 prior
1278 1891 1378 1927 sama
1410 1888 1591 1939 pluribus
1624 1888 1670 1926 ab

135 1958 308 2007 Appiano
335 1961 492 1995 narrata
521 1955 635 2007 digna
663 1957 724 2007 sit,
752 1955 934 1994 nolumus
956 1967 1145 2006 quaerere
1169 1950 1388 2008 (diuulgata
1410 1960 1492 1992 erat
1513 1954 1559 1992 ab
1581 1967 1670 1993 auc-

136 2029 217 2060 tore
240 2022 396 2060 Caesari
418 2022 559 2060 infesto
582 2027 619 2060 et
642 2021 688 2059 ab
711 2022 887 2072 Appiano
910 2020 991 2059 solo
1013 2016 1202 2074 seruata),
1230 2019 1363 2071 altera,
1390 2032 1489 2070 quae
1509 2019 1671 2058 breuius

233 2132 266 2174 1)
295 2130 451 2164 Diuersa
483 2130 521 2164 in
553 2130 623 2164 hac
657 2129 819 2174 epistula
850 2128 976 2163 Cicero
1010 2129 1048 2163 et
1079 2130 1120 2163 111
1147 2128 1272 2163 Attico
1299 2128 1541 2172 responderet
1568 2130 1605 2162 et
1629 2129 1672 2162 ut

138 2184 185 2217 ad
206 2183 320 2217 libros
342 2195 425 2217 suos
448 2183 723 2227 componendos
746 2182 955 2217 doctrinam
977 2182 1055 2216 eius
1076 2181 1298 2225 exhauriret,
1325 2181 1490 2215 breuiter
1509 2181 1671 2224 miscuit,

136 2237 188 2271 sic
216 2237 331 2271 etiam
357 2236 464 2270 haee:
496 2237 636 2271 Cottam
663 2237 752 2271 mihi
774 2237 883 2270 uelim
903 2237 1035 2270 mittas.
1075 2236 1251 2270 Libonem
1271 2246 1406 2270 mecum
1426 2235 1537 2269 habeo
1557 2239 1589 2269 et
1607 2236 1672 2269 ha-

137 2293 285 2326 bueram
305 2295 389 2325 ante
411 2290 572 2325 Cascam.
601 2301 684 2324 eum
711 2289 863 2323 Libonis
885 2288 1057 2323 annalem
1079 2288 1310 2333 significasse
1330 2288 1530 2330 uideretur,
1558 2288 1671 2322 etiam

137 2345 266 2379 Cottae
299 2346 334 2378 01
360 2343 497 2378 Cascae
531 2343 670 2377 similes
703 2342 818 2377 libros
852 2353 873 2376 a
901 2342 1074 2377 Cicerone
1108 2342 1225 2376 dictos
1253 2353 1332 2376 esse
1362 2341 1531 2385 plerique
1557 2341 1671 2375 inter-

135 2398 273 2442 pretati
302 2399 397 2439 sunt,
422 2397 564 2441 Popma
585 2408 710 2431 eorum
732 2408 879 2430 cursum
899 2396 1080 2430 honorum
1103 2394 1315 2430 Ciceronem
1336 2394 1382 2428 ab
1404 2394 1523 2428 3111100
1544 2397 1671 2438 postu-

136 2451 249 2493 lasse;
277 2451 496 2485 uersabatur
517 2450 667 2494 quidem
688 2450 726 2484 in
747 2449 852 2483 libris
875 2450 918 2483 de
940 2450 1074 2483 natura
1094 2449 1247 2482 deorum
1267 2447 1457 2492 parandis,
1476 2448 1514 2481 in
1535 2447 1670 2492 quibus

137 2506 172 2538 (J.
194 2504 366 2538 Aurelius
388 2503 496 2538 Cotta
517 2515 588 2538 cos.
613 2507 666 2537 75.
689 2506 756 2537 679
784 2503 922 2547 primas
950 2502 1036 2547 egit.
1077 2502 1140 2535 sed
1163 2501 1337 2544 quoniam
1359 2501 1467 2534 initio
1488 2501 1672 2545 epistulae

137 2559 229 2592 11300
257 2557 420 2601 scripsit:
453 2558 580 2592 Verum
616 2562 737 2591 tamen
768 2557 859 2591 scire
884 2556 1010 2590 omnia
1036 2566 1111 2590 non
1138 2556 1304 2590 acerbum
1330 2559 1390 2597 est,
1416 2556 1475 2589 uel
1500 2555 1541 2589 de
1570 2555 1673 2590 Cotta

138 2611 306 2654 dixitque
332 2610 370 2644 L.
399 2610 562 2653 Cottam,
596 2610 660 2653 qui
693 2621 738 2644 ex
769 2609 875 2643 libris
903 2608 1097 2652 Sibyllinis
1130 2608 1223 2642 illud
1255 2619 1473 2652 responsum
1503 2607 1672 2641 ediderat

136 2664 294 2698 Parthos
321 2663 393 2697 nisi
420 2675 441 2697 a
467 2674 553 2708 rege
580 2675 652 2698 non
679 2674 786 2708 posse
813 2662 913 2696 uinci
940 2673 1052 2705 seque
1079 2661 1117 2695 in
1145 2663 1275 2696 senatu
1303 2661 1525 2695 sententiam
1552 2661 1672 2695 dictu-

136 2730 229 2759 rum,
256 2719 299 2751 ut
324 2716 459 2751 Caesar
485 2728 548 2752 rex
576 2716 830 2761 appellaretur
856 2715 969 2761 (Suet.
991 2715 1093 2750 Caes.
1111 2717 1179 2756 79),
1209 2715 1306 2749 inter
1330 2725 1458 2759 preces
1486 2713 1671 2749 Ciceronis

138 2771 297 2805 maxime
329 2770 426 2804 hane
459 2770 579 2814 ipsam
612 2780 833 2814 cognoscere
866 2770 1054 2803 intererat.
1093 2769 1156 2802 sed
1176 2770 1262 2802 utut
1287 2778 1344 2802 res
1371 2778 1409 2802 se
1435 2767 1560 2809 habet,
1588 2767 1672 2801 Cot-

137 2827 198 2859 tae
221 2826 257 2859 et
271 2824 420 2866 Cascae,
441 2834 532 2867 quos
552 2823 659 2858 libris
681 2823 887 2857 scribendis
908 2833 1061 2856 uacasse
1082 2822 1277 2864 nescimus,
1299 2821 1395 2855 inter
1414 2832 1537 2854 rerum
1558 2821 1672 2863 scrip-

135 2880 233 2912 tores
259 2877 383 2912 locum
411 2877 611 2912 concedere
638 2877 778 2911 ueritus
805 2888 896 2911 snm.
