<?xml version="1.0" encoding="UTF-8"?>
<!DOCTYPE html PUBLIC "-//W3C//DTD XHTML 1.0 Transitional//EN"
    "http://www.w3.org/TR/xhtml1/DTD/xhtml1-transitional.dtd">
<html xmlns="http://www.w3.org/1999/xhtml" xml:lang="en" lang="en">
 <head>
  <title>
</title>
<meta http-equiv="Content-Type" content="text/html;charset=utf-8" />
  <meta name='ocr-system' content='tesseract 3.04.00' />
  <meta name='ocr-capabilities' content='ocr_page ocr_carea ocr_par ocr_line ocrx_word'/>
</head>
<body>
  <div class='ocr_page' id='page_1' title='image "./historicorumroma01peteuoft_0430.png"; bbox 0 0 2002 3342; ppageno 0'>
   <div class='ocr_carea' id='block_1_1' title="bbox 307 195 1204 239">
    <p class='ocr_par' dir='ltr' id='par_1_1' title="bbox 307 195 1204 239">
     <span class='ocr_line' id='line_1_1' title="bbox 307 195 1204 239; baseline -0.012 0"><span class='ocrx_word' id='word_1_1' title='bbox 307 198 363 239; x_wconf 83' lang='lat'><em>36</em></span> <span class='ocrx_word' id='word_1_2' title='bbox 942 195 1204 237; x_wconf 85' lang='lat' dir='ltr'><strong>RELIQVIAE</strong></span> 
     </span>
    </p>
   </div>
   <div class='ocr_carea' id='block_1_2' title="bbox 304 305 1875 682">
    <p class='ocr_par' dir='ltr' id='par_1_2' title="bbox 304 305 1875 682">
     <span class='ocr_line' id='line_1_2' title="bbox 306 305 1838 357; baseline -0.001 -11"><span class='ocrx_word' id='word_1_3' title='bbox 306 321 395 347; x_wconf 82' lang='lat' dir='ltr'><em>cum</em></span> <span class='ocrx_word' id='word_1_4' title='bbox 429 308 546 346; x_wconf 83' lang='lat' dir='ltr'>etiam</span> <span class='ocrx_word' id='word_1_5' title='bbox 579 319 625 345; x_wconf 89' lang='lat' dir='ltr'><em>ex</em></span> <span class='ocrx_word' id='word_1_6' title='bbox 658 305 847 345; x_wconf 87' lang='lat' dir='ltr'>ulteriore</span> <span class='ocrx_word' id='word_1_7' title='bbox 881 305 1001 344; x_wconf 84' lang='lat' dir='ltr'>Gallia</span> <span class='ocrx_word' id='word_1_8' title='bbox 1034 307 1174 357; x_wconf 85' lang='lat' dir='ltr'>ingens</span> <span class='ocrx_word' id='word_1_9' title='bbox 1207 305 1418 344; x_wconf 78' lang='lat' dir='ltr'>aduentare</span> <span class='ocrx_word' id='word_1_10' title='bbox 1452 307 1649 345; x_wconf 85' lang='lat' dir='ltr'>exercitus</span> <span class='ocrx_word' id='word_1_11' title='bbox 1685 308 1838 345; x_wconf 83' lang='lat' dir='ltr'>nuntia-</span> 
     </span>
     <span class='ocr_line' id='line_1_3' title="bbox 307 370 1838 423; baseline -0.001 -12"><span class='ocrx_word' id='word_1_12' title='bbox 307 378 433 423; x_wconf 87' lang='lat' dir='ltr'>retur,</span> <span class='ocrx_word' id='word_1_13' title='bbox 473 373 641 410; x_wconf 79' lang='lat' dir='ltr'>maxime</span> <span class='ocrx_word' id='word_1_14' title='bbox 670 370 942 421; x_wconf 83' lang='lat' dir='ltr'>Gaesatorum,</span> <span class='ocrx_word' id='word_1_15' title='bbox 976 370 1078 422; x_wconf 83' lang='lat' dir='ltr'>quod</span> <span class='ocrx_word' id='word_1_16' title='bbox 1111 383 1254 409; x_wconf 90' lang='lat' dir='ltr'>nomen</span> <span class='ocrx_word' id='word_1_17' title='bbox 1288 383 1365 408; x_wconf 90' lang='lat' dir='ltr'>non</span> <span class='ocrx_word' id='word_1_18' title='bbox 1399 372 1527 421; x_wconf 84' lang='lat' dir='ltr'>gentis</span> <span class='ocrx_word' id='word_1_19' title='bbox 1560 370 1629 410; x_wconf 85' lang='lat' dir='ltr'><em>sed</em></span> <span class='ocrx_word' id='word_1_20' title='bbox 1662 383 1838 410; x_wconf 88' lang='lat' dir='ltr'>mercen·</span> 
     </span>
     <span class='ocr_line' id='line_1_4' title="bbox 305 435 1839 487; baseline -0.001 -11"><span class='ocrx_word' id='word_1_21' title='bbox 305 439 507 476; x_wconf 83' lang='lat' dir='ltr'>uariorum</span> <span class='ocrx_word' id='word_1_22' title='bbox 536 436 734 475; x_wconf 79' lang='lat' dir='ltr'>Gallorum</span> <span class='ocrx_word' id='word_1_23' title='bbox 768 442 839 474; x_wconf 87' lang='lat' dir='ltr'>est.</span> <span class='ocrx_word' id='word_1_24' title='bbox 890 437 1021 487; x_wconf 85' lang='lat' dir='ltr'>itaque</span> <span class='ocrx_word' id='word_1_25' title='bbox 1054 437 1224 486; x_wconf 85' lang='lat' dir='ltr'>permoti</span> <span class='ocrx_word' id='word_1_26' title='bbox 1257 435 1439 474; x_wconf 89' lang='lat' dir='ltr'>consules</span> <span class='ocrx_word' id='word_1_27' title='bbox 1473 436 1591 474; x_wconf 85' lang='lat' dir='ltr'>totius</span> <span class='ocrx_word' id='word_1_28' title='bbox 1623 435 1755 474; x_wconf 85' lang='lat' dir='ltr'>Italiae</span> <span class='ocrx_word' id='word_1_29' title='bbox 1791 436 1839 475; x_wconf 80' lang='lat' dir='ltr'><em>ad</em></span> 
     </span>
     <span class='ocr_line' id='line_1_5' title="bbox 304 501 1839 553; baseline -0.001 -13"><span class='ocrx_word' id='word_1_30' title='bbox 304 502 547 553; x_wconf 82' lang='lat' dir='ltr'>praesidium</span> <span class='ocrx_word' id='word_1_31' title='bbox 579 502 738 552; x_wconf 88' lang='lat' dir='ltr'>imperii</span> <span class='ocrx_word' id='word_1_32' title='bbox 771 506 1002 540; x_wconf 79' lang='lat' dir='ltr'>contraxere</span> <span class='ocrx_word' id='word_1_33' title='bbox 1034 502 1154 539; x_wconf 87' lang='lat' dir='ltr'>uires.</span> <span class='ocrx_word' id='word_1_34' title='bbox 1200 514 1276 552; x_wconf 88' lang='lat' dir='ltr'>quo</span> <span class='ocrx_word' id='word_1_35' title='bbox 1310 501 1410 539; x_wconf 82' lang='lat' dir='ltr'>facto</span> <span class='ocrx_word' id='word_1_36' title='bbox 1442 502 1483 538; x_wconf 89' lang='lat' dir='ltr'><em>in</em></span> <span class='ocrx_word' id='word_1_37' title='bbox 1515 502 1722 552; x_wconf 88' lang='lat' dir='ltr'>utriusque</span> <span class='ocrx_word' id='word_1_38' title='bbox 1750 513 1839 539; x_wconf 90' lang='lat' dir='ltr'>con-</span> 
     </span>
     <span class='ocr_line' id='line_1_6' title="bbox 306 565 1875 616; baseline 0.001 -10"><span class='ocrx_word' id='word_1_39' title='bbox 306 567 402 606; x_wconf 87' lang='lat' dir='ltr'>sulis</span> <span class='ocrx_word' id='word_1_40' title='bbox 430 568 606 605; x_wconf 84' lang='lat' dir='ltr'>exercitu</span> <span class='ocrx_word' id='word_1_41' title='bbox 641 567 864 616; x_wconf 82' lang='lat' dir='ltr'>octingenta</span> <span class='ocrx_word' id='word_1_42' title='bbox 896 566 1003 604; x_wconf 85' lang='lat' dir='ltr'>milia</span> <span class='ocrx_word' id='word_1_43' title='bbox 1037 571 1275 604; x_wconf 87' lang='lat' dir='ltr'>armatorum</span> <span class='ocrx_word' id='word_1_44' title='bbox 1309 565 1429 604; x_wconf 83' lang='lat' dir='ltr'>fuisse</span> <span class='ocrx_word' id='word_1_45' title='bbox 1462 565 1705 616; x_wconf 85' lang='lat' dir='ltr'>referuntur,</span> <span class='ocrx_word' id='word_1_46' title='bbox 1739 566 1840 604; x_wconf 89' lang='lat' dir='ltr'>sicut</span> <span class='ocrx_word' id='word_1_47' title='bbox 1860 581 1875 607; x_wconf 83' lang='lat'><em>5</em></span> 
     </span>
     <span class='ocr_line' id='line_1_7' title="bbox 305 629 1838 682; baseline -0.001 -12"><span class='ocrx_word' id='word_1_48' title='bbox 305 632 448 671; x_wconf 79' lang='lat' dir='ltr'>Fabius</span> <span class='ocrx_word' id='word_1_49' title='bbox 475 632 700 682; x_wconf 86' lang='lat' dir='ltr'>historicus,</span> <span class='ocrx_word' id='word_1_50' title='bbox 727 632 795 682; x_wconf 88' lang='lat' dir='ltr'><em>qui</em></span> <span class='ocrx_word' id='word_1_51' title='bbox 821 631 948 670; x_wconf 88' lang='lat' dir='ltr'>eidem</span> <span class='ocrx_word' id='word_1_52' title='bbox 975 631 1077 670; x_wconf 89' lang='lat' dir='ltr'>hello</span> <span class='ocrx_word' id='word_1_53' title='bbox 1105 631 1296 681; x_wconf 80' lang='lat' dir='ltr'>interfuit,</span> <span class='ocrx_word' id='word_1_54' title='bbox 1324 631 1494 682; x_wconf 83' lang='lat' dir='ltr'>scripsit.</span> <span class='ocrx_word' id='word_1_55' title='bbox 1534 643 1579 669; x_wconf 85' lang='lat' dir='ltr'><em>ex</em></span> <span class='ocrx_word' id='word_1_56' title='bbox 1601 630 1744 682; x_wconf 92' lang='lat' dir='ltr'>quibus</span> <span class='ocrx_word' id='word_1_57' title='bbox 1763 629 1838 668; x_wconf 84' lang='lat' dir='ltr'>Ro-</span> 
     </span>
    </p>
   </div>
   <div class='ocr_carea' id='block_1_3' title="bbox 297 769 1842 2710">
    <p class='ocr_par' dir='ltr' id='par_1_3' title="bbox 297 769 1842 2710">
     <span class='ocr_line' id='line_1_8' title="bbox 303 769 1839 814; baseline -0.001 -11"><span class='ocrx_word' id='word_1_58' title='bbox 303 774 335 804; x_wconf 74' lang='lat' dir='ltr'><em>et</em></span> <span class='ocrx_word' id='word_1_59' title='bbox 362 770 456 804; x_wconf 74' lang='lat' dir='ltr'>inter</span> <span class='ocrx_word' id='word_1_60' title='bbox 475 781 510 804; x_wconf 82' lang='lat' dir='ltr'><em>se</em></span> <span class='ocrx_word' id='word_1_61' title='bbox 534 769 607 812; x_wconf 77' lang='lat' dir='ltr'><em>fere</em></span> <span class='ocrx_word' id='word_1_62' title='bbox 628 770 867 811; x_wconf 65' lang='lat' dir='ltr'>consentiunt,</span> <span class='ocrx_word' id='word_1_63' title='bbox 895 780 1005 813; x_wconf 72' lang='lat' dir='ltr'><strong><em>quam</em></strong></span> <span class='ocrx_word' id='word_1_64' title='bbox 1025 769 1069 803; x_wconf 76' lang='lat' dir='ltr'><em>ab</em></span> <span class='ocrx_word' id='word_1_65' title='bbox 1090 780 1163 803; x_wconf 83' lang='lat' dir='ltr'><em>rem</em></span> <span class='ocrx_word' id='word_1_66' title='bbox 1184 769 1450 813; x_wconf 75' lang='lat' dir='ltr'>discrepantiae</span> <span class='ocrx_word' id='word_1_67' title='bbox 1475 772 1541 803; x_wconf 76' lang='lat' dir='ltr'><em>aut</em></span> <span class='ocrx_word' id='word_1_68' title='bbox 1567 780 1591 803; x_wconf 85' lang='lat' dir='ltr'><em>a</em></span> <span class='ocrx_word' id='word_1_69' title='bbox 1615 770 1839 814; x_wconf 71' lang='lat' dir='ltr'><em>ne9le9entia</em></span> 
     </span>
     <span class='ocr_line' id='line_1_9' title="bbox 302 816 1839 860; baseline -0.001 -9"><span class='ocrx_word' id='word_1_70' title='bbox 302 818 450 852; x_wconf 78' lang='lat' dir='ltr'>illorum</span> <span class='ocrx_word' id='word_1_71' title='bbox 482 821 548 852; x_wconf 77' lang='lat' dir='ltr'><em>aut</em></span> <span class='ocrx_word' id='word_1_72' title='bbox 573 829 596 852; x_wconf 89' lang='grc' dir='ltr'><em>α</em></span> <span class='ocrx_word' id='word_1_73' title='bbox 623 818 788 852; x_wconf 79' lang='lat' dir='ltr'>librariis</span> <span class='ocrx_word' id='word_1_74' title='bbox 813 816 1024 860; x_wconf 70' lang='lat' dir='ltr'><em>oepetendae</em></span> <span class='ocrx_word' id='word_1_75' title='bbox 1049 821 1144 851; x_wconf 72' lang='lat' dir='ltr'>suut</span> <span class='ocrx_word' id='word_1_76' title='bbox 1189 816 1251 851; x_wconf 82' lang='lat' dir='ltr'>sed</span> <span class='ocrx_word' id='word_1_77' title='bbox 1277 827 1460 860; x_wconf 73' lang='lat' dir='ltr'>apponam</span> <span class='ocrx_word' id='word_1_78' title='bbox 1486 820 1599 850; x_wconf 76' lang='lat' dir='ltr'>totum</span> <span class='ocrx_word' id='word_1_79' title='bbox 1632 820 1742 859; x_wconf 76' lang='lat' dir='ltr'>caput</span> <span class='ocrx_word' id='word_1_80' title='bbox 1768 816 1839 850; x_wconf 91' lang='lat' dir='ltr'>Po-</span> 
     </span>
     <span class='ocr_line' id='line_1_10' title="bbox 303 863 1839 910; baseline -0.001 -11"><span class='ocrx_word' id='word_1_81' title='bbox 303 865 507 910; x_wconf 67' lang='lat' dir='ltr'><em>lybiawzum,</em></span> <span class='ocrx_word' id='word_1_82' title='bbox 532 876 613 899; x_wconf 75' lang='lat' dir='ltr'><em>eum</em></span> <span class='ocrx_word' id='word_1_83' title='bbox 639 869 669 899; x_wconf 75' lang='lat' dir='ltr'><em>et</em></span> <span class='ocrx_word' id='word_1_84' title='bbox 695 865 928 909; x_wconf 71' lang='grc' dir='ltr'><em>3ίιι9ιιῖαιιιιη</em></span> <span class='ocrx_word' id='word_1_85' title='bbox 949 865 1117 907; x_wconf 73' lang='lat' dir='ltr'>partium</span> <span class='ocrx_word' id='word_1_86' title='bbox 1142 865 1287 899; x_wconf 71' lang='lat' dir='ltr'>numeri</span> <span class='ocrx_word' id='word_1_87' title='bbox 1310 868 1342 897; x_wconf 77' lang='lat' dir='ltr'><em>et</em></span> <span class='ocrx_word' id='word_1_88' title='bbox 1360 874 1586 898; x_wconf 76' lang='lat' dir='ltr'>summarum</span> <span class='ocrx_word' id='word_1_89' title='bbox 1606 863 1656 898; x_wconf 79' lang='lat' dir='ltr'><em>ad</em></span> <span class='ocrx_word' id='word_1_90' title='bbox 1676 863 1839 898; x_wconf 78' lang='lat' dir='ltr'>Fabium</span> 
     </span>
     <span class='ocr_line' id='line_1_11' title="bbox 297 909 1839 957; baseline -0.002 -10"><span class='ocrx_word' id='word_1_91' title='bbox 297 913 508 956; x_wconf 70' lang='lat' dir='ltr'>pertineant</span> <span class='ocrx_word' id='word_1_92' title='bbox 535 913 581 957; x_wconf 79' lang='lat'><em>(2,</em></span> <span class='ocrx_word' id='word_1_93' title='bbox 604 914 678 956; x_wconf 71' lang='lat'>24):</span> <span class='ocrx_word' id='word_1_94' title='bbox 712 911 802 955; x_wconf 80' lang='grc' dir='ltr'><em>μετὰ</em></span> <span class='ocrx_word' id='word_1_95' title='bbox 828 911 894 955; x_wconf 78' lang='grc' dir='ltr'><em>μὲν</em></span> <span class='ocrx_word' id='word_1_96' title='bbox 920 911 965 955; x_wconf 82' lang='grc' dir='ltr'><em>δὴ</em></span> <span class='ocrx_word' id='word_1_97' title='bbox 993 917 1066 945; x_wconf 86' lang='grc' dir='ltr'><em>τῶν</em></span> <span class='ocrx_word' id='word_1_98' title='bbox 1093 911 1246 946; x_wconf 78' lang='grc' dir='ltr'><em>ὑπάτων</em></span> <span class='ocrx_word' id='word_1_99' title='bbox 1272 911 1484 954; x_wconf 77' lang='grc' dir='ltr'><em>ἐξεληλύθει</em></span> <span class='ocrx_word' id='word_1_100' title='bbox 1508 909 1663 953; x_wconf 86' lang='grc' dir='ltr'><em>τέτταρα</em></span> <span class='ocrx_word' id='word_1_101' title='bbox 1689 910 1839 952; x_wconf 87' lang='grc' dir='ltr'><em>στρατό-</em></span> 
     </span>
     <span class='ocr_line' id='line_1_12' title="bbox 301 957 1839 1007; baseline -0.001 -13"><span class='ocrx_word' id='word_1_102' title='bbox 301 962 400 994; x_wconf 87' lang='grc' dir='ltr'><em>πεδα</em></span> <span class='ocrx_word' id='word_1_103' title='bbox 420 957 624 1003; x_wconf 83' lang='grc' dir='ltr'><em>Ρωμαῖκά,</em></span> <span class='ocrx_word' id='word_1_104' title='bbox 660 958 836 999; x_wconf 87' lang='grc' dir='ltr'><em>πεντάκις</em></span> <span class='ocrx_word' id='word_1_105' title='bbox 868 958 934 1002; x_wconf 83' lang='grc' dir='ltr'><em>μὲν</em></span> <span class='ocrx_word' id='word_1_106' title='bbox 967 957 1108 1004; x_wconf 83' lang='grc' dir='ltr'><em>χιλίους</em></span> <span class='ocrx_word' id='word_1_107' title='bbox 1139 959 1203 992; x_wconf 79' lang='grc' dir='ltr'><em>καὶ</em></span> <span class='ocrx_word' id='word_1_108' title='bbox 1229 957 1443 998; x_wconf 76' lang='grc' dir='ltr'><em>διακοσίους</em></span> <span class='ocrx_word' id='word_1_109' title='bbox 1468 958 1616 1007; x_wconf 78' lang='grc' dir='ltr'><em>πεζούς,</em></span> <span class='ocrx_word' id='word_1_110' title='bbox 1649 957 1773 997; x_wconf 78' lang='grc' dir='ltr'><em>ἱππεῖς</em></span> <span class='ocrx_word' id='word_1_111' title='bbox 1798 958 1839 992; x_wconf 84' lang='grc' dir='ltr'><em>δὲ</em></span> 
     </span>
     <span class='ocr_line' id='line_1_13' title="bbox 301 1004 1838 1064; baseline -0.001 -23"><span class='ocrx_word' id='word_1_112' title='bbox 301 1005 538 1050; x_wconf 78' lang='grc' dir='ltr'><em>τριακοσίους</em></span> <span class='ocrx_word' id='word_1_113' title='bbox 565 1007 649 1052; x_wconf 77' lang='grc' dir='ltr'><em>ἔχον</em></span> <span class='ocrx_word' id='word_1_114' title='bbox 677 1006 841 1041; x_wconf 73' lang='grc' dir='ltr'><em>ἕκαστον</em></span> <span class='ocrx_word' id='word_1_115' title='bbox 889 1006 1071 1064; x_wconf 80' lang='grc' dir='ltr'><em>σύμμαχοι</em></span> <span class='ocrx_word' id='word_1_116' title='bbox 1099 1005 1138 1040; x_wconf 78' lang='grc' dir='ltr'><em>δὲ</em></span> <span class='ocrx_word' id='word_1_117' title='bbox 1165 1004 1252 1050; x_wconf 79' lang='grc' dir='ltr'><em>μεθ’</em></span> <span class='ocrx_word' id='word_1_118' title='bbox 1283 1005 1468 1049; x_wconf 77' lang='grc' dir='ltr'><em>ἑκατέρων</em></span> <span class='ocrx_word' id='word_1_119' title='bbox 1487 1007 1582 1049; x_wconf 80' lang='grc' dir='ltr'><em>ήσαν</em></span> <span class='ocrx_word' id='word_1_120' title='bbox 1604 1004 1638 1039; x_wconf 81' lang='grc' dir='ltr'><em>οἱ</em></span> <span class='ocrx_word' id='word_1_121' title='bbox 1659 1004 1838 1049; x_wconf 79' lang='grc' dir='ltr'><em>συνάμφω</em></span> 
     </span>
     <span class='ocr_line' id='line_1_14' title="bbox 301 1051 1839 1102; baseline -0.002 -13"><span class='ocrx_word' id='word_1_122' title='bbox 301 1055 405 1096; x_wconf 83' lang='grc' dir='ltr'><em>πεζοὶ</em></span> <span class='ocrx_word' id='word_1_123' title='bbox 433 1053 498 1097; x_wconf 69' lang='grc' dir='ltr'><em>μὲν</em></span> <span class='ocrx_word' id='word_1_124' title='bbox 525 1054 742 1098; x_wconf 76' lang='grc' dir='ltr'><em>τρισμύριοι</em></span> <span class='ocrx_word' id='word_1_125' title='bbox 770 1052 943 1098; x_wconf 79' lang='grc' dir='ltr'><em>δισχίλιοι</em></span> <span class='ocrx_word' id='word_1_126' title='bbox 962 1051 998 1087; x_wconf 87' lang='grc' dir='ltr'><em>δ’</em></span> <span class='ocrx_word' id='word_1_127' title='bbox 1024 1053 1163 1093; x_wconf 81' lang='grc' dir='ltr'><em>ἱππεῖς</em></span> <span class='ocrx_word' id='word_1_128' title='bbox 1203 1059 1275 1087; x_wconf 88' lang='grc' dir='ltr'><em>τῶν</em></span> <span class='ocrx_word' id='word_1_129' title='bbox 1297 1051 1332 1087; x_wconf 83' lang='grc' dir='ltr'><em>δ’</em></span> <span class='ocrx_word' id='word_1_130' title='bbox 1358 1052 1396 1087; x_wconf 77' lang='grc' dir='ltr'><em>ἐκ</em></span> <span class='ocrx_word' id='word_1_131' title='bbox 1416 1058 1481 1087; x_wconf 84' lang='grc' dir='ltr'><em>τοῦ</em></span> <span class='ocrx_word' id='word_1_132' title='bbox 1502 1058 1635 1096; x_wconf 79' lang='grc' dir='ltr'><em>καιροῦ</em></span> <span class='ocrx_word' id='word_1_133' title='bbox 1655 1054 1839 1102; x_wconf 87' lang='grc' dir='ltr'><em>προσβοη-</em></span> 
     </span>
     <span class='ocr_line' id='line_1_15' title="bbox 301 1099 1842 1146; baseline -0.001 -10"><span class='ocrx_word' id='word_1_134' title='bbox 301 1101 503 1146; x_wconf 74' lang='grc' dir='ltr'><em>θησάντων</em></span> <span class='ocrx_word' id='word_1_135' title='bbox 537 1103 588 1141; x_wconf 88' lang='grc' dir='ltr'><em>εἰς</em></span> <span class='ocrx_word' id='word_1_136' title='bbox 619 1101 686 1145; x_wconf 81' lang='grc' dir='ltr'><em>τὴν</em></span> <span class='ocrx_word' id='word_1_137' title='bbox 706 1099 849 1146; x_wconf 87' lang='grc' dir='ltr'><em>Ρωμην</em></span> <span class='ocrx_word' id='word_1_138' title='bbox 878 1099 1052 1146; x_wconf 78' lang='grc' dir='ltr'><em>Σαβίνων</em></span> <span class='ocrx_word' id='word_1_139' title='bbox 1085 1101 1147 1135; x_wconf 88' lang='grc' dir='ltr'><em>καὶ</em></span> <span class='ocrx_word' id='word_1_140' title='bbox 1184 1104 1386 1144; x_wconf 83' lang='grc' dir='ltr'><em>Τυρρηνῶν</em></span> <span class='ocrx_word' id='word_1_141' title='bbox 1420 1100 1545 1140; x_wconf 85' lang='grc' dir='ltr'><em>ἱππεῖς</em></span> <span class='ocrx_word' id='word_1_142' title='bbox 1576 1100 1642 1144; x_wconf 81' lang='grc' dir='ltr'><em>μὲν</em></span> <span class='ocrx_word' id='word_1_143' title='bbox 1668 1101 1763 1144; x_wconf 83' lang='grc' dir='ltr'><em>ἠσαν</em></span> <span class='ocrx_word' id='word_1_144' title='bbox 1790 1100 1842 1139; x_wconf 86' lang='grc' dir='ltr'><em>εἰς</em></span> 
     </span>
     <span class='ocr_line' id='line_1_16' title="bbox 302 1146 1840 1194; baseline -0.001 -11"><span class='ocrx_word' id='word_1_145' title='bbox 302 1148 622 1194; x_wconf 80' lang='grc' dir='ltr'><em>τετρακισχιλίους</em></span> <span class='ocrx_word' id='word_1_146' title='bbox 642 1149 744 1190; x_wconf 81' lang='grc' dir='ltr'><em>πεζοὶ</em></span> <span class='ocrx_word' id='word_1_147' title='bbox 765 1149 805 1183; x_wconf 76' lang='grc' dir='ltr'><em>δὲ</em></span> <span class='ocrx_word' id='word_1_148' title='bbox 827 1149 976 1188; x_wconf 77' lang='grc' dir='ltr'><em>πλείοις</em></span> <span class='ocrx_word' id='word_1_149' title='bbox 995 1154 1067 1182; x_wconf 85' lang='grc' dir='ltr'><em>τῶν</em></span> <span class='ocrx_word' id='word_1_150' title='bbox 1089 1146 1420 1192; x_wconf 74' lang='grc' dir='ltr'><em>πεντακισμυρίων,</em></span> <span class='ocrx_word' id='word_1_151' title='bbox 1446 1160 1512 1182; x_wconf 80' lang='grc' dir='ltr'><em>τοι</em></span> <span class='ocrx_word' id='word_1_152' title='bbox 1515 1160 1602 1187; x_wconf 85' lang='grc' dir='ltr'><em>τους</em></span> <span class='ocrx_word' id='word_1_153' title='bbox 1621 1146 1687 1191; x_wconf 73' lang='grc' dir='ltr'><em>μὲν</em></span> <span class='ocrx_word' id='word_1_154' title='bbox 1708 1146 1840 1191; x_wconf 80' lang='grc' dir='ltr'><em>αθροί-</em></span> 
     </span>
     <span class='ocr_line' id='line_1_17' title="bbox 304 1193 1840 1253; baseline -0.001 -23"><span class='ocrx_word' id='word_1_155' title='bbox 304 1207 433 1236; x_wconf 89' lang='grc' dir='ltr'><em>σαντες</em></span> <span class='ocrx_word' id='word_1_156' title='bbox 454 1197 502 1236; x_wconf 84' lang='grc' dir='ltr'><em>ὡς</em></span> <span class='ocrx_word' id='word_1_157' title='bbox 523 1197 582 1231; x_wconf 74' lang='grc' dir='ltr'><em>ε’πι</em></span> <span class='ocrx_word' id='word_1_158' title='bbox 607 1195 818 1253; x_wconf 81' lang='grc' dir='ltr'><em>Τυρρηιίας</em></span> <span class='ocrx_word' id='word_1_159' title='bbox 838 1196 1110 1238; x_wconf 80' lang='grc' dir='ltr'><em>προεκάθισαν,</em></span> <span class='ocrx_word' id='word_1_160' title='bbox 1138 1195 1360 1237; x_wconf 77' lang='grc' dir='ltr'><em>ἑξαπέλεκυν</em></span> <span class='ocrx_word' id='word_1_161' title='bbox 1381 1196 1508 1235; x_wconf 85' lang='grc' dir='ltr'><em>αὑτοῖς</em></span> <span class='ocrx_word' id='word_1_162' title='bbox 1527 1193 1691 1239; x_wconf 83' lang='grc' dir='ltr'><em>ἡγεμόνα</em></span> <span class='ocrx_word' id='word_1_163' title='bbox 1711 1194 1840 1237; x_wconf 82' lang='grc' dir='ltr'><em>συστή-</em></span> 
     </span>
     <span class='ocr_line' id='line_1_18' title="bbox 303 1241 1840 1288; baseline -0.001 -10"><span class='ocrx_word' id='word_1_164' title='bbox 303 1244 521 1283; x_wconf 86' lang='grc' dir='ltr'><em>σαντες.οἱ</em></span> <span class='ocrx_word' id='word_1_165' title='bbox 549 1243 589 1278; x_wconf 77' lang='grc' dir='ltr'><em>δὲ</em></span> <span class='ocrx_word' id='word_1_166' title='bbox 623 1244 688 1278; x_wconf 88' lang='grc' dir='ltr'><em>τὸν</em></span> <span class='ocrx_word' id='word_1_167' title='bbox 714 1242 925 1278; x_wconf 74' lang='grc' dir='ltr'><em>’4πεννῐνον</em></span> <span class='ocrx_word' id='word_1_168' title='bbox 951 1249 1214 1282; x_wconf 80' lang='grc' dir='ltr'><em>κατοικοῖντες</em></span> <span class='ocrx_word' id='word_1_169' title='bbox 1232 1241 1386 1288; x_wconf 84' lang='grc' dir='ltr'><em>’Όμβροι</em></span> <span class='ocrx_word' id='word_1_170' title='bbox 1413 1243 1473 1276; x_wconf 78' lang='grc' dir='ltr'><em>καὶ</em></span> <span class='ocrx_word' id='word_1_171' title='bbox 1500 1242 1729 1284; x_wconf 82' lang='grc' dir='ltr'><em>Σαρσινάτοι</em></span> <span class='ocrx_word' id='word_1_172' title='bbox 1757 1254 1840 1277; x_wconf 92' lang='grc' dir='ltr'><em>συν-</em></span> 
     </span>
     <span class='ocr_line' id='line_1_19' title="bbox 302 1288 1839 1336; baseline -0.002 -10"><span class='ocrx_word' id='word_1_173' title='bbox 302 1291 475 1336; x_wconf 75' lang='grc' dir='ltr'><em>ἤχθησαν</em></span> <span class='ocrx_word' id='word_1_174' title='bbox 524 1291 576 1330; x_wconf 83' lang='grc' dir='ltr'><em>εἰς</em></span> <span class='ocrx_word' id='word_1_175' title='bbox 614 1289 848 1335; x_wconf 80' lang='grc' dir='ltr'><em>δισμυρίους,</em></span> <span class='ocrx_word' id='word_1_176' title='bbox 899 1290 988 1335; x_wconf 77' lang='grc' dir='ltr'><em>μετὰ</em></span> <span class='ocrx_word' id='word_1_177' title='bbox 1035 1291 1075 1325; x_wconf 82' lang='grc' dir='ltr'><em>δὲ</em></span> <span class='ocrx_word' id='word_1_178' title='bbox 1120 1290 1260 1325; x_wconf 79' lang='grc' dir='ltr'><em>τούτων</em></span> <span class='ocrx_word' id='word_1_179' title='bbox 1308 1288 1484 1325; x_wconf 80' lang='grc' dir='ltr'><em>Οὑένετοι</em></span> <span class='ocrx_word' id='word_1_180' title='bbox 1527 1304 1591 1324; x_wconf 87' lang='grc' dir='ltr'><em>και</em></span> <span class='ocrx_word' id='word_1_181' title='bbox 1630 1290 1839 1333; x_wconf 85' lang='grc' dir='ltr'><em>Γονομάνοι</em></span> 
     </span>
     <span class='ocr_line' id='line_1_20' title="bbox 303 1335 1841 1394; baseline -0.001 -21"><span class='ocrx_word' id='word_1_182' title='bbox 303 1339 505 1383; x_wconf 76' lang='grc' dir='ltr'><em>δισμιριοι</em></span> <span class='ocrx_word' id='word_1_183' title='bbox 540 1339 694 1378; x_wconf 77' lang='grc' dir='ltr'><em>τούτους</em></span> <span class='ocrx_word' id='word_1_184' title='bbox 713 1336 750 1373; x_wconf 83' lang='grc' dir='ltr'><em>δ’</em></span> <span class='ocrx_word' id='word_1_185' title='bbox 775 1338 908 1380; x_wconf 79' lang='grc' dir='ltr'><em>ἔταξαν</em></span> <span class='ocrx_word' id='word_1_186' title='bbox 937 1337 995 1372; x_wconf 78' lang='grc' dir='ltr'><em>ἐπὶ</em></span> <span class='ocrx_word' id='word_1_187' title='bbox 1022 1344 1096 1372; x_wconf 81' lang='grc' dir='ltr'><em>τῶν</em></span> <span class='ocrx_word' id='word_1_188' title='bbox 1116 1352 1212 1381; x_wconf 87' lang='grc' dir='ltr'><em>ορων</em></span> <span class='ocrx_word' id='word_1_189' title='bbox 1239 1343 1303 1383; x_wconf 85' lang='grc' dir='ltr'><em>τῆς</em></span> <span class='ocrx_word' id='word_1_190' title='bbox 1325 1336 1518 1378; x_wconf 84' lang='grc' dir='ltr'><em>Γαλατίας,</em></span> <span class='ocrx_word' id='word_1_191' title='bbox 1548 1335 1598 1371; x_wconf 79' lang='grc' dir='ltr'><em>ἶν’</em></span> <span class='ocrx_word' id='word_1_192' title='bbox 1623 1335 1841 1394; x_wconf 75' lang='grc' dir='ltr'><em>ἐμβαλόντες</em></span> 
     </span>
     <span class='ocr_line' id='line_1_21' title="bbox 305 1382 1840 1431; baseline -0.003 -10"><span class='ocrx_word' id='word_1_193' title='bbox 305 1386 356 1426; x_wconf 84' lang='grc' dir='ltr'><em>εἰς</em></span> <span class='ocrx_word' id='word_1_194' title='bbox 382 1387 449 1430; x_wconf 80' lang='grc' dir='ltr'><em>τὴν</em></span> <span class='ocrx_word' id='word_1_195' title='bbox 476 1392 548 1420; x_wconf 87' lang='grc' dir='ltr'><em>τῶν</em></span> <span class='ocrx_word' id='word_1_196' title='bbox 578 1385 697 1420; x_wconf 86' lang='grc' dir='ltr'><em>Βοίων</em></span> <span class='ocrx_word' id='word_1_197' title='bbox 725 1387 850 1431; x_wconf 78' lang='grc' dir='ltr'><em>χώραν</em></span> <span class='ocrx_word' id='word_1_198' title='bbox 878 1386 1167 1428; x_wconf 82' lang='grc' dir='ltr'><em>ἀντιπερισπῶσι</em></span> <span class='ocrx_word' id='word_1_199' title='bbox 1192 1399 1278 1426; x_wconf 87' lang='grc' dir='ltr'><em>τους</em></span> <span class='ocrx_word' id='word_1_200' title='bbox 1304 1383 1581 1429; x_wconf 74' lang='grc' dir='ltr'><em>ἐξεληλιθότας</em></span> <span class='ocrx_word' id='word_1_201' title='bbox 1620 1385 1666 1418; x_wconf 82' lang='grc' dir='ltr'><em>τὰ</em></span> <span class='ocrx_word' id='word_1_202' title='bbox 1686 1384 1752 1428; x_wconf 82' lang='grc' dir='ltr'><em>μὲν</em></span> <span class='ocrx_word' id='word_1_203' title='bbox 1773 1382 1840 1418; x_wconf 77' lang='grc' dir='ltr'><em>οὖν</em></span> 
     </span>
     <span class='ocr_line' id='line_1_22' title="bbox 301 1430 1840 1478; baseline -0.001 -10"><span class='ocrx_word' id='word_1_204' title='bbox 301 1434 576 1478; x_wconf 77' lang='grc' dir='ltr'><em>προκαθήμενοι</em></span> <span class='ocrx_word' id='word_1_205' title='bbox 604 1433 837 1476; x_wconf 85' lang='grc' dir='ltr'><em>στρατόπεδα</em></span> <span class='ocrx_word' id='word_1_206' title='bbox 862 1438 926 1476; x_wconf 86' lang='grc' dir='ltr'><em>τῆς</em></span> <span class='ocrx_word' id='word_1_207' title='bbox 952 1434 1074 1477; x_wconf 85' lang='grc' dir='ltr'><em>χώρας</em></span> <span class='ocrx_word' id='word_1_208' title='bbox 1100 1438 1216 1467; x_wconf 84' lang='grc' dir='ltr'><em>ταῦτα</em></span> <span class='ocrx_word' id='word_1_209' title='bbox 1240 1434 1297 1476; x_wconf 83' lang='grc' dir='ltr'><em>ἠν.</em></span> <span class='ocrx_word' id='word_1_210' title='bbox 1338 1433 1378 1467; x_wconf 79' lang='grc' dir='ltr'><em>ἐν</em></span> <span class='ocrx_word' id='word_1_211' title='bbox 1399 1433 1438 1467; x_wconf 81' lang='grc' dir='ltr'><em>δὲ</em></span> <span class='ocrx_word' id='word_1_212' title='bbox 1458 1437 1500 1476; x_wconf 83' lang='grc' dir='ltr'><em>τῇ</em></span> <span class='ocrx_word' id='word_1_213' title='bbox 1516 1430 1633 1476; x_wconf 82' lang='grc' dir='ltr'><em>Ρώμη</em></span> <span class='ocrx_word' id='word_1_214' title='bbox 1655 1431 1840 1477; x_wconf 74' lang='grc' dir='ltr'><em>διέτριβον</em></span> 
     </span>
     <span class='ocr_line' id='line_1_23' title="bbox 304 1479 1842 1526; baseline -0.001 -11"><span class='ocrx_word' id='word_1_215' title='bbox 304 1481 567 1526; x_wconf 81' lang='grc' dir='ltr'><em>ἡτοιμασμένοι</em></span> <span class='ocrx_word' id='word_1_216' title='bbox 594 1480 703 1526; x_wconf 82' lang='grc' dir='ltr'><em>χάριν</em></span> <span class='ocrx_word' id='word_1_217' title='bbox 723 1487 796 1515; x_wconf 88' lang='grc' dir='ltr'><em>τῶν</em></span> <span class='ocrx_word' id='word_1_218' title='bbox 817 1479 1098 1526; x_wconf 79' lang='grc' dir='ltr'><em>συμβαινόντων</em></span> <span class='ocrx_word' id='word_1_219' title='bbox 1119 1480 1158 1515; x_wconf 80' lang='grc' dir='ltr'><em>ἐν</em></span> <span class='ocrx_word' id='word_1_220' title='bbox 1178 1486 1254 1520; x_wconf 86' lang='grc' dir='ltr'><em>τοῖς</em></span> <span class='ocrx_word' id='word_1_221' title='bbox 1273 1479 1458 1524; x_wconf 78' lang='grc' dir='ltr'><em>πολέμοις,</em></span> <span class='ocrx_word' id='word_1_222' title='bbox 1484 1479 1713 1523; x_wconf 69' lang='grc' dir='ltr'><em>ἐφεδρείαςέ</em></span> <span class='ocrx_word' id='word_1_223' title='bbox 1699 1479 1842 1524; x_wconf 70' lang='grc' dir='ltr'><em>ἔχοντες</em></span> 
     </span>
     <span class='ocr_line' id='line_1_24' title="bbox 302 1526 1842 1573; baseline -0.002 -10"><span class='ocrx_word' id='word_1_224' title='bbox 302 1529 419 1572; x_wconf 78' lang='grc' dir='ltr'><em>τάξιν,</em></span> <span class='ocrx_word' id='word_1_225' title='bbox 442 1527 632 1573; x_wconf 85' lang='grc' dir='ltr'><em>Ρωμαίων</em></span> <span class='ocrx_word' id='word_1_226' title='bbox 660 1529 724 1572; x_wconf 80' lang='grc' dir='ltr'><em>μὲν</em></span> <span class='ocrx_word' id='word_1_227' title='bbox 752 1529 875 1562; x_wconf 83' lang='grc' dir='ltr'><em>αὐτῶν</em></span> <span class='ocrx_word' id='word_1_228' title='bbox 902 1529 1000 1568; x_wconf 81' lang='grc' dir='ltr'><em>πεζοι</em></span> <span class='ocrx_word' id='word_1_229' title='bbox 1030 1528 1228 1571; x_wconf 81' lang='grc' dir='ltr'><em>δισμύριοι</em></span> <span class='ocrx_word' id='word_1_230' title='bbox 1254 1540 1344 1572; x_wconf 90' lang='grc' dir='ltr'><em>μετα</em></span> <span class='ocrx_word' id='word_1_231' title='bbox 1370 1527 1410 1562; x_wconf 76' lang='grc' dir='ltr'><em>δὲ</em></span> <span class='ocrx_word' id='word_1_232' title='bbox 1430 1527 1569 1562; x_wconf 87' lang='grc' dir='ltr'><em>τούτων</em></span> <span class='ocrx_word' id='word_1_233' title='bbox 1590 1526 1713 1566; x_wconf 80' lang='grc' dir='ltr'><em>ἱππεῖς</em></span> <span class='ocrx_word' id='word_1_234' title='bbox 1732 1526 1842 1571; x_wconf 91' lang='grc' dir='ltr'><em>χίλιοι</em></span> 
     </span>
     <span class='ocr_line' id='line_1_25' title="bbox 302 1573 1836 1621; baseline -0.001 -11"><span class='ocrx_word' id='word_1_235' title='bbox 302 1577 365 1610; x_wconf 83' lang='grc' dir='ltr'><em>καὶ</em></span> <span class='ocrx_word' id='word_1_236' title='bbox 398 1575 654 1618; x_wconf 81' lang='grc' dir='ltr'><em>πεντακόσιοι,</em></span> <span class='ocrx_word' id='word_1_237' title='bbox 692 1581 765 1610; x_wconf 88' lang='grc' dir='ltr'><em>τῶν</em></span> <span class='ocrx_word' id='word_1_238' title='bbox 799 1577 838 1610; x_wconf 78' lang='grc' dir='ltr'><em>δὲ</em></span> <span class='ocrx_word' id='word_1_239' title='bbox 873 1575 1073 1621; x_wconf 89' lang='grc' dir='ltr'><em>συμμάχων</em></span> <span class='ocrx_word' id='word_1_240' title='bbox 1106 1576 1208 1616; x_wconf 80' lang='grc' dir='ltr'><em>πεζοὶ</em></span> <span class='ocrx_word' id='word_1_241' title='bbox 1241 1575 1306 1620; x_wconf 69' lang='grc' dir='ltr'><em>μὲν</em></span> <span class='ocrx_word' id='word_1_242' title='bbox 1338 1574 1562 1619; x_wconf 87' lang='grc' dir='ltr'><em>τρισμυριοι,</em></span> <span class='ocrx_word' id='word_1_243' title='bbox 1601 1573 1773 1619; x_wconf 87' lang='grc' dir='ltr'><em>δισχίλιοι</em></span> <span class='ocrx_word' id='word_1_244' title='bbox 1801 1573 1836 1608; x_wconf 90' lang='grc' dir='ltr'><em>δ</em></span> 
     </span>
     <span class='ocr_line' id='line_1_26' title="bbox 303 1619 1840 1668; baseline -0.002 -10"><span class='ocrx_word' id='word_1_245' title='bbox 303 1623 437 1664; x_wconf 80' lang='grc' dir='ltr'><em>ἱππεῖς</em></span> <span class='ocrx_word' id='word_1_246' title='bbox 483 1624 721 1668; x_wconf 74' lang='grc' dir='ltr'><em>καταγραφαὶ</em></span> <span class='ocrx_word' id='word_1_247' title='bbox 752 1621 790 1657; x_wconf 88' lang='grc' dir='ltr'><em>δ’</em></span> <span class='ocrx_word' id='word_1_248' title='bbox 819 1622 1011 1668; x_wconf 80' lang='grc' dir='ltr'><em>ἀνηνέχθη</em></span> <span class='ocrx_word' id='word_1_249' title='bbox 1017 1634 1085 1658; x_wconf 90' lang='grc' dir='ltr'><em>σαν</em></span> <span class='ocrx_word' id='word_1_250' title='bbox 1117 1621 1289 1658; x_wconf 88' lang='grc' dir='ltr'><em>Λατίνων</em></span> <span class='ocrx_word' id='word_1_251' title='bbox 1322 1621 1388 1667; x_wconf 77' lang='grc' dir='ltr'><em>μὲν</em></span> <span class='ocrx_word' id='word_1_252' title='bbox 1421 1621 1699 1665; x_wconf 81' lang='grc' dir='ltr'><em>ὀκτακισμύριοι</em></span> <span class='ocrx_word' id='word_1_253' title='bbox 1728 1619 1840 1664; x_wconf 83' lang='grc' dir='ltr'><em>πεζοί,</em></span> 
     </span>
     <span class='ocr_line' id='line_1_27' title="bbox 304 1668 1840 1730; baseline -0.002 -25"><span class='ocrx_word' id='word_1_254' title='bbox 304 1669 596 1716; x_wconf 76' lang='grc' dir='ltr'><em>πεντακισχίλιοι</em></span> <span class='ocrx_word' id='word_1_255' title='bbox 621 1671 662 1705; x_wconf 72' lang='grc' dir='ltr'><em>δ’</em></span> <span class='ocrx_word' id='word_1_256' title='bbox 689 1670 825 1714; x_wconf 81' lang='grc' dir='ltr'><em>ἱππεῖς,</em></span> <span class='ocrx_word' id='word_1_257' title='bbox 852 1673 1049 1705; x_wconf 85' lang='grc' dir='ltr'><em>Σαυνιτῶν</em></span> <span class='ocrx_word' id='word_1_258' title='bbox 1076 1670 1116 1705; x_wconf 79' lang='grc' dir='ltr'><em>δὲ</em></span> <span class='ocrx_word' id='word_1_259' title='bbox 1142 1671 1244 1711; x_wconf 83' lang='grc' dir='ltr'><em>πεζοὶ</em></span> <span class='ocrx_word' id='word_1_260' title='bbox 1270 1669 1336 1714; x_wconf 78' lang='grc' dir='ltr'><em>μὲν</em></span> <span class='ocrx_word' id='word_1_261' title='bbox 1364 1669 1655 1730; x_wconf 72' lang='grc' dir='ltr'><em>ἑπτακισμύριοι,</em></span> <span class='ocrx_word' id='word_1_262' title='bbox 1684 1668 1774 1712; x_wconf 81' lang='grc' dir='ltr'><em>μετὰ</em></span> <span class='ocrx_word' id='word_1_263' title='bbox 1799 1669 1840 1703; x_wconf 83' lang='grc' dir='ltr'><em>δὲ</em></span> 
     </span>
     <span class='ocr_line' id='line_1_28' title="bbox 302 1715 1839 1763; baseline -0.001 -11"><span class='ocrx_word' id='word_1_264' title='bbox 302 1719 442 1754; x_wconf 68' lang='grc' dir='ltr'><em>τούτων</em></span> <span class='ocrx_word' id='word_1_265' title='bbox 471 1718 595 1759; x_wconf 84' lang='grc' dir='ltr'><em>ἱππεῖς</em></span> <span class='ocrx_word' id='word_1_266' title='bbox 621 1718 896 1763; x_wconf 75' lang='grc' dir='ltr'><em>ἑπτακισχίλιοι,</em></span> <span class='ocrx_word' id='word_1_267' title='bbox 923 1732 987 1752; x_wconf 89' lang='grc' dir='ltr'><em>και</em></span> <span class='ocrx_word' id='word_1_268' title='bbox 1013 1718 1084 1762; x_wconf 85' lang='grc' dir='ltr'><em>μὴν</em></span> <span class='ocrx_word' id='word_1_269' title='bbox 1109 1715 1292 1762; x_wconf 77' lang='grc' dir='ltr'><em>Ἰαπύγων</em></span> <span class='ocrx_word' id='word_1_270' title='bbox 1319 1718 1381 1751; x_wconf 85' lang='grc' dir='ltr'><em>καὶ</em></span> <span class='ocrx_word' id='word_1_271' title='bbox 1408 1715 1638 1752; x_wconf 88' lang='grc' dir='ltr'><em>Μεσσαπίων</em></span> <span class='ocrx_word' id='word_1_272' title='bbox 1659 1716 1839 1760; x_wconf 83' lang='grc' dir='ltr'><em>συνάμφω</em></span> 
     </span>
     <span class='ocr_line' id='line_1_29' title="bbox 303 1763 1840 1810; baseline -0.002 -9"><span class='ocrx_word' id='word_1_273' title='bbox 303 1770 422 1807; x_wconf 80' lang='grc' dir='ltr'><em>πεζῶν</em></span> <span class='ocrx_word' id='word_1_274' title='bbox 449 1766 515 1810; x_wconf 75' lang='grc' dir='ltr'><em>μὲν</em></span> <span class='ocrx_word' id='word_1_275' title='bbox 541 1765 648 1801; x_wconf 86' lang='grc' dir='ltr'><em>πέντε</em></span> <span class='ocrx_word' id='word_1_276' title='bbox 675 1767 863 1810; x_wconf 77' lang='grc' dir='ltr'><em>μυριάδες,</em></span> <span class='ocrx_word' id='word_1_277' title='bbox 891 1765 1015 1805; x_wconf 83' lang='grc' dir='ltr'><em>ἱππεῖς</em></span> <span class='ocrx_word' id='word_1_278' title='bbox 1041 1765 1079 1799; x_wconf 77' lang='grc' dir='ltr'><em>δὲ</em></span> <span class='ocrx_word' id='word_1_279' title='bbox 1107 1779 1154 1809; x_wconf 87' lang='grc' dir='ltr'><em>μυ</em></span> <span class='ocrx_word' id='word_1_280' title='bbox 1159 1778 1231 1806; x_wconf 88' lang='grc' dir='ltr'><em>ριοι</em></span> <span class='ocrx_word' id='word_1_281' title='bbox 1259 1766 1324 1799; x_wconf 84' lang='grc' dir='ltr'><em>συν</em></span> <span class='ocrx_word' id='word_1_282' title='bbox 1346 1763 1611 1809; x_wconf 80' lang='grc' dir='ltr'><em>ἑξακισχιλίοις</em></span> <span class='ocrx_word' id='word_1_283' title='bbox 1639 1768 1840 1798; x_wconf 84' lang='grc' dir='ltr'><em>Λευκανῶν</em></span> 
     </span>
     <span class='ocr_line' id='line_1_30' title="bbox 304 1810 1839 1858; baseline -0.003 -9"><span class='ocrx_word' id='word_1_284' title='bbox 304 1815 343 1849; x_wconf 74' lang='grc' dir='ltr'><em>δὲ</em></span> <span class='ocrx_word' id='word_1_285' title='bbox 371 1814 473 1854; x_wconf 81' lang='grc' dir='ltr'><em>πεζοὶ</em></span> <span class='ocrx_word' id='word_1_286' title='bbox 500 1814 565 1857; x_wconf 75' lang='grc' dir='ltr'><em>μὲι</em></span> <span class='ocrx_word' id='word_1_287' title='bbox 590 1813 816 1857; x_wconf 85' lang='grc' dir='ltr'><em>τρισμυριοι.</em></span> <span class='ocrx_word' id='word_1_288' title='bbox 849 1811 1040 1858; x_wconf 86' lang='grc' dir='ltr'><em>τρισχίλιοι</em></span> <span class='ocrx_word' id='word_1_289' title='bbox 1067 1810 1102 1846; x_wconf 83' lang='grc' dir='ltr'><em>δ’</em></span> <span class='ocrx_word' id='word_1_290' title='bbox 1133 1812 1274 1855; x_wconf 80' lang='grc' dir='ltr'><em>ἱππεῖς,</em></span> <span class='ocrx_word' id='word_1_291' title='bbox 1307 1815 1474 1855; x_wconf 66' lang='lat' dir='ltr'>Zisaoocbv</span> <span class='ocrx_word' id='word_1_292' title='bbox 1507 1810 1548 1846; x_wconf 78' lang='grc' dir='ltr'><em>δὲ</em></span> <span class='ocrx_word' id='word_1_293' title='bbox 1574 1811 1637 1845; x_wconf 87' lang='grc' dir='ltr'><em>καὶ</em></span> <span class='ocrx_word' id='word_1_294' title='bbox 1663 1814 1839 1854; x_wconf 89' lang='grc' dir='ltr'><em>Μαρρου-</em></span> 
     </span>
     <span class='ocr_line' id='line_1_31' title="bbox 302 1857 1839 1904; baseline -0.002 -8.996"><span class='ocrx_word' id='word_1_295' title='bbox 302 1860 418 1896; x_wconf 86' lang='grc' dir='ltr'><em>κίνων</em></span> <span class='ocrx_word' id='word_1_296' title='bbox 444 1875 507 1895; x_wconf 88' lang='grc' dir='ltr'><em>και</em></span> <span class='ocrx_word' id='word_1_297' title='bbox 535 1863 785 1904; x_wconf 85' lang='grc' dir='ltr'><em>Φερεντανῶν,</em></span> <span class='ocrx_word' id='word_1_298' title='bbox 813 1860 864 1895; x_wconf 75' lang='grc' dir='ltr'><em>ἔτι</em></span> <span class='ocrx_word' id='word_1_299' title='bbox 885 1860 924 1895; x_wconf 77' lang='grc' dir='ltr'><em>δὲ</em></span> <span class='ocrx_word' id='word_1_300' title='bbox 951 1858 1163 1894; x_wconf 84' lang='grc' dir='ltr'><em>Οὐεστίνων</em></span> <span class='ocrx_word' id='word_1_301' title='bbox 1189 1860 1288 1901; x_wconf 75' lang='grc' dir='ltr'><em>πεζοὶ</em></span> <span class='ocrx_word' id='word_1_302' title='bbox 1310 1859 1376 1903; x_wconf 75' lang='grc' dir='ltr'><em>μὲν</em></span> <span class='ocrx_word' id='word_1_303' title='bbox 1397 1859 1594 1903; x_wconf 83' lang='grc' dir='ltr'><em>δισμύριοι</em></span> <span class='ocrx_word' id='word_1_304' title='bbox 1617 1857 1839 1903; x_wconf 87' lang='grc' dir='ltr'><em>τετρακισχί-</em></span> 
     </span>
     <span class='ocr_line' id='line_1_32' title="bbox 304 1904 1838 1952; baseline -0.001 -10"><span class='ocrx_word' id='word_1_305' title='bbox 304 1911 375 1943; x_wconf 91' lang='grc' dir='ltr'><em>λιοι</em></span> <span class='ocrx_word' id='word_1_306' title='bbox 403 1907 438 1942; x_wconf 87' lang='grc' dir='ltr'><em>δ’</em></span> <span class='ocrx_word' id='word_1_307' title='bbox 471 1908 595 1947; x_wconf 77' lang='grc' dir='ltr'><em>ἱππεῖς</em></span> <span class='ocrx_word' id='word_1_308' title='bbox 653 1909 704 1943; x_wconf 79' lang='grc' dir='ltr'><em>ἔτι</em></span> <span class='ocrx_word' id='word_1_309' title='bbox 730 1922 769 1952; x_wconf 83' lang='grc' dir='ltr'><em>γε</em></span> <span class='ocrx_word' id='word_1_310' title='bbox 797 1921 868 1952; x_wconf 82' lang='grc' dir='ltr'><em>ιιην</em></span> <span class='ocrx_word' id='word_1_311' title='bbox 894 1922 958 1941; x_wconf 90' lang='grc' dir='ltr'><em>και</em></span> <span class='ocrx_word' id='word_1_312' title='bbox 984 1909 1024 1943; x_wconf 79' lang='grc' dir='ltr'><em>ἐν</em></span> <span class='ocrx_word' id='word_1_313' title='bbox 1050 1906 1203 1942; x_wconf 81' lang='grc' dir='ltr'><em>Σικελία</em></span> <span class='ocrx_word' id='word_1_314' title='bbox 1229 1907 1291 1940; x_wconf 74' lang='grc' dir='ltr'><em>καὶ</em></span> <span class='ocrx_word' id='word_1_315' title='bbox 1321 1906 1486 1949; x_wconf 89' lang='grc' dir='ltr'><em>Τάραντι</em></span> <span class='ocrx_word' id='word_1_316' title='bbox 1513 1904 1744 1949; x_wconf 83' lang='grc' dir='ltr'><em>στρατόπεδα</em></span> <span class='ocrx_word' id='word_1_317' title='bbox 1771 1905 1838 1940; x_wconf 91' lang='grc' dir='ltr'><em>δυο</em></span> 
     </span>
     <span class='ocr_line' id='line_1_33' title="bbox 302 1944 1839 2000; baseline -0.002 -10"><span class='ocrx_word' id='word_1_318' title='bbox 302 1956 605 2000; x_wconf 82' lang='grc' dir='ltr'><em>παρεφήδρευεν</em></span> <span class='ocrx_word' id='word_1_319' title='bbox 639 1965 690 1989; x_wconf 81' lang='grc' dir='ltr'><em>ων</em></span> <span class='ocrx_word' id='word_1_320' title='bbox 724 1955 899 1998; x_wconf 75' lang='grc' dir='ltr'><em>ἑκάτερον</em></span> <span class='ocrx_word' id='word_1_321' title='bbox 936 1951 979 1998; x_wconf 77' lang='grc' dir='ltr'><em>ἦν</em></span> <span class='ocrx_word' id='word_1_322' title='bbox 1012 1954 1086 1989; x_wconf 81' lang='grc' dir='ltr'><em>ἀνὰ</em></span> <span class='ocrx_word' id='word_1_323' title='bbox 1112 1944 1421 1999; x_wconf 83' lang='grc' dir='ltr'><em>τετρακισχιλίους</em></span> <span class='ocrx_word' id='word_1_324' title='bbox 1447 1954 1510 1987; x_wconf 90' lang='grc' dir='ltr'><em>καὶ</em></span> <span class='ocrx_word' id='word_1_325' title='bbox 1537 1952 1751 1994; x_wconf 83' lang='grc' dir='ltr'><em>διακοσίους</em></span> <span class='ocrx_word' id='word_1_326' title='bbox 1776 1965 1839 1987; x_wconf 88' lang='grc' dir='ltr'><em>πε-</em></span> 
     </span>
     <span class='ocr_line' id='line_1_34' title="bbox 303 2001 1839 2046; baseline -0.003 -8"><span class='ocrx_word' id='word_1_327' title='bbox 303 2004 397 2046; x_wconf 72' lang='grc' dir='ltr'><em>ζούς,</em></span> <span class='ocrx_word' id='word_1_328' title='bbox 425 2003 550 2043; x_wconf 80' lang='grc' dir='ltr'><em>ἱππεῖς</em></span> <span class='ocrx_word' id='word_1_329' title='bbox 576 2004 615 2038; x_wconf 77' lang='grc' dir='ltr'><em>δὲ</em></span> <span class='ocrx_word' id='word_1_330' title='bbox 645 2002 870 2042; x_wconf 83' lang='grc' dir='ltr'><em>διακοσίους.</em></span> <span class='ocrx_word' id='word_1_331' title='bbox 912 2001 1102 2046; x_wconf 85' lang='grc' dir='ltr'><em>Ρωμαίων</em></span> <span class='ocrx_word' id='word_1_332' title='bbox 1135 2001 1175 2036; x_wconf 73' lang='grc' dir='ltr'><em>δὲ</em></span> <span class='ocrx_word' id='word_1_333' title='bbox 1208 2002 1271 2036; x_wconf 84' lang='grc' dir='ltr'><em>καὶ</em></span> <span class='ocrx_word' id='word_1_334' title='bbox 1303 2004 1520 2045; x_wconf 85' lang='grc' dir='ltr'><em>Καμπανῶν</em></span> <span class='ocrx_word' id='word_1_335' title='bbox 1551 2001 1573 2044; x_wconf 76' lang='grc' dir='ltr'>ἡ</span> <span class='ocrx_word' id='word_1_336' title='bbox 1606 2001 1753 2044; x_wconf 77' lang='grc' dir='ltr'><em>πληθὺς</em></span> <span class='ocrx_word' id='word_1_337' title='bbox 1777 2014 1839 2035; x_wconf 85' lang='grc' dir='ltr'><em>πε-</em></span> 
     </span>
     <span class='ocr_line' id='line_1_35' title="bbox 303 2047 1840 2107; baseline -0.003 -22"><span class='ocrx_word' id='word_1_338' title='bbox 303 2054 374 2092; x_wconf 79' lang='grc' dir='ltr'><em>ζῶν</em></span> <span class='ocrx_word' id='word_1_339' title='bbox 407 2051 472 2094; x_wconf 74' lang='grc' dir='ltr'><em>μὲν</em></span> <span class='ocrx_word' id='word_1_340' title='bbox 505 2051 557 2090; x_wconf 84' lang='grc' dir='ltr'><em>εἰς</em></span> <span class='ocrx_word' id='word_1_341' title='bbox 589 2051 703 2085; x_wconf 85' lang='grc' dir='ltr'><em>εἰκοσι</em></span> <span class='ocrx_word' id='word_1_342' title='bbox 737 2051 797 2084; x_wconf 84' lang='grc' dir='ltr'><em>καὶ</em></span> <span class='ocrx_word' id='word_1_343' title='bbox 832 2049 940 2085; x_wconf 84' lang='grc' dir='ltr'><em>πέντε</em></span> <span class='ocrx_word' id='word_1_344' title='bbox 974 2048 1251 2094; x_wconf 78' lang='grc' dir='ltr'><em>κατελέχθησαν</em></span> <span class='ocrx_word' id='word_1_345' title='bbox 1290 2048 1482 2107; x_wconf 80' lang='grc' dir='ltr'><em>μυριάδες,</em></span> <span class='ocrx_word' id='word_1_346' title='bbox 1523 2047 1665 2083; x_wconf 78' lang='grc' dir='ltr'><em>ἱππέων</em></span> <span class='ocrx_word' id='word_1_347' title='bbox 1704 2047 1744 2082; x_wconf 79' lang='grc' dir='ltr'><em>δὲ</em></span> <span class='ocrx_word' id='word_1_348' title='bbox 1781 2048 1840 2082; x_wconf 85' lang='grc' dir='ltr'><em>ἐπὶ</em></span> 
     </span>
     <span class='ocr_line' id='line_1_36' title="bbox 302 2094 1840 2153; baseline -0.002 -21"><span class='ocrx_word' id='word_1_349' title='bbox 302 2105 383 2138; x_wconf 88' lang='grc' dir='ltr'><em>ταῖς</em></span> <span class='ocrx_word' id='word_1_350' title='bbox 415 2098 484 2132; x_wconf 83' lang='grc' dir='ltr'><em>δύο</em></span> <span class='ocrx_word' id='word_1_351' title='bbox 518 2098 690 2143; x_wconf 85' lang='grc' dir='ltr'><em>μυριάσιν</em></span> <span class='ocrx_word' id='word_1_352' title='bbox 720 2099 861 2142; x_wconf 79' lang='grc' dir='ltr'><em>ἐπῆσαν</em></span> <span class='ocrx_word' id='word_1_353' title='bbox 889 2098 940 2133; x_wconf 75' lang='grc' dir='ltr'><em>ἔτι</em></span> <span class='ocrx_word' id='word_1_354' title='bbox 966 2103 1062 2139; x_wconf 83' lang='grc' dir='ltr'><em>τρεῖς</em></span> <span class='ocrx_word' id='word_1_355' title='bbox 1092 2096 1264 2142; x_wconf 85' lang='grc' dir='ltr'><em>χιλιάδες.</em></span> <span class='ocrx_word' id='word_1_356' title='bbox 1311 2094 1394 2130; x_wconf 72' lang='grc' dir='ltr'><em>ὡστ’</em></span> <span class='ocrx_word' id='word_1_357' title='bbox 1426 2094 1524 2131; x_wconf 84' lang='grc' dir='ltr'><em>εἶναι</em></span> <span class='ocrx_word' id='word_1_358' title='bbox 1548 2096 1589 2130; x_wconf 88' lang='grc' dir='ltr'><em>τὸ</em></span> <span class='ocrx_word' id='word_1_359' title='bbox 1617 2096 1840 2153; x_wconf 84' lang='grc' dir='ltr'><em>[κεφάλαιον</em></span> 
     </span>
     <span class='ocr_line' id='line_1_37' title="bbox 302 2141 1840 2190; baseline -0.002 -10"><span class='ocrx_word' id='word_1_360' title='bbox 302 2152 375 2181; x_wconf 81' lang='grc' dir='ltr'><em>τῶν</em></span> <span class='ocrx_word' id='word_1_361' title='bbox 402 2146 468 2190; x_wconf 78' lang='grc' dir='ltr'><em>μὲν</em></span> <span class='ocrx_word' id='word_1_362' title='bbox 494 2144 795 2190; x_wconf 78' lang='grc' dir='ltr'><em>προκαθημένων</em></span> <span class='ocrx_word' id='word_1_363' title='bbox 827 2159 893 2188; x_wconf 84' lang='grc' dir='ltr'><em>της</em></span> <span class='ocrx_word' id='word_1_364' title='bbox 913 2143 1051 2189; x_wconf 78' lang='grc' dir='ltr'><em>Ρώμης</em></span> <span class='ocrx_word' id='word_1_365' title='bbox 1082 2144 1278 2188; x_wconf 84' lang='grc' dir='ltr'><em>δυνάμεων</em></span> <span class='ocrx_word' id='word_1_366' title='bbox 1309 2144 1413 2185; x_wconf 82' lang='grc' dir='ltr'><em>πεζοὶ</em></span> <span class='ocrx_word' id='word_1_367' title='bbox 1439 2144 1505 2187; x_wconf 79' lang='grc' dir='ltr'><em>μὲν</em></span> <span class='ocrx_word' id='word_1_368' title='bbox 1530 2142 1622 2186; x_wconf 75' lang='grc' dir='ltr'><em>υπὲρ</em></span> <span class='ocrx_word' id='word_1_369' title='bbox 1650 2141 1840 2178; x_wconf 85' lang='grc' dir='ltr'><em>πεντεκαί-</em></span> 
     </span>
     <span class='ocr_line' id='line_1_38' title="bbox 303 2190 1840 2237; baseline -0.003 -8"><span class='ocrx_word' id='word_1_370' title='bbox 303 2196 393 2229; x_wconf 89' lang='grc' dir='ltr'><em>δεκα</em></span> <span class='ocrx_word' id='word_1_371' title='bbox 421 2193 609 2237; x_wconf 80' lang='grc' dir='ltr'><em>μυριάδες,</em></span> <span class='ocrx_word' id='word_1_372' title='bbox 637 2193 761 2233; x_wconf 86' lang='grc' dir='ltr'><em>ἱππεῖς</em></span> <span class='ocrx_word' id='word_1_373' title='bbox 787 2192 826 2228; x_wconf 76' lang='grc' dir='ltr'><em>δὲ</em></span> <span class='ocrx_word' id='word_1_374' title='bbox 853 2190 947 2236; x_wconf 85' lang='grc' dir='ltr'><em>πρὸς</em></span> <span class='ocrx_word' id='word_1_375' title='bbox 973 2190 1247 2236; x_wconf 77' lang='grc' dir='ltr'><em>εξακισχιλίους</em></span> <span class='ocrx_word' id='word_1_376' title='bbox 1273 2191 1314 2226; x_wconf 88' lang='grc' dir='ltr'><em>τὸ</em></span> <span class='ocrx_word' id='word_1_377' title='bbox 1339 2191 1396 2237; x_wconf 77' lang='grc' dir='ltr'><em>δὲ]</em></span> <span class='ocrx_word' id='word_1_378' title='bbox 1424 2191 1571 2235; x_wconf 84' lang='grc' dir='ltr'><em>σύμπαν</em></span> <span class='ocrx_word' id='word_1_379' title='bbox 1596 2191 1742 2234; x_wconf 78' lang='grc' dir='ltr'><em>πλῆθος</em></span> <span class='ocrx_word' id='word_1_380' title='bbox 1765 2195 1840 2224; x_wconf 85' lang='grc' dir='ltr'><em>τῶν</em></span> 
     </span>
     <span class='ocr_line' id='line_1_39' title="bbox 304 2237 1841 2286; baseline -0.002 -11"><span class='ocrx_word' id='word_1_381' title='bbox 304 2240 523 2285; x_wconf 74' lang='grc' dir='ltr'><em>δυναμένων</em></span> <span class='ocrx_word' id='word_1_382' title='bbox 550 2240 644 2275; x_wconf 79' lang='grc' dir='ltr'><em>ὅπλα</em></span> <span class='ocrx_word' id='word_1_383' title='bbox 671 2240 866 2286; x_wconf 82' lang='grc' dir='ltr'><em>βαστάζειν</em></span> <span class='ocrx_word' id='word_1_384' title='bbox 893 2241 1016 2274; x_wconf 81' lang='grc' dir='ltr'><em>αὐτῶν</em></span> <span class='ocrx_word' id='word_1_385' title='bbox 1040 2253 1077 2274; x_wconf 89' lang='grc' dir='ltr'><em>τε</em></span> <span class='ocrx_word' id='word_1_386' title='bbox 1098 2238 1290 2283; x_wconf 87' lang='grc' dir='ltr'><em>Ρωμαίων</em></span> <span class='ocrx_word' id='word_1_387' title='bbox 1316 2239 1379 2273; x_wconf 82' lang='grc' dir='ltr'><em>καὶ</em></span> <span class='ocrx_word' id='word_1_388' title='bbox 1404 2244 1477 2273; x_wconf 87' lang='grc' dir='ltr'><em>τῶν</em></span> <span class='ocrx_word' id='word_1_389' title='bbox 1503 2237 1703 2283; x_wconf 86' lang='grc' dir='ltr'><em>συμμάχων</em></span> <span class='ocrx_word' id='word_1_390' title='bbox 1722 2239 1841 2279; x_wconf 81' lang='grc' dir='ltr'><em>πεζῶν</em></span> 
     </span>
     <span class='ocr_line' id='line_1_40' title="bbox 302 2284 1840 2334; baseline -0.003 -12"><span class='ocrx_word' id='word_1_391' title='bbox 302 2287 395 2332; x_wconf 80' lang='grc' dir='ltr'><em>ὑπὲρ</em></span> <span class='ocrx_word' id='word_1_392' title='bbox 434 2288 499 2328; x_wconf 79' lang='grc' dir='ltr'><em>τὰς</em></span> <span class='ocrx_word' id='word_1_393' title='bbox 538 2287 792 2334; x_wconf 77' lang='grc' dir='ltr'><em>ἑβδομήκοντα</em></span> <span class='ocrx_word' id='word_1_394' title='bbox 830 2287 1031 2331; x_wconf 80' lang='grc' dir='ltr'><em>μυριάδας,</em></span> <span class='ocrx_word' id='word_1_395' title='bbox 1070 2286 1212 2322; x_wconf 84' lang='grc' dir='ltr'><em>ἱππέων</em></span> <span class='ocrx_word' id='word_1_396' title='bbox 1251 2284 1291 2321; x_wconf 82' lang='grc' dir='ltr'><em>δ’</em></span> <span class='ocrx_word' id='word_1_397' title='bbox 1331 2287 1383 2326; x_wconf 81' lang='grc' dir='ltr'><em>εἰς</em></span> <span class='ocrx_word' id='word_1_398' title='bbox 1420 2284 1512 2321; x_wconf 78' lang='grc' dir='ltr'><em>ἑπτὰ</em></span> <span class='ocrx_word' id='word_1_399' title='bbox 1549 2284 1735 2329; x_wconf 82' lang='grc' dir='ltr'><em>μυριάδες.</em></span> <span class='ocrx_word' id='word_1_400' title='bbox 1781 2285 1840 2327; x_wconf 80' lang='lat' dir='ltr'><em>(de</em></span> 
     </span>
     <span class='ocr_line' id='line_1_41' title="bbox 303 2332 1838 2380; baseline -0.003 -9"><span class='ocrx_word' id='word_1_401' title='bbox 303 2337 553 2380; x_wconf 61' lang='lat' dir='ltr'>discrepantia</span> <span class='ocrx_word' id='word_1_402' title='bbox 584 2337 695 2370; x_wconf 76' lang='lat' dir='ltr'>totius</span> <span class='ocrx_word' id='word_1_403' title='bbox 726 2346 887 2370; x_wconf 71' lang='lat' dir='ltr'>summae</span> <span class='ocrx_word' id='word_1_404' title='bbox 913 2340 946 2370; x_wconf 79' lang='lat' dir='ltr'><em>et</em></span> <span class='ocrx_word' id='word_1_405' title='bbox 969 2335 1203 2379; x_wconf 72' lang='grc' dir='ltr'><em>3ιιι9ιιῑαιιινι</em></span> <span class='ocrx_word' id='word_1_406' title='bbox 1229 2334 1397 2378; x_wconf 67' lang='lat' dir='ltr'>partium</span> <span class='ocrx_word' id='word_1_407' title='bbox 1429 2333 1505 2367; x_wconf 80' lang='lat' dir='ltr'>uid</span> <span class='ocrx_word' id='word_1_408' title='bbox 1533 2333 1737 2367; x_wconf 77' lang='lat' dir='ltr'>Mommsen</span> <span class='ocrx_word' id='word_1_409' title='bbox 1763 2332 1785 2367; x_wconf 83' lang='lat' dir='ltr'><em>l.</em></span> <span class='ocrx_word' id='word_1_410' title='bbox 1810 2344 1838 2367; x_wconf 98' lang='grc'><strong><em>3</em></strong></span> 
     </span>
     <span class='ocr_line' id='line_1_42' title="bbox 297 2379 1841 2429; baseline -0.003 -11"><span class='ocrx_word' id='word_1_411' title='bbox 297 2395 336 2428; x_wconf 93' lang='grc' dir='ltr'><em>Ρ.</em></span> <span class='ocrx_word' id='word_1_412' title='bbox 359 2386 433 2418; x_wconf 82' lang='grc'><em>389</em></span> <span class='ocrx_word' id='word_1_413' title='bbox 446 2386 548 2428; x_wconf 70' lang='lat' dir='ltr'>sqq)</span> <span class='ocrx_word' id='word_1_414' title='bbox 584 2395 628 2417; x_wconf 75' lang='grc' dir='ltr'><em>εἰ</em></span> <span class='ocrx_word' id='word_1_415' title='bbox 649 2383 803 2429; x_wconf 79' lang='lat' dir='ltr'><em>Polybio</em></span> <span class='ocrx_word' id='word_1_416' title='bbox 822 2393 990 2417; x_wconf 75' lang='lat' dir='ltr'>numeros</span> <span class='ocrx_word' id='word_1_417' title='bbox 1009 2382 1199 2417; x_wconf 77' lang='lat' dir='ltr'>Diodorus</span> <span class='ocrx_word' id='word_1_418' title='bbox 1221 2384 1297 2424; x_wconf 81' lang='grc'><strong><em>(25,</em></strong></span> <span class='ocrx_word' id='word_1_419' title='bbox 1319 2384 1375 2423; x_wconf 88' lang='grc'><em>13,</em></span> <span class='ocrx_word' id='word_1_420' title='bbox 1392 2392 1429 2425; x_wconf 96' lang='grc' dir='ltr'><em>Ρ.</em></span> <span class='ocrx_word' id='word_1_421' title='bbox 1451 2382 1522 2415; x_wconf 80' lang='lat'><em>347</em></span> <span class='ocrx_word' id='word_1_422' title='bbox 1536 2379 1628 2423; x_wconf 77' lang='lat' dir='ltr'><em>Dd.)</em></span> <span class='ocrx_word' id='word_1_423' title='bbox 1649 2384 1841 2414; x_wconf 64' lang='lat' dir='ltr'>viaticatus</span> 
     </span>
     <span class='ocr_line' id='line_1_43' title="bbox 303 2427 1840 2474; baseline -0.003 -9"><span class='ocrx_word' id='word_1_424' title='bbox 303 2436 363 2474; x_wconf 77' lang='lat' dir='ltr'>est,</span> <span class='ocrx_word' id='word_1_425' title='bbox 390 2442 434 2466; x_wconf 77' lang='lat' dir='ltr'><em>ex</em></span> <span class='ocrx_word' id='word_1_426' title='bbox 460 2432 491 2464; x_wconf 82' lang='lat' dir='ltr'><em>J</em></span> <span class='ocrx_word' id='word_1_427' title='bbox 495 2432 573 2465; x_wconf 77' lang='lat' dir='ltr'>iuio</span> <span class='ocrx_word' id='word_1_428' title='bbox 594 2431 744 2465; x_wconf 73' lang='lat' dir='ltr'>Plinius</span> <span class='ocrx_word' id='word_1_429' title='bbox 769 2442 804 2464; x_wconf 83' lang='grc' dir='ltr'><em>ιι</em></span> <span class='ocrx_word' id='word_1_430' title='bbox 826 2431 1010 2472; x_wconf 72' lang='grc' dir='ltr'><em>1ι.2,138</em></span> <span class='ocrx_word' id='word_1_431' title='bbox 1039 2430 1120 2473; x_wconf 76' lang='lat' dir='ltr'>(ubi</span> <span class='ocrx_word' id='word_1_432' title='bbox 1138 2439 1311 2463; x_wconf 66' lang='lat' dir='ltr'>numerus</span> <span class='ocrx_word' id='word_1_433' title='bbox 1329 2429 1489 2472; x_wconf 71' lang='lat' dir='ltr'>equitum</span> <span class='ocrx_word' id='word_1_434' title='bbox 1508 2428 1548 2462; x_wconf 74' lang='lat' dir='ltr'>in</span> <span class='ocrx_word' id='word_1_435' title='bbox 1568 2428 1702 2471; x_wconf 80' lang='lat' dir='ltr'>optimo</span> <span class='ocrx_word' id='word_1_436' title='bbox 1722 2427 1840 2462; x_wconf 72' lang='lat' dir='ltr'>codice</span> 
     </span>
     <span class='ocr_line' id='line_1_44' title="bbox 304 2475 1840 2522; baseline -0.003 -9"><span class='ocrx_word' id='word_1_437' title='bbox 304 2479 479 2513; x_wconf 68' lang='lat' dir='ltr'>Leidansi</span> <span class='ocrx_word' id='word_1_438' title='bbox 503 2489 637 2513; x_wconf 67' lang='lat' dir='ltr'>uisura</span> <span class='ocrx_word' id='word_1_439' title='bbox 663 2479 889 2522; x_wconf 68' lang='lat' dir='ltr'>deprauams</span> <span class='ocrx_word' id='word_1_440' title='bbox 914 2481 992 2521; x_wconf 78' lang='lat' dir='ltr'>est).</span> <span class='ocrx_word' id='word_1_441' title='bbox 1032 2477 1163 2511; x_wconf 77' lang='lat' dir='ltr'>Etiam</span> <span class='ocrx_word' id='word_1_442' title='bbox 1188 2487 1290 2520; x_wconf 57' lang='lat' dir='ltr'>seqq„</span> <span class='ocrx_word' id='word_1_443' title='bbox 1317 2476 1447 2520; x_wconf 75' lang='lat' dir='ltr'>quibus</span> <span class='ocrx_word' id='word_1_444' title='bbox 1473 2475 1563 2510; x_wconf 81' lang='lat' dir='ltr'><em>bella</em></span> <span class='ocrx_word' id='word_1_445' title='bbox 1586 2475 1732 2510; x_wconf 79' lang='lat' dir='ltr'>Gallica</span> <span class='ocrx_word' id='word_1_446' title='bbox 1757 2486 1840 2510; x_wconf 77' lang='lat' dir='ltr'>con-</span> 
     </span>
     <span class='ocr_line' id='line_1_45' title="bbox 303 2522 1838 2570; baseline -0.003 -10"><span class='ocrx_word' id='word_1_447' title='bbox 303 2528 479 2568; x_wconf 64' lang='lat' dir='ltr'>timentur,</span> <span class='ocrx_word' id='word_1_448' title='bbox 506 2526 683 2570; x_wconf 65' lang='lat' dir='ltr'>Polybius</span> <span class='ocrx_word' id='word_1_449' title='bbox 711 2531 838 2569; x_wconf 73' lang='lat' dir='ltr'>(usque</span> <span class='ocrx_word' id='word_1_450' title='bbox 863 2525 913 2560; x_wconf 81' lang='lat' dir='ltr'><em>ad</em></span> <span class='ocrx_word' id='word_1_451' title='bbox 939 2536 966 2560; x_wconf 85' lang='lat' dir='ltr'><em>c.</em></span> <span class='ocrx_word' id='word_1_452' title='bbox 989 2527 1047 2566; x_wconf 84' lang='lat'><em>35,</em></span> <span class='ocrx_word' id='word_1_453' title='bbox 1069 2527 1105 2567; x_wconf 84' lang='lat'><em>1)</em></span> <span class='ocrx_word' id='word_1_454' title='bbox 1132 2535 1176 2559; x_wconf 77' lang='lat' dir='ltr'><em>ex</em></span> <span class='ocrx_word' id='word_1_455' title='bbox 1200 2524 1318 2558; x_wconf 81' lang='lat' dir='ltr'>eodem</span> <span class='ocrx_word' id='word_1_456' title='bbox 1343 2524 1442 2566; x_wconf 79' lang='lat' dir='ltr'>fonte</span> <span class='ocrx_word' id='word_1_457' title='bbox 1463 2522 1579 2556; x_wconf 77' lang='lat' dir='ltr'>Fabii</span> <span class='ocrx_word' id='word_1_458' title='bbox 1596 2523 1759 2557; x_wconf 59' lang='lat' dir='ltr'>hausisse</span> <span class='ocrx_word' id='word_1_459' title='bbox 1782 2523 1838 2556; x_wconf 78' lang='lat' dir='ltr'>ui-</span> 
     </span>
     <span class='ocr_line' id='line_1_46' title="bbox 304 2569 1840 2617; baseline -0.003 -9"><span class='ocrx_word' id='word_1_460' title='bbox 304 2574 420 2615; x_wconf 77' lang='lat' dir='ltr'><em>detur,</em></span> <span class='ocrx_word' id='word_1_461' title='bbox 447 2574 598 2617; x_wconf 75' lang='lat' dir='ltr'>itemque</span> <span class='ocrx_word' id='word_1_462' title='bbox 625 2574 780 2614; x_wconf 72' lang='lat' dir='ltr'>Liuius,</span> <span class='ocrx_word' id='word_1_463' title='bbox 813 2584 856 2607; x_wconf 74' lang='lat' dir='ltr'><em>em</em></span> <span class='ocrx_word' id='word_1_464' title='bbox 881 2583 951 2616; x_wconf 75' lang='lat' dir='ltr'>quo</span> <span class='ocrx_word' id='word_1_465' title='bbox 981 2572 1132 2607; x_wconf 77' lang='lat' dir='ltr'>Orosius</span> <span class='ocrx_word' id='word_1_466' title='bbox 1159 2578 1220 2615; x_wconf 90' lang='lat'><em>(—</em></span> <span class='ocrx_word' id='word_1_467' title='bbox 1246 2572 1435 2613; x_wconf 85' lang='lat' dir='ltr'><strong><em>c.13‚15)</em></strong></span> <span class='ocrx_word' id='word_1_468' title='bbox 1461 2581 1531 2604; x_wconf 81' lang='lat' dir='ltr'>sua</span> <span class='ocrx_word' id='word_1_469' title='bbox 1557 2570 1748 2614; x_wconf 63' lang='grc' dir='ltr'><em>εωοειΡ3ίύ,</em></span> <span class='ocrx_word' id='word_1_470' title='bbox 1782 2569 1840 2604; x_wconf 84' lang='lat' dir='ltr'>hic</span> 
     </span>
     <span class='ocr_line' id='line_1_47' title="bbox 303 2617 1839 2673; baseline -0.002 -18"><span class='ocrx_word' id='word_1_471' title='bbox 303 2625 423 2655; x_wconf 76' lang='lat' dir='ltr'>tamen</span> <span class='ocrx_word' id='word_1_472' title='bbox 444 2621 640 2655; x_wconf 70' lang='lat' dir='ltr'>admodum</span> <span class='ocrx_word' id='word_1_473' title='bbox 660 2621 892 2673; x_wconf 68' lang='grc' dir='ltr'><em>ιιε9ἶε9ειιίεν,</em></span> <span class='ocrx_word' id='word_1_474' title='bbox 919 2624 959 2654; x_wconf 76' lang='lat' dir='ltr'><em>ut</em></span> <span class='ocrx_word' id='word_1_475' title='bbox 985 2620 1108 2654; x_wconf 76' lang='lat' dir='ltr'>onmia</span> <span class='ocrx_word' id='word_1_476' title='bbox 1127 2619 1342 2654; x_wconf 70' lang='lat' dir='ltr'>turbaueoit.</span> <span class='ocrx_word' id='word_1_477' title='bbox 1381 2617 1425 2652; x_wconf 76' lang='lat' dir='ltr'><em>de</em></span> <span class='ocrx_word' id='word_1_478' title='bbox 1443 2617 1566 2662; x_wconf 74' lang='lat' dir='ltr'>primo</span> <span class='ocrx_word' id='word_1_479' title='bbox 1585 2617 1681 2651; x_wconf 75' lang='lat' dir='ltr'>enim</span> <span class='ocrx_word' id='word_1_480' title='bbox 1700 2618 1839 2661; x_wconf 73' lang='lat' dir='ltr'>proelio</span> 
     </span>
     <span class='ocr_line' id='line_1_48' title="bbox 305 2665 1841 2710; baseline -0.003 -8"><span class='ocrx_word' id='word_1_481' title='bbox 305 2668 354 2702; x_wconf 83' lang='lat' dir='ltr'><em>ad</em></span> <span class='ocrx_word' id='word_1_482' title='bbox 381 2669 565 2703; x_wconf 76' lang='lat' dir='ltr'>Faesulas</span> <span class='ocrx_word' id='word_1_483' title='bbox 590 2679 775 2703; x_wconf 65' lang='lat' dir='ltr'>commisso</span> <span class='ocrx_word' id='word_1_484' title='bbox 800 2668 896 2702; x_wconf 68' lang='lat' dir='ltr'>mhi!</span> <span class='ocrx_word' id='word_1_485' title='bbox 921 2667 1058 2708; x_wconf 75' lang='lat' dir='ltr'><em>attulit,</em></span> <span class='ocrx_word' id='word_1_486' title='bbox 1087 2677 1125 2700; x_wconf 81' lang='lat' dir='ltr'><strong><em>m</em></strong></span> <span class='ocrx_word' id='word_1_487' title='bbox 1151 2677 1220 2710; x_wconf 78' lang='lat' dir='ltr'>quo</span> <span class='ocrx_word' id='word_1_488' title='bbox 1245 2677 1307 2700; x_wconf 71' lang='lat' dir='ltr'>seoe</span> <span class='ocrx_word' id='word_1_489' title='bbox 1325 2665 1431 2699; x_wconf 82' lang='lat' dir='ltr'>milia</span> <span class='ocrx_word' id='word_1_490' title='bbox 1451 2665 1702 2700; x_wconf 76' lang='lat' dir='ltr'>Romanorum</span> <span class='ocrx_word' id='word_1_491' title='bbox 1721 2675 1841 2699; x_wconf 82' lang='lat' dir='ltr'>caesos</span> 
     </span>
    </p>
   </div>
   <div class='ocr_carea' id='block_1_4' title="bbox 304 2743 498 2745">
    <p class='ocr_par' dir='ltr' id='par_1_4' title="bbox 304 2743 498 2745">
     <span class='ocr_line' id='line_1_49' title="bbox 304 2743 498 2745; baseline 0 0"><span class='ocrx_word' id='word_1_492' title='bbox 304 2743 498 2745; x_wconf 95' lang='lat' dir='ltr'><em> </em></span> 
     </span>
    </p>
   </div>
   <div class='ocr_carea' id='block_1_5' title="bbox 501 2743 588 2745">
    <p class='ocr_par' dir='ltr' id='par_1_5' title="bbox 501 2743 588 2745">
     <span class='ocr_line' id='line_1_50' title="bbox 501 2743 588 2745; baseline 0 0"><span class='ocrx_word' id='word_1_493' title='bbox 501 2743 588 2745; x_wconf 95' lang='lat' dir='ltr'><em> </em></span> 
     </span>
    </p>
   </div>
   <div class='ocr_carea' id='block_1_6' title="bbox 305 2783 1838 2900">
    <p class='ocr_par' dir='ltr' id='par_1_6' title="bbox 305 2783 1838 2900">
     <span class='ocr_line' id='line_1_51' title="bbox 397 2783 1838 2841; baseline -0.003 -12"><span class='ocrx_word' id='word_1_494' title='bbox 397 2794 419 2828; x_wconf 77' lang='lat'>2</span> <span class='ocrx_word' id='word_1_495' title='bbox 448 2794 673 2841; x_wconf 78' lang='lat' dir='ltr'>gesatorum</span> <span class='ocrx_word' id='word_1_496' title='bbox 700 2791 820 2828; x_wconf 77' lang='lat' dir='ltr'><em>Relzd.</em></span> <span class='ocrx_word' id='word_1_497' title='bbox 860 2802 1067 2841; x_wconf 84' lang='lat' dir='ltr'>g.esorum</span> <span class='ocrx_word' id='word_1_498' title='bbox 1093 2789 1194 2826; x_wconf 68' lang='lat' dir='ltr'>Dooz.</span> <span class='ocrx_word' id='word_1_499' title='bbox 1318 2789 1343 2825; x_wconf 80' lang='lat'>4</span> <span class='ocrx_word' id='word_1_500' title='bbox 1370 2790 1525 2826; x_wconf 79' lang='lat' dir='ltr'>traxere</span> <span class='ocrx_word' id='word_1_501' title='bbox 1551 2788 1676 2826; x_wconf 73' lang='lat' dir='ltr'><em>Lam.</em></span> <span class='ocrx_word' id='word_1_502' title='bbox 1741 2783 1838 2838; x_wconf 93' lang='lat' dir='ltr'>quo]</span> 
     </span>
     <span class='ocr_line' id='line_1_52' title="bbox 305 2847 1778 2900; baseline -0.003 -12"><span class='ocrx_word' id='word_1_503' title='bbox 305 2851 373 2900; x_wconf 87' lang='lat' dir='ltr'>qui</span> <span class='ocrx_word' id='word_1_504' title='bbox 401 2852 501 2888; x_wconf 72' lang='lat' dir='ltr'>Don.</span> <span class='ocrx_word' id='word_1_505' title='bbox 627 2851 649 2887; x_wconf 85' lang='lat'><em>5</em></span> <span class='ocrx_word' id='word_1_506' title='bbox 679 2850 871 2887; x_wconf 75' lang='lat' dir='ltr'>exercitus</span> <span class='ocrx_word' id='word_1_507' title='bbox 893 2850 993 2886; x_wconf 57' lang='lat' dir='ltr'>Dora.</span> <span class='ocrx_word' id='word_1_508' title='bbox 1058 2848 1160 2886; x_wconf 73' lang='grc' dir='ltr'><em>δοοο</em></span> <span class='ocrx_word' id='word_1_509' title='bbox 1182 2848 1302 2886; x_wconf 69' lang='lat' dir='ltr'><em>Rem.</em></span> <span class='ocrx_word' id='word_1_510' title='bbox 1426 2848 1448 2884; x_wconf 82' lang='lat'>6</span> <span class='ocrx_word' id='word_1_511' title='bbox 1478 2847 1634 2884; x_wconf 76' lang='lat' dir='ltr'>scribsit</span> <span class='ocrx_word' id='word_1_512' title='bbox 1653 2847 1778 2884; x_wconf 76' lang='lat' dir='ltr'>Laur.</span> 
     </span>
    </p>
   </div>
   <div class='ocr_carea' id='block_1_7' title="bbox 1978 0 2002 1220">
    <p class='ocr_par' dir='ltr' id='par_1_7' title="bbox 1978 0 2002 1220">
     <span class='ocr_line' id='line_1_53' title="bbox 1978 0 2002 1220; baseline 0 0"><span class='ocrx_word' id='word_1_513' title='bbox 1978 0 2002 1220; x_wconf 95' lang='lat' dir='ltr'><em> </em></span> 
     </span>
    </p>
   </div>
  </div>
 </body>
</html>
