2002 3342
264 211 341 240 CVI
597 196 659 230 DE
688 196 992 231 SCRIPTORVM
1019 196 1141 230 VITIS
1169 196 1229 230 ET
1257 196 1462 231 SCRIPTIS

355 308 491 346 Omnia
508 312 637 345 autem
653 307 792 345 horum
809 306 999 345 librorum
1016 312 1243 358 argumenta
1259 320 1278 345 a
1294 307 1385 346 belli
1401 306 1649 345 Hannibalici
1669 312 1794 346 aetate

261 373 388 411 aliena
417 385 502 411 esse
531 374 657 423 primo
691 371 828 410 obtutu
856 371 1108 410 uidebuntur.
1151 385 1239 410 narn
1268 384 1501 423 quamquam
1530 373 1631 410 intra
1659 378 1796 422 gentes

265 439 448 489 patricias
471 439 509 475 in
531 450 646 475 usum
665 437 924 475 adolescentis
946 438 1082 475 aetatis
1103 436 1340 475 tablinorum
1362 438 1565 475 materiam
1581 434 1794 475 ‘commen-

265 501 389 541 tariis'
419 504 636 553 antiquitus
664 502 989 553 comprehensam
1017 514 1103 540 esse
1131 507 1283 540 constat
1309 501 1407 553 (uid.
1433 515 1461 540 s.
1486 515 1521 552 p.
1537 511 1663 540 XXXV
1679 502 1794 552 sqq),

264 569 376 606 cuius
399 567 556 618 quiden]
579 568 735 617 generis
757 568 829 605 tria
851 568 976 618 prima
998 580 1115 618 opera
1136 579 1214 606 uno
1236 567 1417 618 quodque
1443 567 1540 605 libro
1563 567 1794 606 exhaustum

264 633 384 671 fuisse
412 634 644 684 suspiceris,
675 638 717 671 ut
744 632 899 671 Cincios
926 631 1102 683 plebeios
1130 633 1250 670 fuisse
1277 633 1471 683 omittam,
1504 632 1714 670 trahuntur
1739 638 1794 670 ta-

264 710 354 736 men
383 699 499 736 etiam
526 698 622 736 haec
650 699 717 748 eis,
745 710 842 748 quae
871 710 988 748 supra
1016 698 1281 748 exposuimus,
1309 699 1349 735 in
1377 703 1599 735 ceterorum
1621 709 1794 735 commu-

261 764 432 801 nionem.
473 764 717 814 septuaginta
752 763 833 800 l'ere
867 764 980 800 annis
1012 767 1266 813 posteaquam
1294 762 1441 813 Appius
1469 761 1616 800 Caecus
1642 763 1794 812 primus

262 826 429 865 solutam
457 828 673 865 orationem
701 829 877 866 exercuit
903 824 1013 881 (Isid.
1037 829 1131 877 orig.
1157 824 1361 881 1,37,2),
1392 839 1629 878 quemquam
1655 827 1793 866 Roma-

259 905 355 930 num
378 892 489 930 docte
511 897 548 930 et
575 892 745 930 litterate
769 891 990 943 disputasse
1013 891 1059 930 de
1081 891 1215 931 uerbis
1235 894 1378 943 priscis
1400 904 1566 944 quorum
1586 893 1648 931 uis
1669 889 1793 931 ‘olim'

259 962 449 1008 usurpata
477 962 580 996 esset
607 954 728 1011 (Fest.
750 970 785 1008 p.
803 954 925 1011 376)!
954 955 1077 1008 quid?
1105 957 1206 1008 quod
1228 959 1332 1008 ipsas
1353 958 1539 1009 reliquias
1560 970 1793 1008 percurren-

259 1022 366 1060 tibus
393 1021 506 1060 nohis
534 1022 734 1073 complura
760 1022 882 1061 uerba
910 1028 1135 1073 occurrunt,
1163 1022 1304 1074 quibus
1331 1035 1407 1061 non
1433 1022 1558 1061 solum
1580 1024 1793 1073 scriptores

259 1087 360 1126 bello
388 1088 535 1126 Punico
563 1087 745 1139 aequales
774 1088 842 1126 sed
871 1089 987 1126 etiam
1015 1089 1274 1138 recentiores,
1301 1087 1469 1138 Ennius,
1496 1088 1649 1137 Accius,
1679 1087 1792 1125 Luci-

259 1153 352 1203 lius,
396 1153 604 1192 Lucretius
636 1154 697 1191 usi
732 1150 885 1206 suntl),
920 1165 1018 1204 quae
1051 1166 1070 1191 a
1104 1152 1238 1191 Cincio
1272 1153 1336 1191 illo
1370 1153 1563 1191 Alimento
1597 1158 1639 1191 ut
1670 1151 1792 1191 uerba

257 1220 400 1269 prisca,
428 1231 593 1269 quorum
621 1219 683 1257 uis
705 1224 973 1268 euanesceret,
1001 1218 1189 1269 explicata
1211 1230 1297 1256 esse
1319 1219 1479 1268 nemini,
1506 1219 1655 1269 opinor,
1682 1217 1792 1256 uide-

260 1283 408 1322 buntur
435 1280 596 1336 (Zumpt
622 1283 644 1320 l.
667 1296 696 1322 s.
723 1296 759 1334 p.
776 1280 843 1322 94.
877 1282 993 1321 Hertz
1021 1296 1056 1334 p.
1073 1281 1140 1321 62.
1165 1279 1249 1335 TO).
1290 1282 1430 1321 deinde
1457 1284 1638 1334 quamuis
1668 1295 1791 1333 genus

258 1348 459 1387 scribendi
494 1349 769 1399 reliquiarum,
803 1361 901 1399 quae
928 1347 975 1386 ad
1007 1348 1174 1386 uerbum
1203 1355 1381 1386 seruatae
1415 1355 1522 1398 sunt,
1556 1347 1720 1398 simplex
1748 1360 1791 1386 ac

260 1414 439 1452 ieiunum
473 1415 522 1451 sit
555 1426 683 1463 neque
715 1426 880 1464 usquam
915 1415 1238 1464 circumscriptus
1274 1412 1488 1451 uerborum
1522 1412 1690 1451 ambitus
1726 1425 1791 1463 ap-

259 1484 411 1529 pareat,
445 1484 575 1517 tamen
608 1491 800 1529 nusquam
835 1480 938 1516 inest
971 1478 1143 1517 obsoleta
1175 1478 1239 1516 illa
1273 1483 1312 1516 et
1343 1477 1502 1516 horrida
1533 1477 1627 1516 belli
1653 1477 1791 1516 Punici

254 1545 487 1594 antiquitas,
522 1545 641 1582 immo
678 1545 807 1582 omnia
836 1545 987 1595 spirant
1014 1545 1358 1594 grammaticorum
1386 1543 1612 1581 Latinorum
1646 1549 1683 1581 et
1710 1555 1791 1581 ser-

255 1621 412 1647 monem
441 1615 479 1647 et
506 1609 735 1653 doctrinam,
763 1622 837 1660 qua
865 1608 1004 1647 ductus
1031 1607 1244 1659 ‘imperite'
1273 1607 1462 1660 quosdam
1481 1607 1655 1659 Aprilem
1681 1620 1790 1646 men-

256 1686 339 1712 sem
368 1686 387 1712 a
414 1674 564 1713 Venere
594 1674 751 1712 duxisse
778 1674 980 1724 iudicauit,
1011 1687 1099 1712 cum
1126 1686 1175 1712 ne
1202 1675 1242 1711 in
1269 1673 1508 1712 carminibus
1535 1672 1695 1724 quidem
1723 1673 1789 1712 Sa-

256 1738 397 1777 liorum
414 1740 575 1778 Veneris
596 1739 673 1778 ulla
695 1744 737 1777 ut
758 1745 981 1778 ceterorum
1003 1738 1229 1778 caelestium
1252 1739 1335 1777 laus
1358 1738 1626 1777 celebraretur
1651 1735 1788 1791 (Macr.

259 1801 481 1858 1,12,12).
522 1807 652 1855 itaque
680 1804 813 1843 multis
841 1805 897 1843 eis
923 1804 1038 1855 locis,
1072 1804 1214 1856 quibus
1242 1816 1330 1842 cum
1358 1803 1443 1842 aliis
1474 1805 1707 1842 coniunctus
1735 1804 1788 1841 ci·

254 1875 371 1920 tatur,
392 1872 667 1920 grammaticos
688 1869 804 1908 habet
825 1871 987 1909 comites
1003 1882 1217 1920 omnesque
1232 1868 1340 1907 Aelio
1358 1868 1557 1919 Philologo
1579 1869 1787 1907 inferiores

255 1940 294 1973 et
327 1948 415 1973 cum
450 1948 494 1973 eo
529 1935 855 1986 glossematorum
883 1934 1144 1986 scriptoribus
1177 1935 1390 1986 opponitur
1417 1930 1537 1987 (Fest.
1563 1947 1598 1985 p.
1620 1930 1740 1984 166),
1768 1947 1787 1972 a

255 2000 360 2051 Lydo
395 2006 525 2039 autem
560 1997 626 2054 (de
659 2013 782 2039 mens.
810 1998 921 2051 4,64
954 2013 989 2051 p.
1014 1995 1191 2053 118W.)
1226 2004 1314 2050 post
1348 1999 1558 2049 mythicos,
1593 1998 1787 2050 physicos,

254 2065 508 2117 philosophos
528 2062 735 2115 Ῥωμαῖος
763 2064 976 2117 σοφιστής
1003 2061 1274 2117 appellatur2),
1302 2076 1379 2102 non
1405 2064 1617 2102 historicus
1644 2069 1687 2102 ut
1708 2064 1788 2103 Sal-

254 2130 396 2168 lustius
418 2127 529 2183 (Lyd.
553 2130 598 2169 de
620 2143 742 2169 mens.
767 2129 803 2181 1,
818 2128 872 2169 37
894 2143 930 2181 p.
950 2128 1000 2168 17
1018 2127 1096 2182 W.)
1117 2130 1180 2168 uel
1203 2130 1401 2179 Samocus,
1426 2131 1492 2180 qui
1514 2126 1627 2179 ‘aspi
1648 2128 1787 2168 ποικί-

254 2196 344 2234 λων
371 2193 621 2248 ζητημάτων
649 2193 869 2248 ὸιελε’χθη’
897 2192 964 2249 (de
988 2207 1086 2246 mag.
1109 2193 1146 2245 3,
1162 2193 1217 2233 32
1244 2208 1279 2246 p.
1295 2192 1381 2233 226
1397 2194 1464 2232 Bk.
1496 2192 1575 2233 121
1592 2191 1684 2247 W).

372 2262 603 2299 Accuratius
630 2267 759 2299 autem
787 2266 830 2299 ut
856 2261 973 2299 huius
1001 2260 1126 2299 Cincii
1152 2261 1397 2311 grammatici
1426 2265 1591 2298 aetatem
1619 2260 1786 2298 circum-

253 2325 492 2376 scribamus,
519 2324 826 2377 <imperitorum'
855 2325 1011 2364 illorum
1038 2326 1251 2376 sententia,
1284 2337 1399 2376 quam
1428 2324 1473 2363 de
1500 2323 1625 2376 Aprili
1652 2336 1785 2375 repre-

253 2390 400 2441 hendit,
429 2391 501 2429 fuit
521 2391 651 2429 Fuluii
672 2390 884 2430 Nobilioris
905 2386 1002 2444 (cos.
1027 2388 1122 2429 189.
1143 2387 1248 2443 565)
1277 2396 1315 2429 et
1342 2392 1409 2441 qui
1430 2402 1518 2429 eum
1540 2395 1699 2428 secutus
1727 2395 1788 2429 est

350 2536 382 2580 1)
407 2535 491 2569 Vid.
507 2535 600 2569 Fest.
617 2547 642 2568 s.
658 2547 691 2568 u.
709 2545 857 2569 scenam
877 2546 911 2578 p.
929 2538 1008 2569 330.
1036 2546 1063 2568 s.
1077 2546 1111 2567 u.
1133 2534 1244 2568 rodus
1265 2546 1299 2578 p.
1316 2537 1394 2568 265.
1422 2533 1644 2567 Tuditantes
1665 2545 1700 2578 p.
1717 2537 1784 2568 352

249 2588 356 2633 (locis
382 2588 494 2622 Ennii
521 2590 558 2622 et
584 2588 745 2622 Lucretii
772 2592 804 2629 2,
828 2592 916 2621 1142
945 2587 1041 2621 adde
1068 2587 1211 2621 Lucret.
1237 2591 1268 2629 3,
1290 2587 1382 2625 394).

348 2643 382 2685 2)
409 2641 555 2676 Latiore
588 2641 625 2674 ui
652 2641 743 2675 haec
775 2652 848 2675 uox
880 2640 1000 2675 utitur
1024 2640 1211 2685 magistri,
1245 2651 1319 2684 qua,
1344 2639 1458 2674 etiam
1483 2639 1522 2673 in
1547 2639 1677 2674 lexicis
1705 2640 1785 2683 qui-

251 2695 410 2729 busdam
442 2695 717 2739 (Brandstatter
742 2695 799 2729 De
825 2699 896 2729 not.
921 2692 1107 2733 πολιτικός
1133 2698 1165 2728 et
1196 2692 1372 2737 σοφιστής
1404 2704 1473 2727 usu
1498 2694 1626 2728 rhetor.
1653 2705 1688 2737 p.
1705 2697 1785 2736 228,

251 2748 297 2782 cf.
326 2748 557 2792 σοφιστεύειν
582 2748 628 2782 τὰ
654 2745 831 2792 ῥητορικά
857 2746 1001 2781 Philod.
1024 2759 1082 2791 ap.
1103 2747 1263 2782 eundem
1288 2758 1324 2790 p.
1341 2748 1433 2789 225),
1459 2746 1519 2780 uel
1541 2746 1784 2791 grammatici,

251 2802 349 2836 unde
386 2801 502 2836 Varro
540 2812 560 2835 a
595 2801 697 2845 Lydo
735 2801 1095 2841 ὃιὸασκαλικὼτατος
1133 2799 1271 2835 dicitur
1310 2799 1414 2844 (Lyd.
1450 2800 1494 2834 de
1530 2810 1644 2834 mens.
1677 2805 1712 2843 1,
1737 2802 1781 2833 37

250 2867 285 2899 p.
311 2859 351 2889 17
367 2855 450 2900 W.).
