2002 3342
274 169 403 199 CXXH
610 156 671 190 DE
702 156 1008 191 SCRIPTORVM
1036 157 1158 191 VITIS
1186 158 1246 192 ET
1273 158 1479 194 SCRIPTIS

275 269 381 317 gauit
409 290 464 294 —
492 280 661 318 quocum
702 279 817 318 saepe
852 267 948 305 salso
982 268 1168 307 confusus
1207 275 1265 307 est
1299 292 1365 320 —,
1399 272 1615 323 nescimus,
1656 271 1807 322 plebeia

275 346 370 382 gens
399 334 471 370 fuit
498 332 635 381 Acilia,
677 344 845 382 parsque
881 332 1070 383 quaedam
1106 335 1207 372 iutra
1234 334 1324 373 bina
1352 337 1507 373 nomina
1535 349 1576 374 se
1605 338 1808 387 continuit,

275 399 391 436 etiam
421 404 673 448 posteaquam
701 397 797 435 aliae
827 410 1041 447 cognomen
1077 399 1151 437 sihi
1185 406 1450 450 sumpserunt.
1496 400 1591 439 illud
1628 407 1807 441 constare

272 462 443 513 uidetur,
472 463 511 500 C.
533 462 711 512 AcilIum,
740 468 972 513 senatorem,
999 465 1131 502 uirum
1159 464 1341 514 nobilem,
1369 478 1458 503 cum
1483 472 1520 504 et
1539 465 1807 517 philosophiae

273 528 402 566 studio
437 534 473 565 et
506 527 660 577 lInguae
696 527 866 565 Graecae
906 541 979 566 usu
1019 530 1071 567 ita
1110 535 1267 580 praeter
1306 535 1458 568 ceteros
1498 531 1725 582 excelleret,
1765 538 1807 571 ut

269 605 431 643 operam
459 605 569 631 suam
596 592 673 631 illis
701 592 942 643 philosophis
971 594 1131 632 offerret
1159 596 1271 645 eique
1299 595 1371 633 hoc
1398 597 1645 646 potissimum
1685 598 1806 635 inter·

271 664 383 709 prete
411 659 450 696 in
478 664 615 696 senatu
644 670 675 696 a.
702 655 795 696 155.
819 655 903 697 599
924 664 1131 698 uterentur
1153 659 1269 711 (Plut.
1292 659 1313 698 l.
1336 660 1395 710 s.),
1422 661 1659 711 procedente
1682 667 1806 700 aetate

269 723 317 761 ad
344 723 550 761 historiam
577 735 618 761 se
646 720 947 777 conuertisse.¹)
993 724 1165 763 Exorsus
1193 731 1322 763 autem
1350 732 1409 763 est
1436 738 1454 763 a
1483 725 1601 764 rebus
1623 732 1710 765 ante
1731 727 1806 765 Ro-

269 801 374 826 mam
402 788 598 826 conditam
626 790 746 838 gestis
774 789 840 841 (fr.
865 786 899 827 1.
922 786 968 841 2)
996 795 1111 840 atque
1139 791 1303 828 minutis
1330 790 1488 841 quidem
1517 790 1634 829 rebus
1662 793 1805 842 spretis

270 855 501 891 memoriam
522 865 646 904 usque
669 853 715 891 ad
731 866 840 891 suam
864 859 1030 892 aetatem
1054 854 1228 893 deduxit.
1263 867 1444 893 sermone
1465 868 1560 894 usus
1582 862 1641 895 cst
1657 856 1804 896 Graeco

270 931 317 957 ex
344 931 453 957 more
488 931 639 967 eorum,
681 919 748 969 qui
780 924 863 956 tum
897 918 1140 969 scribebant,
1179 919 1368 958 nobilium
1396 919 1660 959 Romanorum
1688 926 1804 972 atque

266 984 540 1035 exemplorum
562 983 800 1022 Graecorum
828 996 905 1022 non
933 983 1059 1022 solum
1087 984 1259 1035 linguam
1287 987 1462 1024 imitatus
1487 985 1556 1024 sed
1578 987 1693 1024 etiam
1716 999 1803 1025 sen-

267 1051 431 1088 tentiam
465 1048 721 1095 Graecorum,
763 1051 828 1099 qui
866 1051 1058 1099 originem
1092 1050 1201 1088 urbis
1235 1063 1254 1088 a
1288 1052 1412 1101 patria
1451 1063 1519 1090 sua
1561 1051 1801 1102 repetebant,

267 1115 472 1166 amplexus
499 1121 558 1153 est
586 1112 651 1167 (fr.
676 1110 731 1167 1).

357 1180 563 1219 Nouerunt
601 1185 729 1218 autem
769 1180 874 1217 hunc
914 1179 1056 1218 librum
1097 1186 1212 1230 atque
1253 1180 1417 1231 singulis
1450 1180 1546 1219 locis
1580 1183 1802 1238 citauerunt

264 1245 405 1284 Cicero
433 1243 498 1299 (fr.
520 1242 584 1299 3),
617 1245 826 1295 Dionysius
855 1240 939 1296 (6),
974 1244 1112 1282 Strabo
1140 1241 1224 1299 (1),
1254 1245 1487 1284 Plutarchus
1515 1242 1598 1300 (2),
1633 1247 1801 1298 denique

266 1311 636 1362 paradoxographus
675 1309 832 1361 quidam
868 1309 1075 1348 Vaticanus
1107 1310 1173 1363 (fr.
1201 1308 1227 1348 2
1249 1307 1310 1364 A).
1375 1311 1510 1349 Liuius
1544 1307 1601 1364 (4.
1635 1308 1681 1366 5)
1722 1325 1801 1351 non

265 1378 394 1427 ipsum
429 1376 606 1414 adhibuit
639 1375 707 1414 sed
735 1374 941 1413 Claudium
970 1374 1052 1425 ‘qui
1086 1375 1244 1413 annales
1271 1376 1466 1415 Acilianos
1499 1389 1545 1415 ex
1579 1376 1726 1416 Graeco
1760 1380 1800 1416 in

265 1441 447 1480 Latinum
486 1439 635 1491 uertit',
680 1453 796 1491 quem
839 1442 934 1491 quin
973 1439 1275 1491 Quadrigarium
1316 1441 1435 1480 fuisse
1476 1454 1707 1481 censeamus
1745 1443 1800 1482 nil

264 1503 446 1561 obstat.²)
493 1506 594 1545 Num
629 1506 694 1545 alii
728 1511 792 1544 aut
827 1507 862 1544 ei
889 1518 986 1556 quos
1016 1507 1323 1545 commemoraui
1349 1508 1564 1558 scriptores
1591 1507 1677 1546 aliis
1704 1508 1800 1547 locis

264 1572 337 1610 hoc
365 1573 470 1611 sonte
497 1574 558 1611 usi
586 1573 681 1621 sint,
708 1573 903 1609 incertum
931 1576 1008 1622 est3
1036 1583 1124 1609 nam
1154 1583 1198 1609 eo
1226 1571 1307 1610 solo
1334 1572 1437 1622 loc0,
1464 1585 1539 1623 quo
1566 1572 1799 1612 Plutarchus

262 1637 426 1676 Flamin.
454 1636 506 1676 21
549 1650 637 1675 cum
676 1636 835 1675 Claudio
871 1636 1046 1674 Aciliano
1084 1631 1150 1689 (fr.
1178 1633 1224 1690 5)
1265 1639 1478 1687 consentit,
1518 1650 1595 1676 non
1631 1638 1798 1678 Acilium

261 1709 352 1742 ante
379 1703 512 1742 oculos
534 1702 670 1741 habuit
692 1702 759 1741 sed
781 1701 984 1752 Polybium
1007 1697 1074 1754 (cf.
1097 1701 1184 1740 adn.
1206 1701 1253 1739 ad
1275 1701 1405 1740 Claud.
1429 1702 1473 1740 fr.
1490 1700 1546 1740 64
1561 1703 1601 1741 A.
1635 1704 1795 1749 [wellen

263 1771 299 1807 d.
322 1770 425 1808 Plus.
453 1782 488 1819 p.
511 1766 577 1807 85.
623 1767 766 1806 Nissen
801 1768 1035 1806 [ntersuch.
1064 1780 1099 1817 p.
1125 1763 1239 1820 169).
1286 1768 1449 1805 forsitan
1482 1767 1634 1818 plebeia
1666 1774 1798 1807 aucto-

264 1835 368 1884 ritas,
396 1846 494 1884 quae
523 1835 640 1872 etiam
669 1832 871 1871 Glabrioni
899 1845 1106 1871 censuram
1134 1833 1284 1883 petenti
1311 1831 1476 1871 aduersa
1504 1833 1577 1871 suit
1603 1828 1707 1885 (Liu.
1729 1831 1799 1887 37,

257 1896 330 1950 57,
348 1896 439 1949 1⁶2),
474 1900 558 1937 eius
585 1899 788 1937 historiam
817 1897 1108 1948 obscurauerit,
1138 1902 1244 1936 certe
1271 1899 1402 1936 uersio
1431 1897 1600 1948 Claudii,
1629 1900 1696 1949 qui
1723 1901 1798 1938 etsi

259 1965 347 2003 eius
368 1963 618 2003 traditionem
643 1963 687 2002 de
707 1962 943 2015 quibusdam
961 1962 1078 2001 rebus
1100 1964 1140 2001 in
1162 1964 1391 2001 memoriam
1413 1963 1612 2014 uulgatam
1633 1965 1796 2011 inuexit,

257 2031 385 2081 ipsius
418 2035 547 2068 tamen
581 2028 686 2067 laudi
720 2041 797 2067 non
831 2029 990 2080 profuit,
1019 2041 1117 2080 quae
1144 2030 1377 2080 praesertim
1405 2028 1534 2067 studio
1562 2028 1698 2079 gentili
1719 2041 1796 2067 non

258 2100 555 2146 propagaretur.

348 2160 676 2211 Fragmentorum
698 2171 862 2198 numero
884 2161 1056 2210 primum
1074 2159 1296 2198 addidimus
1313 2172 1358 2198 ex
1375 2160 1599 2197 coniectura
1615 2158 1796 2210 Schweg-

257 2226 331 2264 leri
359 2221 393 2277 (Ι
419 2238 454 2276 p.
477 2223 563 2278 80).
610 2225 700 2263 libri
729 2226 834 2263 enim
860 2225 935 2263 hoc
962 2224 1168 2263 Strabonis
1196 2224 1280 2263 loco
1309 2224 1495 2263 exhibent
1516 2230 1582 2262 aut
1608 2222 1630 2263 ὅ
1651 2237 1699 2275 γε
1721 2223 1796 2263 κύ-

258 2291 351 2337 λιος
374 2286 513 2343 (Paris.
539 2287 662 2329 1393.
694 2290 785 2328 Ven.
803 2286 907 2343 377)
938 2296 1003 2328 aut
1026 2286 1047 2328 ὁ
1069 2288 1270 2336 κεκύλιος
1291 2287 1447 2342 (Medic.
1469 2288 1623 2327 XXVIII
1643 2286 1701 2341 5),
1728 2289 1796 2328 ubi

256 2361 511 2407 posteaquam
539 2354 603 2393 alii
631 2355 705 2393 alia
732 2356 997 2405 coniecerunt,
1029 2354 1193 2393 Cramer
1219 2359 1335 2405 atque
1362 2353 1552 2404 Meineke,
1586 2355 1794 2392 nouissimi

355 2501 386 2542 1)
414 2498 553 2533 Eodem
585 2500 750 2544 tempore
784 2499 821 2533 L.
850 2498 992 2533 Acilius
1026 2498 1179 2542 quidam
1212 2498 1304 2532 iuris
1344 2497 1465 2532 ciuilis
1501 2497 1703 2542 prudentia
1739 2497 1794 2532 ita

253 2552 390 2596 floruit,
417 2554 459 2586 ut
485 2552 632 2596 sapiens
653 2552 906 2597 appellaretur
933 2552 1020 2596 (Cic.
1044 2552 1143 2585 Lael.
1167 2556 1198 2594 ἱ),
1221 2554 1254 2596 6)
1282 2551 1435 2595 eiusque
1462 2550 1658 2585 duodecim
1684 2550 1795 2585 tabu-

253 2606 372 2640 larum
399 2605 655 2650 interpretatio
683 2606 797 2640 etiam
824 2616 846 2639 a
872 2605 1047 2640 Cicerone
1073 2606 1226 2649 propter
1254 2604 1511 2639 auctoritatem
1538 2615 1640 2638 suam
1662 2603 1792 2638 lauda-

252 2662 353 2693 retur
381 2659 439 2701 (de
466 2658 562 2704 legg.
586 2663 617 2700 ⁶2,
639 2662 695 2701 23,
717 2661 785 2701 59).

351 2714 384 2756 2)
412 2711 494 2746 Vid.
523 2711 754 2746 Fleckeiseni
787 2711 908 2746 annal.
932 2715 998 2746 125
1031 2723 1065 2755 p.
1090 2714 1287 2745 103—105.
1338 2709 1507 2755 pluribus
1540 2709 1635 2744 hanc
1670 2720 1792 2744 meam

251 2765 478 2799 sententiam
510 2764 593 2798 aliis
626 2764 798 2799 refutatis
832 2765 1033 2799 Cantarelli
1066 2765 1088 2799 l.
1111 2776 1139 2799 s.
1168 2763 1347 2799 defendit.
1393 2763 1479 2798 Vid.
1506 2763 1603 2797 infra
1637 2774 1717 2808 cap.
1745 2763 1791 2797 de

251 2817 409 2853 Claudio
438 2818 573 2860 Quadr.
