2002 3342
382 183 429 216 M.
450 182 610 217 PORCII
637 180 842 216 CATONIS
870 180 1105 216 ORIGINES.
1145 181 1187 215 fr.
1212 185 1396 215 126—132
1603 182 1658 223 95

126 290 354 345 εἰληφέναι
386 293 533 339 πόλεις
570 288 631 332 ὧν
667 291 879 344 διήγαγεν
914 290 1088 343 ἡμερῶν
1125 288 1171 331 ἐν
1201 288 1382 345 Ἰβηρίᾳ·
1422 291 1493 331 καὶ
1528 296 1658 332 τοῦτο

126 358 290 409 κόμπος
327 356 407 398 οὐκ
443 354 583 407 ἔστιν,
622 359 742 408 εἴπερ
781 355 839 403 ὡς
874 354 1051 407 ἀληθῶς
1092 356 1370 407 τετρακόσιαι
1405 356 1453 396 τὸ
1488 359 1660 410 πλῆθος

126 419 248 475 ἦσαν,
300 429 391 470 τοῖς
427 421 508 475 μὲν
547 417 629 462 οὖν
668 420 952 474 στρατιώταις
987 421 1128 461 πολλὰ
1162 421 1279 475 παρὰ
1316 421 1395 474 τὴν
1429 423 1660 474 στρατείαν

126 487 425 540 ὠφεληθεῖσιν
446 487 507 527 ἔτι
528 484 599 526 καὶ
623 487 775 539 λίτραν
795 484 1012 539 ἀργυρίου
1033 482 1124 525 κατ’
1148 486 1290 538 ἄνδρα
1309 485 1659 540 προσδιένειμεν,

88 572 102 595 s
124 552 280 604 εἰπών,
313 551 370 600 ὡς
401 559 601 603 κρεῖττον
634 547 689 604 ἧν
714 551 908 599 πολλοὺς
936 550 1154 602 Ῥωμαίων
1181 550 1398 605 ἀργύριον
1427 551 1447 604 ἢ
1475 552 1660 606 χρυσίον

72 896 104 920 10

70 1220 100 1245 15

68 1546 100 1571 20

71 1871 103 1897 2⁵

124 616 300 670 ὀλίγους
327 614 506 671 ἔχοντας
533 614 814 657 ἐπανελθεῖν·
849 617 910 664 εἰς
937 614 974 656 δ’
1008 615 1145 656 αὑτὸν
1171 614 1218 656 ἐκ
1244 622 1332 656 τῶν
1359 615 1661 669 ἁλισκομένων

125 682 257 723 οὐδὲν
291 680 444 723 ἐλθεῖν
479 680 596 734 λέγει
630 681 746 734 πλὴν
779 681 859 722 ὅσα
895 679 1094 722 πέπωκεν
1129 679 1154 733 ἢ
1190 679 1395 734 βέβρωκε.
1444 680 1546 722 ’Καὶ
1580 682 1660 723 οὐκ

124 747 355 801 αἰτιῶμαι’,
392 747 503 801 φησί
529 746 653 795 ’τοὺς
679 746 952 800 ὠφελεῖσθαι
983 748 1218 799 ζητοῦντας
1252 745 1297 786 ἐκ
1324 746 1514 800 τούτων,
1551 746 1659 788 ἀλλὰ

122 813 338 866 βούλομαι
370 814 539 865 μᾶλλον
572 812 671 866 περὶ
707 810 862 866 ἀρετῆς
894 817 986 860 τοῖς
1018 810 1215 865 ἀρίστοις
1250 810 1271 864 ἢ
1303 809 1402 864 περὶ
1429 811 1660 865 χρημάτων

125 884 217 926 τοῖς
243 875 588 926 πλουσιωτάτοις
615 876 885 931 ἁμιλλᾶσθαι
912 875 981 917 καὶ
1010 883 1101 925 τοϊς
1125 876 1535 930 φιλαργυρωτάτοις
1560 876 1659 931 περὶ

126 942 446 996 φιλαργυρίαςῖ

219 1006 320 1049 130.
356 1012 562 1049 Plutarch.
584 1011 667 1049 Cat.
684 1010 750 1048 14.
778 1005 823 1047 Ὁ
844 1004 892 1048 δὲ
913 1007 1074 1048 Κάτων
1094 1005 1161 1048 ἀεὶ
1180 1006 1262 1061 μέν
1280 1022 1345 1056 τις
1365 1003 1433 1060 ἧν,
1455 1006 1512 1056 ὡς
1531 1005 1660 1060 ἔοικε,

124 1080 211 1113 τῶν
239 1074 366 1114 ι’δίων
393 1072 618 1127 ἐγκωμίων
645 1072 830 1127 ἀφειδὴς
856 1072 926 1119 καὶ
954 1072 1034 1126 τὴν
1054 1073 1262 1126 ἄντικρυς
1281 1073 1582 1126 μεγαλαυχίαν
1603 1071 1660 1121 ὡς

125 1137 466 1192 ἐπακολούθημα
490 1144 565 1192 τῆς
592 1140 915 1192 μεγαλουργίας
942 1137 1023 1178 οὐκ
1049 1134 1230 1191 ἔφευγε,
1259 1140 1465 1179 πλεῖστον
1492 1138 1540 1179 δὲ
1565 1145 1660 1187 ταῖς

121 1201 301 1255 πράξεσι
328 1205 505 1252 ταύταις
531 1204 666 1256 ὄγκον
692 1202 963 1256 περιτέθεικε
984 1205 1060 1244 καί
1084 1214 1193 1257 φησι
1213 1209 1305 1252 τοῖς
1327 1203 1503 1244 ἰδοῦσιν
1523 1202 1660 1244 αὐτὸν

123 1269 219 1309 τότε
238 1268 300 1322 [ln
319 1283 465 1321 pugna
491 1272 525 1310 T
525 1272 825 1321 hermopylense’
820 1268 850 1322 ]
871 1269 1089 1310 διώκοντα
1109 1268 1181 1309 καὶ
1200 1270 1390 1309 παίοντα
1410 1269 1513 1317 τοὺς
1532 1271 1657 1309 πολε-

121 1334 250 1385 μίους
274 1340 548 1387 παραστῆναι
582 1332 721 1387 μηδὲν
755 1333 951 1387 ὀφείλειν
978 1333 1167 1374 Κάτωνα
1193 1338 1252 1389 τῷ
1281 1333 1403 1390 δήμῳ
1429 1339 1659 1386 τοσοῦτον,

123 1397 229 1439 ὅσον
256 1399 433 1440 Κάτωνι
460 1400 538 1440 τὸν
564 1400 719 1453 δῆμον,
750 1399 887 1440 αὐτόν
912 1414 957 1439 τε
983 1397 1166 1439 Μάνιον
1191 1399 1269 1440 τὸν
1294 1398 1464 1439 ὕπατον
1489 1399 1660 1450 θερμὸν

122 1461 204 1504 ἀπὸ
238 1471 314 1518 τῆς
346 1465 469 1518 νίκης
499 1462 562 1506 ἔτι
595 1468 747 1521 θερμῷ
774 1462 1095 1518 περιπλακέντα
1119 1465 1264 1505 πολὺν
1289 1464 1454 1517 χρόνον
1480 1462 1659 1514 ἀσπάζε-

121 1532 230 1569 σθαι
260 1527 332 1569 καὶ
364 1530 477 1580 βοᾶν
508 1528 594 1570 ὑπὸ
628 1534 781 1583 χαρᾶς,
815 1528 873 1578 ὡς
909 1527 1001 1570 οὔτ’
1041 1528 1096 1570 ἂν
1129 1529 1261 1577 αὐτὸς
1294 1527 1396 1569 οὔθ’
1434 1528 1457 1570 ὁ
1489 1529 1659 1583 σύμπας

122 1595 259 1648 δῆμος
285 1593 503 1643 ἐξισώσειε
528 1594 605 1643 τὰς
631 1592 817 1647 ἀμοιβὰς
843 1600 936 1642 ταῖς
962 1593 1173 1642 Κάτωνος
1199 1593 1480 1648 εὐεργεσίαις.

214 1657 316 1701 131.
352 1662 612 1700 Ps.Fr0nte·n.
634 1662 808 1709 4,l,16.
848 1661 896 1699 M.
924 1661 1017 1699 Cato
1050 1663 1263 1700 memoriae
1296 1660 1457 1699 tradidit
1487 1662 1527 1699 in
1555 1661 1658 1699 furto

122 1726 419 1777 comprehensis
439 1727 544 1764 inter
564 1726 852 1765 commilitones
874 1726 1031 1765 dextras
1052 1739 1138 1765 esse
1158 1728 1358 1777 praecisas
1380 1732 1456 1777 aut,
1478 1727 1510 1764 si
1531 1726 1658 1765 lenius

123 1791 438 1830 animaduertere
463 1791 694 1843 uoluissent,
720 1793 761 1830 in
788 1793 996 1843 principiis
1023 1793 1256 1842 sanguinem
1283 1792 1460 1830 missum.

217 1853 324 1897 13⁶2.
363 1858 442 1896 Cic.
459 1858 508 1896 de
523 1859 649 1896 dium.
666 1857 857 1906 l,15,28.
896 1857 1030 1908 Itaque
1051 1857 1172 1896 multa
1194 1858 1366 1908 auguria,
1388 1857 1509 1896 multa
1530 1858 1658 1908 auspi-

127 1923 198 1973 cia,
224 1921 328 1973 quod
349 1921 441 1961 Cato
461 1921 527 1960 ille
549 1923 705 1974 sapiens
726 1924 918 1974 queritur,
937 1922 1185 1974 neglegentia
1206 1922 1361 1973 collegii
1382 1923 1524 1961 amissa
1544 1922 1658 1973 plane

125 1993 164 2025 et
190 1987 344 2026 deserta
372 1992 474 2026 sunt.

220 2118 311 2154 130.
338 2119 516 2165 Wayener
541 2120 591 2154 ad
616 2120 783 2164 quintum
809 2121 993 2166 originum
1019 2120 1152 2155 librum
1178 2121 1328 2162 rettulit,
1354 2120 1495 2154 Jordan
1515 2121 1659 2155 cautius

124 2167 172 2201 ad
197 2167 320 2201 incert.
344 2167 421 2201 libr.
444 2167 542 2211 reliq.
560 2169 607 2201 70
624 2178 661 2210 p.
676 2170 734 2201 92.

220 2213 310 2248 131.
339 2214 483 2249 Jordan
514 2216 555 2248 in
587 2215 647 2249 rel.
683 2215 724 2248 de
750 2226 786 2249 re
811 2215 968 2249 militari
992 2215 1079 2250 libri
1104 2217 1154 2259 (p.
1171 2216 1235 2257 82)
1262 2216 1392 2258 posuit.
1432 2215 1590 2257 forsitan
1616 2226 1660 2249 ex

124 2262 306 2306 oriyinum
333 2262 423 2297 libro
443 2266 572 2306 quarto
592 2262 752 2305 fluxerit,
778 2273 846 2306 quo
866 2273 922 2297 res
942 2262 1130 2297 Romanas
1150 2263 1325 2296 militares
1346 2262 1659 2307 Carthayiniensz'-

129 2309 193 2343 bus
221 2309 308 2344 Cato
335 2311 540 2354 opposuisse
565 2309 713 2344 uidetur
739 2310 801 2352 (fr.
822 2312 899 2353 82).

219 2415 324 2472 129,
354 2423 376 2458 5
411 2415 479 2472 ἦν]
513 2420 572 2470 εἴη
599 2422 726 2459 Paris.
743 2416 801 2458 A²
923 2423 945 2458 6
981 2418 1113 2472 ὀλίγον
1138 2422 1331 2459 Barocc.c
1361 2422 1454 2459 Par.
1475 2417 1531 2458 Al

128 2478 246 2518 αὐτόν
273 2481 362 2518 libri
387 2479 507 2519 αὑτόν
532 2481 750 2528 Stephanus

220 2534 324 2589 131,
348 2542 399 2577 22
434 2540 648 2577 memoriae
669 2552 739 2578 om.
763 2540 904 2577 Iocum.
924 2540 1076 2578 Saresb.
1096 2541 1245 2588 Polycr.
1270 2542 1305 2583 6,
1332 2552 1361 2578 c.
1386 2541 1458 2584 12,
1493 2542 1559 2587 qui
1583 2552 1658 2578 sua

128 2600 215 2636 him·
241 2600 439 2646 exscripsit
551 2600 603 2636 23
632 2599 883 2649 deprehensis
908 2600 1060 2637 δαν-θεῖ).
1124 2601 1156 2637 si
1181 2596 1327 2650 lenius]
1352 2600 1516 2647 Lipsius
1542 2599 1658 2637 silen-

127 2658 206 2695 tius
230 2657 338 2696 Goth.
359 2659 476 2695 Harl.
509 2660 554 2696 ut
579 2658 758 2697 silentius
784 2659 877 2696 Par.
907 2658 941 2696 si
966 2658 1173 2709 benignius
1199 2660 1351 2696 δαν-θεῖ).
1385 2658 1417 2696 si
1444 2658 1571 2697 leuius
1600 2659 1659 2697 uel

129 2718 161 2754 si
187 2717 332 2755 lentius
366 2718 467 2765 uulq.
591 2719 646 2755 24
679 2714 905 2768 principiis]
938 2718 1089 2755 Saresb.
1116 2719 1220 2766 moly.
1252 2719 1294 2755 in
1326 2718 1516 2767 principis
1548 2717 1658 2756 Goth.

128 2776 243 2814 Harl.
264 2777 356 2813 Par.
384 2776 422 2813 in
449 2776 647 2827 principes
674 2778 902 2816 stewechius

219 2829 325 2884 132,
356 2836 407 2872 ‘26
436 2836 582 2873 omissa
606 2836 741 2874 §Moser
864 2837 916 2873 27
945 2838 983 2873 et
1009 2848 1092 2884 sup.
1114 2836 1181 2874 ῖῖν.
1210 2836 1314 2874 Voss.
1339 2835 1371 2873 A

1688 986 1752 1016 191

1687 1045 1754 1076 563
