2002 3342
695 198 734 239 Q.
764 197 932 231 FABIVS
960 196 1131 232 PICTOR
1568 213 1676 242 X('1x

143 310 280 361 gentili
318 311 445 347 l'acere
484 309 712 358 uideantur,
752 309 790 346 in
824 309 962 358 primis
996 309 1119 346 mirus
1153 320 1368 346 consensus
1402 310 1440 346 in
1475 309 1559 346 aliis
1587 323 1675 347 cum

144 376 272 425 Liuio,
309 376 347 412 in
376 374 461 412 aliis
489 386 578 412 cum
606 372 781 424 Polybio,
818 379 855 411 et
888 372 1089 410 inclinatio
1117 374 1236 410 animi
1264 373 1310 410 ad
1339 386 1445 425 eun13
1487 374 1553 412 sed
1582 388 1676 424 quo-

144 442 247 478 niam
276 439 586 489 fundamentum,
613 452 689 489 quo
717 438 811 476 haec
840 439 1033 476 sententia
1056 437 1265 488 nitebatur,
1293 451 1540 477 communem
1566 439 1676 477 Liuio

145 512 181 544 et
211 505 367 556 Polybio
397 505 542 542 sontem
571 504 690 541 fuisse
719 502 900 552 Fabium,
927 501 1170 540 subtractum
1199 508 1274 553 est,
1308 503 1353 541 ad
1382 503 1497 541 alium
1528 505 1674 542 sontem

142 570 416 621 refugiendum
451 575 526 620 est,
560 581 694 619 quem7
731 569 807 606 nisi
840 569 944 606 uiam
979 566 1024 604 ab
1053 566 1138 605 aliis
1166 569 1259 605 uitis
1287 580 1447 619 prorsus
1476 568 1676 607 diuersam

142 636 181 674 in
209 635 317 673 hisce
344 636 438 673 uitis
466 633 763 672 conscribendis
792 632 1042 671 Plutarchum
1070 633 1293 683 ingressum
1322 638 1436 684 atque
1465 635 1579 671 etiam
1604 634 1677 672 La-

139 702 222 739 tino
255 701 382 751 aliquo
416 705 574 738 auctore
611 711 726 737 usum
767 711 852 736 esse
893 699 1119 747 statuimus,
1158 703 1200 735 ut
1239 703 1346 736 certo
1386 698 1678 750 indagaremus7

140 765 313 804 nondum
342 765 454 803 nobis
481 766 662 816 contigit3
688 765 768 802 uita
791 763 941 802 Claudii
963 762 1135 800 Marcelli
1163 762 1239 801 huc
1266 775 1343 801 non
1365 765 1547 813 pertinet,
1575 777 1674 814 quae

141 831 215 868 etsi
255 831 365 881 copia
403 834 606 867 auctorum
646 830 854 866 citatorum
889 841 907 866 a
941 827 1107 866 Fabiana
1149 827 1304 866 diuersa
1345 834 1420 879 est,
1461 829 1675 880 erroribus,

101 932 104 933 γ
141 895 284 946 quibus
311 894 366 932 illi
394 895 569 944 corrupti
597 900 699 944 sunt7
729 893 996 931 difficultatem
1026 899 1179 942 augent.

230 960 442 1011 Appiano
464 958 565 997 haud
588 960 740 1008 ignotos
762 960 883 997 fuisse
906 958 1014 996 Fabii
1041 957 1199 996 annales
1220 957 1310 995 inde
1334 957 1553 1008 colligimus
1575 955 1672 998 (uid.

140 1024 318 1063 Niebuhr
352 1024 557 1062 Praelectt.
588 1024 617 1062 ll
651 1037 686 1075 p.
710 1021 803 1077 61),
840 1023 960 1074 quod,
1000 1022 1067 1061 ubi
1103 1022 1309 1073 legationis
1347 1025 1431 1061 eius
1464 1023 1672 1075 Delphicae

137 1091 378 1129 mentionem
407 1089 496 1127 facit
525 1085 709 1142 (Hannib.
732 1086 819 1142 27),
847 1101 936 1127 eum
964 1084 1223 1140 συγγραφέα
1249 1086 1389 1127 τῶνδε
1416 1094 1504 1127 τῶν
1530 1084 1672 1141 ἔργων

138 1155 324 1207 appellat3
357 1154 589 1206 plerumque
623 1167 717 1192 uero
753 1167 842 1193 eum
876 1153 1047 1205 pendere
1081 1155 1120 1191 in
1154 1152 1255 1191 bello
1286 1153 1541 1192 Hannibalico
1575 1156 1674 1192 scri-

138 1220 264 1259 bendo
301 1233 345 1259 ex
380 1219 605 1258 auctoribus
633 1219 812 1270 Graecis,
839 1218 982 1268 Sosim,
1016 1218 1188 1257 Chaerea
1219 1231 1434 1269 eorumque
1463 1219 1673 1271 similibus,

137 1286 233 1324 mihi
269 1286 466 1336 persuasit
501 1284 540 1323 C.
563 1285 678 1323 Peter
711 1280 814 1337 (Ην.
850 1297 887 1322 η.
916 1286 1052 1333 Polyb.
1080 1297 1115 1334 p.
1139 1282 1192 1321 65
1209 1296 1292 1334 sqq.
1324 1280 1415 1337 76);
1454 1283 1499 1322 de
1535 1290 1671 1323 uetere

138 1352 325 1389 memoria
352 1350 523 1389 Romana
553 1362 616 1388 res
645 1349 759 1388 dubia
788 1356 857 1388 est.

227 1415 439 1454 Cassium
471 1415 664 1453 Dionem
697 1416 737 1453 in
772 1417 828 1453 eis
861 1414 1037 1466 partibus
1069 1413 1211 1465 quibus
1244 1415 1370 1465 potuit
1404 1413 1521 1453 Fabio
1554 1427 1669 1453 usum

136 1493 222 1519 esse
255 1482 443 1532 primario
476 1486 633 1519 auctore
668 1493 708 1519 se
745 1481 946 1518 inuenisse
981 1485 1186 1530 postquam
1217 1478 1394 1517 Niebuhr
1426 1479 1672 1530 praedicauit

137 1544 200 1597 (H.
223 1546 264 1585 R.
286 1546 318 1584 ΙΙ
346 1559 381 1596 p.
406 1543 470 1584 13.
502 1544 580 1584 191
611 1558 648 1584 n.
670 1543 788 1597 367),
821 1546 949 1583 causis
977 1546 1096 1582 certis
1123 1544 1165 1582 11.
1181 1544 1372 1583 Wilmans
1401 1540 1480 1597 (De
1502 1545 1604 1595 font.
1633 1551 1671 1584 et

137 1617 292 1649 auclor.
320 1612 437 1649 Dion.
471 1611 577 1649 Cass.
605 1610 731 1648 Berol.
763 1608 874 1648 1835
902 1623 937 1661 p.
960 1606 1094 1662 3-6)
1127 1609 1416 1648 demonstrasse
1450 1610 1525 1648 sibi
1559 1612 1670 1650 uisus

136 1682 205 1714 est.
258 1677 290 1714 is
329 1681 459 1714 tamen
498 1675 676 1714 breuiter
715 1676 812 1714 hanc
852 1687 934 1713 rem
974 1676 1182 1725 transegit,
1223 1675 1263 1712 in
1304 1687 1378 1725 qua
1420 1674 1668 1726 diligentiore

136 1740 398 1792 disputatione
426 1753 523 1791 opus
551 1746 626 1791 est,
666 1753 709 1779 ea
737 1740 894 1792 quidem
922 1753 1044 1791 pauca
1073 1745 1322 1790 argumenta,
1362 1753 1459 1790 quae
1492 1741 1669 1791 protulit.

134 1807 210 1844 iam
233 1805 346 1844 diluit
365 1805 423 1844 Du
444 1806 541 1844 Rieu
568 1819 604 1857 p.
630 1803 828 1859 164s‹1.¹)
857 1811 1031 1844 ceterum
1060 1807 1123 1843 uix
1153 1806 1328 1856 potuisse
1355 1805 1517 1843 Dionem
1550 1806 1670 1844 Fabio

135 1873 191 1910 uti
224 1872 262 1909 in
297 1872 353 1909 eis
388 1870 657 1909 describendis
692 1884 790 1922 quae
827 1876 914 1922 post
953 1870 1162 1908 Romulum
1201 1869 1264 1908 uel
1305 1882 1418 1920 reges
1457 1883 1581 1922 usque
1622 1871 1668 1909 ad

135 1936 233 1975 bella
262 1936 407 1975 Punica
435 1937 534 1975 sacta
561 1942 663 1987 sunt7
691 1938 785 1975 satis
807 1937 1063 1974 confirmatur
1084 1947 1128 1973 eo
1150 1935 1307 1986 iudicio,
1336 1935 1439 1986 quod
1460 1935 1669 1987 Dionysius

136 2001 181 2040 de
208 2002 279 2040 hac
307 2001 504 2040 annalium
531 2001 791 2040 Fabianorum
819 2007 928 2052 parte
957 2002 1059 2051 fecit,
1088 2014 1161 2052 qua
1190 2000 1235 2039 de
1264 2014 1379 2039 causa
1407 2014 1496 2039 eum
1525 2014 1593 2040 sua
1621 2015 1666 2040 ex

135 2067 244 2105 Liuio
278 2072 316 2105 et
346 2066 529 2118 Dionysio
557 2068 844 2105 contaminasse
877 2067 918 2104 Α.
941 2065 1119 2104 Schmidt
1153 2062 1212 2119 (in
1247 2065 1306 2104 ed.
1330 2066 1502 2104 zonarae
1530 2066 1598 2104 Dd.
1620 2067 1667 2105 VI

134 2145 168 2183 p.
185 2130 316 2184 XXIX)
338 2137 376 2170 et
397 2132 612 2170 Mommsen
634 2128 702 2185 (R.
718 2133 760 2170 F.
777 2132 809 2170 ll
830 2145 866 2182 p.
885 2128 988 2184 116)
1017 2132 1206 2182 suspicati
1228 2136 1330 2169 sunt.
1370 2131 1514 2170 bellum
1537 2136 1665 2170 autem

133 2197 432 2235 Hannibalicum
454 2198 494 2235 in
522 2197 688 2236 similem
719 2197 877 2235 modum
900 2202 1154 2235 enarrauerat
1174 2202 1290 2246 atque
1310 2196 1522 2247 Appianus‚
1549 2209 1664 2247 quam

133 2262 182 2301 ob
211 2274 293 2301 rem
322 2261 367 2301 de
394 2262 467 2300 hoc
488 2262 622 2300 Dionis
649 2262 903 2301 historiarum
931 2262 1035 2300 sonte
1064 2261 1167 2300 idem
1199 2267 1259 2300 est
1285 2261 1535 2300 statuendum
1563 2262 1665 2313 quod

134 2327 180 2366 de
202 2324 421 2380 Appiani.²)
469 2327 637 2378 denique
666 2327 711 2366 de
740 2327 968 2378 primordiis
996 2327 1106 2365 urbis
1134 2339 1231 2378 quae
1254 2327 1424 2365 Zonaras
1446 2332 1483 2365 et
1504 2327 1665 2365 'l'zetzes

134 2388 200 2446 (ad
222 2392 411 2443 Lycophr.
436 2390 547 2431 1232
576 2392 621 2430 fr.
644 2391 682 2443 2,
702 2391 730 2430 4
757 2406 792 2444 p.
813 2390 840 2430 ἶ)
867 2389 1010 2444 Boiss.)
1040 2405 1085 2430 ex
1106 2392 1228 2430 Dione
1251 2398 1546 2443 excerpserunt,
1574 2405 1664 2431 con-

230 2485 262 2527 1>
288 2483 410 2517 Etiam
444 2483 661 2528 diligentius
698 2494 779 2516 eam
811 2483 855 2516 H.
884 2482 1011 2526 Haupt
1042 2482 1150 2527 (Phil.
1179 2486 1234 2525 39,
1262 2486 1463 2526 541-548)
1503 2485 1663 2516 tractare

133 2536 266 2581 coepit,
294 2548 337 2570 ex
364 2536 468 2570 cuius
495 2536 750 2581 disputatione
777 2536 846 2570 hoc
873 2538 1029 2580 apparet
1056 2536 1281 2580 exscriptum
1308 2547 1380 2570 non
1408 2547 1485 2569 esse
1508 2536 1663 2569 Fabium

132 2600 154 2623 a
180 2589 314 2632 Dione,
353 2590 416 2624 sed
445 2601 539 2634 quae
567 2600 610 2624 ex
641 2601 682 2624 eo
709 2591 862 2634 propter
889 2589 1172 2623 similitudinem
1198 2589 1440 2630 uidebantur,
1480 2600 1543 2634 per
1571 2589 1662 2623 alios

133 2645 312 2686 auctores,
340 2643 403 2687 qui
430 2643 493 2686 qui
519 2643 657 2677 fuerint
682 2642 877 2685 nescimus,
906 2642 952 2676 ad
980 2653 1060 2676 eum
1089 2642 1275 2676 transisse.

228 2699 262 2740 ⁶2)
288 2696 449 2730 Maxime
468 2696 507 2730 in
528 2695 751 2730 Hannibalis
772 2696 895 2730 indole
917 2706 958 2730 ac
980 2697 1114 2729 natura
1135 2695 1373 2740 depingenda
1394 2695 1461 2730 Dio
1476 2696 1532 2738 (fr.
1549 2699 1591 2728 54
1607 2694 1660 2735 B.)

132 2749 186 2783 ita
218 2749 251 2783 ei
284 2749 403 2792 fauet,
443 2750 503 2783 uix
536 2752 578 2784 ut
610 2749 798 2794 scripserit
830 2749 923 2783 talia
954 2749 1108 2783 Fabium
1146 2751 1309 2790 secutus,
1349 2760 1457 2791 quem
1487 2747 1660 2792 Polybius

132 2801 337 2837 Poenorum
376 2803 468 2845 irae,
514 2803 628 2837 studii
668 2802 918 2837 Romanorum
956 2802 1158 2838 insimulet.
1193 2823 1236 2828 --
1271 2801 1323 2836 Cf.
1350 2802 1394 2836 H.
1423 2802 1550 2844 Haupt
1582 2800 1604 2833 1.
1633 2812 1658 2833 s.

131 2867 165 2900 p.
193 2860 258 2890 547
276 2868 327 2899 sq.

1288 2914 1375 2947 VII*
