2002 3342
298 182 469 213 ccxxw
632 168 695 202 DE
723 168 1030 203 SCRIPTORVM
1056 168 1179 203 viris
1206 168 1268 203 ΕΤ
1295 168 1504 203 sommas

298 285 408 331 parte
437 279 625 330 expleret,
652 280 738 318 eius
765 284 804 318 et
834 280 1100 318 narrationem
1130 278 1248 318 rebus
1274 279 1438 318 urbanis
1464 279 1597 319 multis
1624 293 1673 319 ne
1699 282 1836 332 pietati

298 357 390 395 erga
422 346 591 396 patriam
631 343 803 395 deesset,
843 357 890 383 ex
923 344 1054 383 Coelio
1088 344 1287 395 suppleuit
1327 350 1364 383 et
1403 344 1655 384 sobrietatem
1693 346 1835 386 sabulis

296 410 461 461 aliisque
488 411 623 461 nugis,
656 421 824 460 quarum
858 411 1052 448 uarietate
1090 405 1356 461 delecta1·et.1)
1390 411 1515 461 ipsius
1546 415 1678 448 tamen
1705 416 1835 449 aucto-

298 477 452 514 ritatem
487 474 611 513 Coelii
642 475 742 513 tanti
774 474 910 513 Liuius
944 476 1185 525 aestimauit,
1221 480 1266 513 ut
1292 487 1375 513 rem
1402 474 1616 525 quandam,
1648 488 1764 526 quam
1798 482 1836 515 et

296 540 362 578 ille
390 546 428 579 et
454 540 520 578 alii
547 541 764 591 scriptores
793 538 912 579 ‘haud
939 541 1024 579 sine
1056 538 1189 578 causa'
1216 541 1598 590 praetermisissent,
1629 553 1700 591 pro
1728 546 1835 580 certo

296 617 442 656 ponere
463 610 674 644 uereretur
694 602 782 658 (23,
798 603 837 656 6,
853 601 912 659 8),
934 605 980 643 de
1000 611 1127 643 morte
1148 604 1334 655 Marcelli,
1360 605 1406 643 de
1428 617 1503 656 qua
1523 606 1726 644 uariarent
1745 618 1835 645 auc-

298 676 417 721 tores,
439 670 525 709 aliis
547 671 692 721 spretis
714 670 835 709 solam
851 670 976 709 Coelii
996 670 1138 708 famam
1158 669 1370 721 protulisse
1387 671 1481 709 satis
1501 669 1665 709 haberet
1679 668 1744 725 (fr.
1759 668 1835 725 29)

298 748 467 786 cumque
495 741 648 774 ceteros
676 737 890 787 scriptores
917 748 1007 774 cum
1036 735 1192 774 fastidio
1214 735 1382 786 quodam
1403 735 1585 774 refellere
1607 735 1763 787 soleret,
1791 736 1838 775 de

296 800 382 851 hoc,
408 800 477 840 uhi
503 800 550 839 ab
579 813 624 839 eo
651 800 819 851 recedit,
852 801 995 839 leniter
1021 807 1060 840 et
1084 800 1302 839 honorifice
1328 800 1559 851 loqueretur
1585 797 1652 854 (fr.
1671 799 1736 839 14.
1762 798 1835 855 18)

298 872 337 904 et
363 867 475 917 quasi
503 866 654 905 doleret
681 862 747 919 (fr.
767 863 854 919 17),
881 865 921 904 id
955 865 1058 917 quod
1090 871 1179 917 post
1205 864 1370 904 Nautam
1396 878 1431 916 p.
1451 863 1501 904 17
1532 871 1639 904 recte
1665 866 1841 905 animad-

298 934 420 970 uertit
446 931 607 970 Meltzer
627 944 663 982 p.
678 929 735 970 46
750 943 806 982 sq.
847 932 1078 970 nominatim
1105 943 1202 970 uero
1228 930 1404 969 laudauit
1424 943 1513 969 eum
1532 930 1718 970 undecim
1746 931 1841 970 locis

299 991 477 1049 (praeter
502 997 608 1035 locos
635 996 750 1035 modo
779 996 915 1035 allatos
945 994 1013 1034 21.
1035 993 1103 1035 28.
1125 993 1193 1035 29.
1216 993 1285 1035 33.
1305 992 1373 1033 39.
1394 993 1463 1034 40.
1483 992 1580 1050 42),
1606 996 1839 1048 plerumque

300 1063 353 1100 ita
386 1067 430 1100 ut
463 1074 553 1100 eum
581 1067 646 1100 aut
679 1063 849 1101 reiceret
875 1067 941 1100 aut
968 1074 1051 1100 rem
1079 1074 1100 1100 a
1124 1061 1284 1112 Polybio
1311 1062 1632 1112 praetermissam
1658 1061 1748 1100 inde
1775 1073 1841 1100 ex—

299 1133 447 1166 tremae
463 1128 680 1165 narrationi
696 1126 934 1166 adnecteret.
974 1127 1096 1165 multo
1113 1128 1269 1178 saepius
1290 1128 1330 1164 in
1351 1127 1436 1177 ipso
1451 1127 1640 1165 orationis
1654 1126 1840 1166 Liuianae

299 1229 432 1263 XXII
448 1230 492 1263 B.
515 1229 548 1263 d.
570 1230 616 1264 L.
640 1230 755 1272 1891),
784 1228 849 1263 alii
870 1229 1018 1273 Polybii
1043 1241 1152 1263 usum
1178 1229 1278 1263 intra
1302 1230 1448 1273 partem
1469 1228 1661 1273 quandam
1688 1228 1840 1263 decadis

297 1282 477 1316 Liuianae
498 1293 536 1316 se
558 1282 798 1325 continuisse,
820 1282 1046 1326 fueruntque
1060 1282 1123 1325 qui
1145 1282 1294 1317 omnino
1312 1281 1372 1317 uel
1387 1281 1585 1326 Polybium
1599 1282 1660 1316 uel
1675 1282 1840 1317 Coelium

298 1346 320 1369 a
346 1335 452 1369 Liuio
479 1336 517 1369 in
544 1346 653 1369 usum
686 1337 864 1370 uocatum
897 1347 976 1370 esse
1003 1337 1194 1380 negarent.
1235 1337 1275 1369 at
1306 1335 1473 1369 dubitari
1506 1346 1581 1369 non
1611 1346 1721 1379 posse
1750 1336 1841 1379 quin

298 1388 478 1433 Polybius
506 1391 543 1422 et
569 1388 698 1423 Liuius
730 1400 850 1433 paene
878 1389 926 1423 ad
951 1388 1107 1423 uerbum
1136 1399 1247 1433 saepe
1274 1389 1521 1431 consentiant,
1549 1388 1662 1422 etiam
1688 1388 1842 1423 Nitzsch

302 1442 496 1484 concessit,
524 1443 820 1487 argumentaque
847 1442 926 1477 eius
952 1442 1148 1487 redarguit
1168 1442 1204 1477 C.
1226 1442 1336 1476 Peter
1355 1443 1449 1486 (Zur
1463 1442 1591 1477 Kritz'k
1610 1443 1673 1477 der
1695 1443 1843 1488 Quellen

300 1496 333 1530 d.
354 1507 461 1531 roem.
487 1495 692 1530 Geschiehte
714 1499 804 1529 1879
825 1497 1038 1540 pin—99),
1058 1498 1260 1540 postquam
1284 1495 1494 1538 Niebuhrii,
1522 1495 1579 1530 Fr.
1600 1495 1841 1539 Lachmanni‚

301 1549 525 1594 Schwegleri
554 1549 778 1583 sententiam
806 1551 955 1583 secutus
982 1549 1154 1594 pluribus
1181 1549 1353 1595 exposuit
1380 1560 1402 1583 a
1421 1549 1576 1593 Polybio
1601 1549 1749 1583 Liuium
1775 1561 1843 1594 per

299 1603 420 1637 totam
441 1603 620 1637 decadem
639 1602 803 1647 pendere
825 1603 957 1648 (Ueber
977 1603 1035 1638 die
1058 1603 1207 1648 Quellen
1229 1603 1291 1638 des
1311 1603 1416 1638 XXI
1433 1614 1470 1637 u.
1492 1602 1625 1637 XXII
1640 1604 1763 1638 Buchs
1782 1603 1842 1639 des

301 1657 434 1691 Livius
453 1656 492 1690 in
513 1667 738 1701 programm.
759 1656 930 1690 Portensi
952 1667 984 1690 a.
1003 1658 1117 1700 1863).
1157 1656 1266 1691 nouis
1288 1656 1519 1701 argumentis
1539 1656 1700 1691 maxime
1720 1667 1765 1691 ex
1785 1657 1841 1691 di-

303 1709 413 1744 cendi
436 1720 572 1754 genere
597 1708 729 1754 petitis
756 1720 838 1744 eam
858 1709 1050 1744 Woelfflin
1078 1710 1293 1752 (Antiochos
1317 1721 1387 1744 von
1407 1709 1572 1755 Syrakus
1597 1710 1676 1744 und
1703 1710 1845 1745 Coelius

295 1775 334 1807 p.
348 1765 398 1797 22
411 1766 515 1807 sqq),
535 1762 789 1797 Luterbacher
803 1764 878 1806 (De
890 1764 981 1806 font.
997 1763 1077 1798 libr.
1092 1763 1201 1798 XXI
1210 1767 1243 1797 et
1257 1763 1392 1798 XXII
1411 1763 1450 1797 T.
1462 1763 1599 1805 Liuii),
1620 1762 1842 1798 Gutschmid

301 1817 382 1858 (KZ.
398 1816 497 1851 Schr.
513 1817 579 1851 IV
588 1828 627 1861 p.
641 1818 715 1850 „⁴212
728 1819 796 1860 sq.)
818 1816 960 1860 aliique
975 1816 1298 1850 confirmauerunt.
1331 1816 1395 1850 sed
1416 1827 1479 1850 eas
1499 1816 1692 1860 opiniones
1714 1827 1840 1851 omnes

302 1880 492 1904 recensere
512 1880 586 1903 non
608 1871 664 1903 est
684 1869 796 1903 huius
816 1869 907 1911 loci;
935 1869 1095 1903 indicem
1116 1869 1280 1903 uirorum
1302 1870 1507 1913 doctorum,
1534 1869 1598 1913 qui
1625 1880 1705 1903 eam
1729 1881 1841 1914 quae-

300 1923 462 1957 stionem
482 1922 566 1966 plus
586 1922 759 1957 minusue
779 1923 940 1957 feliciter
959 1916 1221 1957 tractauerunt
1235 1923 1296 1958 1101
1310 1922 1528 1968 tetigerunt,
1550 1922 1678 1957 Soltau
1692 1923 1731 1957 in
1745 1923 1841 1957 libro

303 1987 369 2010 suo
390 1976 525 2010 Livius
545 1988 581 2020 p.
599 1979 738 2010 10—12
760 1975 980 2021 composuit.
1001 1997 1047 2001 —
1067 1975 1196 2021 Nuper
1214 1976 1284 2010 Vd.
1299 1976 1506 2010 Kahrstedt
1525 1976 1663 2020 (Gesch.
1684 1976 1718 2011 d.
1740 1977 1840 2012 Kar-

300 2030 426 2075 thayer
438 2029 489 2063 ΠΙ
508 2041 543 2074 p.
561 2030 762 2074 141—362)
777 2029 943 2074 singulas
959 2041 1126 2073 quasque
1146 2029 1279 2064 tertiae
1294 2029 1391 2063 Liuii
1407 2029 1558 2063 decadis
1578 2031 1704 2073 partes
1720 2029 1841 2064 denuo

301 2083 437 2118 acriter
465 2085 682 2127 persecutus
708 2094 793 2117 eum
820 2083 866 2117 ab
892 2083 1001 2117 initio
1029 2082 1212 2126 Coelium,
1245 2094 1290 2118 ex
1321 2094 1394 2126 quo
1422 2082 1536 2117 etiam
1567 2082 1841 2127 praefationem

299 2136 392 2171 belli
405 2136 628 2170 Hannibalis
643 2137 912 2181 exscripsisset,
932 2136 971 2170 in
991 2136 1165 2171 manibus
1185 2136 1362 2171 habuisse
1382 2137 1591 2178 contendit3
1613 2147 1696 2170 cum
1716 2138 1840 2171 autem

300 2190 362 2224 hic
384 2189 562 2233 Silenum,
588 2189 747 2224 Fabium
774 2190 942 2234 aliosque
969 2189 1123 2224 annales
1151 2190 1386 2224 adhibuisset
1405 2192 1443 2224 et
1463 2202 1546 2224 cum
1566 2190 1721 2234 Polybio
1743 2201 1841 2225 com-

301 2245 482 2288 parasset,
508 2243 656 2277 Liuium
677 2243 725 2277 ad
746 2254 831 2278 eum
852 2243 1019 2278 delatum
1042 2243 1203 2288 primum
1224 2244 1269 2278 de
1288 2243 1399 2277 rebus
1417 2243 1458 2277 in
1479 2242 1608 2278 Sicilia
1628 2245 1666 2278 et
1686 2244 1842 2278 Graecia

303 2307 441 2342 magna
473 2297 590 2341 gestis
620 2297 743 2342 ipsum
776 2297 916 2340 adisse,
948 2298 1029 2330 tum
1061 2297 1108 2331 ab
1130 2308 1162 2331 a.
1185 2300 1264 2332 206.
1286 2301 1354 2331 548
1384 2297 1498 2331 etiam
1525 2297 1571 2331 de
1596 2296 1779 2342 Hispania
1805 2299 1842 2331 et

303 2349 460 2384 Graecia
491 2350 686 2394 primoque
718 2350 799 2384 loco
832 2350 878 2384 de
904 2350 1043 2385 Africa.
1088 2362 1249 2394 quacum
1282 2349 1537 2394 disputatione
1568 2349 1608 2383 id
1639 2350 1840 2393 consentio,

302 2403 549 2437 fundamenta
568 2403 728 2438 Liuiana
750 2403 883 2438 tertiae
904 2404 1056 2439 decadis
1082 2404 1121 2438 in
1142 2403 1266 2438 Coelio
1287 2404 1325 2437 et
1344 2402 1499 2447 Polybio
1518 2403 1642 2447 posita
1661 2405 1699 2438 et
1717 2404 1841 2448 ipsum

303 2467 395 2501 opus
429 2456 592 2491 admixta
625 2468 669 2491 ex
701 2456 901 2491 annalibus
933 2457 1111 2492 Romanis
1143 2456 1302 2491 materia
1333 2458 1587 2491 constructum
1618 2456 1841 2501 Polybiique

304 2508 569 2543 auctoritatem
590 2510 724 2544 ceteris
749 2509 861 2554 longe
886 2510 1173 2555 praeferendam
1193 2522 1289 2554 esse;
1317 2509 1416 2554 quod
1436 2511 1561 2544 tamen
1581 2510 1717 2553 omnia,
1744 2520 1841 2554 quae

304 2562 339 2597 ei
365 2574 409 2596 ex
428 2563 625 2597 annalibus
646 2563 823 2597 Romanis
843 2563 993 2598 fluxisse
1012 2564 1241 2605 uiderentur,
1269 2563 1443 2597 continuo
1464 2562 1726 2597 commenticia
1744 2562 1842 2597 ueri-

304 2616 467 2660 tatisque
494 2616 640 2650 ratione
660 2618 878 2661 contempta
897 2617 945 2651 ad
970 2616 1167 2651 libidinem
1193 2617 1281 2651 ficta
1302 2626 1381 2650 esse
1401 2616 1605 2650 arbitratus
1624 2617 1664 2650 in
1683 2616 1841 2651 historia

304 2680 372 2714 pro
386 2668 504 2703 nihilo
520 2669 637 2712 duxit,
652 2669 722 2704 hoc
735 2681 782 2705 ne
795 2681 918 2704 rerum
933 2669 1299 2715 Carthaginiensium
1314 2669 1465 2714 quidem
1479 2669 1653 2714 scriptori
1667 2670 1840 2705 concedo.

403 2724 435 2767 1)
461 2723 520 2756 Ita
544 2722 647 2757 haud
672 2735 754 2758 raro
781 2723 923 2758 factum
951 2734 1041 2766 esse,
1067 2725 1110 2758 ut
1134 2724 1215 2768 ipse
1235 2723 1364 2758 Liuius
1384 2734 1509 2757 secum
1534 2725 1730 2768 pugnaret,
1755 2725 1841 2767 post

306 2776 401 2811 alios
428 2787 450 2810 a
470 2775 507 2810 C.
531 2776 663 2810 Petero
692 2777 855 2823 (Quellen
876 2778 938 2812 des
957 2778 1091 2812 Livius
1115 2789 1150 2821 p.
1167 2780 1185 2810 7
1199 2788 1276 2820 sqq.
1299 2780 1355 2812 45.
1383 2777 1510 2812 Kritik
1530 2788 1564 2821 p.
1581 2777 1734 2821 82—99>
1759 2776 1842 2821 plu-

305 2829 408 2864 ribus
435 2829 645 2874 expositum
672 2832 736 2864 est.
