2002 3342
711 190 750 232 Q.
780 190 950 225 FABIVS
979 189 1150 226 PICTOR
1519 206 1694 236 Lxxxlx

163 308 269 341 trans
296 301 503 340 Ciminiam
531 301 671 339 siluam
700 301 843 339 sactum
872 298 929 355 (9,
957 298 1152 354 36—37)
1180 301 1386 353 eidemque
1414 302 1486 341 soli
1519 303 1697 353 adsignat

161 366 314 406 laudem
329 367 519 406 uictoriae
536 366 582 404 ad
595 366 772 404 Sutrium
788 371 1008 417 reportatae
1019 361 1172 420 (6.35),
1186 379 1302 417 quam
1316 366 1508 406 Diodorus
1521 363 1608 420 (20,
1619 366 1695 421 35)

161 445 250 471 cum
277 432 423 482 collega
452 432 777 481 communicauit,
805 435 844 469 et
871 430 918 469 ad
945 430 1130 470 Lautulas
1157 444 1235 469 non
1262 431 1457 470 Romanos
1484 434 1630 483 uictos,
1657 433 1696 471 id

162 496 264 548 quod
292 498 409 535 etiam
430 495 624 535 Diodorus
647 493 704 549 (9,
728 492 801 549 72)
830 497 1027 535 concessit
1055 501 1170 547 atque
1193 496 1329 535 Liuius
1353 495 1470 548 ‘apud
1492 497 1695 548 quosdam'

162 564 385 613 inuenerat,
425 561 494 600 sed
528 562 688 612 ancipiti
721 561 870 611 proelio
911 560 1158 611 dimicatum,
1198 567 1280 600 tum
1313 574 1408 601 uero
1444 562 1643 613 praeclare
1678 576 1697 601 a

162 627 309 678 Fabiis,
342 626 385 672 Q.
414 626 604 665 dictatore
632 634 670 665 et
697 626 735 664 C.
763 627 951 677 magistro
987 628 1182 678 equitum,
1222 626 1417 666 Samnites
1450 630 1578 666 uictos
1611 640 1697 666 esse

162 693 337 731 narrauit
365 687 423 745 (9,
450 688 538 744 23).
592 691 760 742 denique
788 697 867 730 toto
895 691 994 730 libro
1025 692 1175 730 decimo
1208 693 1357 743 primas
1387 699 1507 743 agunt
1533 693 1652 731 Fabii.
1665 690 1698 747 ¹)

162 768 290 808 neque
318 762 447 795 tamen
468 756 604 795 Liuius
631 758 671 794 in
700 756 971 796 describendis
998 757 1209 796 Fabiorum
1236 757 1355 796 rebus
1382 758 1457 796 sibi
1486 758 1698 797 constabat.

162 834 252 860 nam
273 821 441 860 Pictoris
465 823 736 860 auctoritatem
758 827 920 873 propter
940 823 1214 873 antiquitatem
1236 824 1378 862 ceteris
1400 823 1699 874 praeferendam

163 898 250 925 esse
289 886 540 925 existimabat
578 892 616 925 et
648 888 733 926 eius
766 888 893 938 gentis
926 889 1096 926 uirtutes
1129 901 1281 926 summa
1314 887 1572 927 admiratione
1612 901 1700 939 per-

164 950 402 1002 sequebatur
424 951 706 1003 fruebaturque
727 952 799 991 hac
821 958 999 1003 exoptata
1020 954 1196 1004 materia,
1217 953 1286 992 sed
1308 953 1412 992 idem
1429 953 1625 992 diuersam
1647 954 1700 991 fa-

164 1029 266 1055 mam
289 1016 335 1055 de
358 1017 415 1055 eis
436 1022 685 1068 cognouerat,
706 1030 781 1068 qua
802 1024 1015 1069 occupatus
1035 1018 1178 1057 multas
1204 1030 1267 1056 res
1289 1017 1404 1058 aliter
1423 1024 1538 1070 atque
1557 1019 1700 1057 Fabius

164 1083 341 1121 narrauit
370 1078 485 1135 (quas
511 1082 787 1122 Lachmannus
814 1095 994 1133 magnam
1022 1088 1173 1134 partem
1201 1083 1358 1134 collegit
1386 1083 1431 1123 de
1460 1085 1553 1123 sont.
1582 1084 1700 1123 Liu.I

164 1160 200 1199 p.
221 1144 278 1186 52
293 1160 376 1198 sqq.
398 1144 563 1200 passim)
593 1153 726 1198 atque,
759 1153 802 1187 ut
828 1148 924 1186 haec
951 1148 1128 1200 exempla
1155 1149 1336 1200 afferam,
1370 1147 1408 1200 8,
1429 1147 1499 1200 40,
1524 1147 1544 1187 1
1569 1154 1607 1188 et
1636 1146 1701 1199 10,

168 1210 233 1264 17,
257 1211 323 1263 11,
356 1225 452 1264 quas
485 1225 548 1251 res
581 1214 621 1251 in
649 1213 885 1264 quibusdam
912 1213 1117 1252 annalibus
1144 1213 1276 1252 Fabiis
1303 1214 1471 1253 tributas
1499 1215 1701 1253 inuenisse

166 1290 207 1317 se
243 1277 355 1329 dicit,
395 1290 460 1316 eas
500 1278 604 1317 idem
637 1280 676 1317 in
713 1284 848 1317 tenore
888 1280 1125 1318 narrationis
1164 1279 1364 1330 neglectas
1397 1279 1563 1318 aliorum
1596 1279 1702 1318 laudi

167 1342 339 1394 dederat,
368 1343 535 1394 denique
564 1341 602 1394 9,
628 1341 695 1394 28,
723 1356 822 1395 quae
846 1343 1041 1383 Diodorus
1071 1341 1136 1395 19,
1162 1341 1241 1383 101
1272 1340 1370 1398 (uid.
1391 1357 1428 1396 p.
1443 1341 1556 1397 XLV)
1585 1344 1632 1383 ad
1658 1344 1701 1390 Q.

168 1408 276 1447 Fabii
305 1408 505 1447 dictatoris
532 1408 696 1460 gloriam
720 1411 850 1460 traxit,
877 1422 897 1448 a
923 1409 1095 1448 Poetelio
1124 1409 1313 1448 dictatore
1340 1411 1381 1448 in
1409 1409 1566 1449 Samnio
1594 1415 1703 1461 gesta

166 1486 254 1512 esse
283 1475 453 1525 scripsit.
465 1470 498 1527 2)
549 1475 644 1525 quin
666 1475 783 1512 etiam
811 1479 993 1513 octauum
1019 1474 1164 1513 librum
1197 1476 1255 1513 sic
1287 1474 1433 1514 claudit
1466 1473 1517 1528 (c.
1543 1473 1612 1526 40,
1638 1471 1703 1529 4):

167 1551 242 1578 nee
263 1539 391 1588 facile
418 1545 475 1578 est
502 1545 573 1578 aut
598 1552 682 1578 rem
709 1542 772 1578 rei
797 1545 869 1578 aut
896 1546 1102 1579 auctorem
1130 1544 1292 1580 ccicclori
1309 1541 1542 1591 praeferre.
1580 1543 1702 1580 uitia-

167 1610 247 1643 tam
273 1607 506 1643 memoriam
532 1605 776 1654 funebribus
802 1607 1108 1644 laudationibus
1134 1617 1230 1644 reor
1257 1606 1456 1656 falsisque
1482 1608 1703 1655 imayinum

168 1671 311 1717 titulis,
345 1671 437 1708 dum
459 1670 622 1719 familia
649 1672 706 1708 ad
727 1682 770 1708 se
797 1683 981 1719 quaeque
1003 1671 1157 1720 samam
1184 1683 1321 1710 rerum
1346 1677 1554 1719 qestarum
1580 1673 1702 1710 hono-

167 1746 336 1783 rumque
359 1735 523 1784 fallenti
547 1736 758 1774 mendacio
787 1737 967 1774 trabunt.
1008 1738 1103 1775 inde
1123 1741 1235 1775 certe
1255 1742 1293 1775 et
1317 1738 1569 1785 si'nyulorum
1588 1742 1704 1785 qesta

167 1805 204 1838 et
215 1801 387 1849 publica
413 1806 670 1839 monumenta
697 1813 835 1839 rerum
856 1801 1039 1851 confusa.
1074 1813 1150 1852 qua
1171 1801 1346 1851 querella
1367 1801 1524 1840 Liuium
1545 1801 1703 1840 Fabiam

166 1865 416 1915 potissimum
444 1870 600 1915 gentem
630 1864 775 1904 dixisse
802 1878 927 1917 paene
956 1871 1120 1918 certum,
1146 1865 1344 1906 Pictorem
1364 1867 1452 1905 ueri
1478 1866 1605 1905 simile
1633 1872 1703 1906 est.

163 1997 302 2040 potitus
327 1997 455 2041 spoliis
480 2001 647 2042 congesta
672 1997 713 2031 in
738 1998 918 2043 ingentem
944 2009 1116 2033 aceruum
1141 1999 1289 2033 hostilia
1315 2011 1420 2033 arma
1445 1999 1590 2034 subdito
1621 2000 1705 2044 ique

166 2051 421 2092 commutauit,
446 2061 507 2084 seu
533 2055 660 2085 uotum
686 2051 726 2085 id
752 2051 900 2086 deorum
925 2052 1087 2095 cuipiam
1112 2051 1198 2094 fuit,
1224 2063 1285 2086 seu
1312 2053 1451 2087 eredere
1476 2053 1561 2087 libet
1582 2052 1704 2087 Fabio

168 2104 311 2138 auctori
335 2113 373 2137 eo
398 2104 550 2146 factum,
575 2115 619 2137 ne
644 2115 731 2139 suae
756 2105 894 2149 yloriae
919 2105 1082 2148 fructum
1102 2105 1260 2140 dictator
1278 2109 1419 2150 caperet
1437 2117 1633 2150 nomenque
1653 2105 1706 2139 ibi

167 2155 335 2191 scriberet
358 2160 424 2190 aut
448 2157 568 2200 spolia
601 2157 642 2191 in
674 2158 857 2202 triumpho
889 2159 1008 2201 ferret.
1053 2157 1136 2201 ubi,
1175 2158 1206 2192 si
1238 2157 1340 2193 fastu
1372 2158 1505 2204 gentili
1536 2158 1704 2192 Fabiano

168 2207 335 2242 Rulliani
350 2207 500 2243 laudem
513 2209 672 2243 maxime
688 2212 838 2244 auctam
859 2221 937 2245 esse
959 2210 1250 2254 consideramus,
1271 2222 1337 2246 nos
1357 2211 1523 2256 legentes
1538 2211 1704 2255 offendit,

168 2261 352 2296 Pictorem
380 2264 505 2306 aperte
533 2262 744 2296 confessum
770 2274 849 2298 esse
868 2264 1009 2308 Papirii
1036 2264 1231 2299 dictatoris
1259 2265 1404 2299 inuidia
1429 2267 1573 2300 motum
1598 2264 1704 2299 illum

168 2313 290 2359 spolia
310 2326 575 2350 concremasse.
602 2327 722 2350 errore
737 2317 862 2361 potius
878 2317 1026 2351 Liuium
1048 2319 1112 2351 aut
1132 2317 1210 2352 eius
1231 2321 1432 2362 auctorem,
1453 2318 1517 2362 qui
1537 2319 1704 2353 diuersas

167 2368 287 2403 famas
314 2367 533 2413 collegerat,
568 2368 660 2403 duas
686 2371 850 2405 mutasse
876 2370 1090 2415 putauerim
1115 2371 1392 2416 Pictoremque,
1419 2374 1462 2406 ut
1487 2371 1703 2406 Rullianum

169 2421 398 2464 defenderet,
424 2424 554 2456 uotum
580 2423 847 2466 praetendisse.

266 2477 299 2519 1)
326 2474 379 2509 Cf.
402 2474 443 2510 G.
459 2475 613 2520 Klinger
638 2477 696 2511 De
716 2478 844 2512 decimi
862 2478 973 2512 Liuii
997 2479 1083 2513 libri
1100 2478 1264 2521 fontibus
1283 2478 1450 2523 (Dissert.
1465 2479 1563 2523 Lips.
1587 2482 1703 2521 1884).

266 2530 300 2573 2)
326 2528 481 2562 Nitzsch
508 2530 553 2564 R.
575 2530 714 2564 Auual.
741 2542 776 2574 p.
798 2533 950 2565 50—61.
979 2534 1116 2565 77-82
1150 2531 1209 2576 (cf.
1236 2543 1272 2576 p.
1294 2534 1494 2577 267—300)
1522 2542 1565 2566 ex
1598 2531 1704 2565 libris

171 2582 203 2616 II
229 2583 265 2616 et
292 2582 351 2624 III,
384 2581 422 2616 in
449 2594 606 2626 quorum
637 2583 760 2617 fontes
793 2584 883 2618 data
908 2595 1021 2628 opera
1047 2584 1257 2618 accuratius
1284 2585 1497 2630 inquisiust,
1530 2585 1622 2619 haec
1649 2595 1702 2618 se-

171 2635 333 2669 cundum
353 2635 510 2670 Fabium
536 2637 708 2680 pertexta
729 2648 807 2672 esse
828 2637 976 2671 statuit:
1006 2641 1038 2679 2,
1065 2649 1093 2672 c.
1117 2641 1244 2680 1-21,
1271 2641 1423 2682 33—41,
1450 2642 1602 2682 44-51,
1629 2637 1703 2672 alia

171 2699 255 2722 cum
282 2687 365 2722 aliis
392 2689 634 2733 scriptoribus
662 2690 927 2725 contaminata.
967 2702 1193 2734 quamquam
1218 2702 1306 2726 uero
1332 2691 1371 2725 id
1398 2691 1491 2725 mihi
1518 2692 1704 2735 persuasit,

170 2740 209 2774 in
235 2741 294 2775 his
320 2741 488 2785 partibus
514 2743 737 2777 uetustiores
765 2746 935 2779 auctores
962 2743 1152 2779 adhibitos
1174 2755 1253 2778 esse
1274 2756 1295 2778 a
1315 2744 1421 2779 Liuio
1442 2755 1553 2788 quam
1575 2756 1595 2778 a
1617 2744 1703 2778 Dio-

171 2794 278 2838 nysio
297 2793 335 2828 in
356 2794 421 2838 eis,
448 2806 544 2839 quae
564 2795 621 2830 his
641 2796 808 2830 Liuianis
828 2797 1066 2841 respondent,
1092 2799 1219 2832 tamen
1238 2798 1305 2831 bas
1325 2799 1424 2831 totas
1445 2797 1573 2841 paucis
1594 2796 1702 2830 rebus

171 2848 336 2892 exceptis
363 2859 406 2882 ex
433 2847 498 2882 illo
526 2851 694 2893 sumptas
722 2860 801 2885 esse
827 2849 890 2884 uix
917 2850 1113 2885 adfirmare
1140 2850 1270 2885 ausim.
