2002 3342
737 184 907 219 FABIVS
935 183 1107 220 PICTOR
1536 197 1690 228 CLXXV

159 297 226 335 ubi
246 296 409 335 Fabium
424 296 619 334 Pictorem
642 296 862 346 exscripsit,
883 300 1050 346 utroque
1071 296 1229 334 nomine
1251 308 1340 333 eum
1362 295 1568 344 laudasset,
1590 295 1691 334 unde

158 361 232 410 bic,
259 361 326 400 ubi
354 361 518 412 simplex
546 373 689 399 nomen
717 360 959 411 adscriptum
986 366 1101 410 esset,
1130 360 1248 398 alium
1276 360 1438 399 Fabium
1466 360 1512 399 ab
1540 374 1584 399 eo
1613 360 1691 398 dic-

160 433 241 465 tum
271 439 357 465 esse
385 432 609 477 appareret,
651 425 819 476 denique
847 425 950 476 quod
979 437 1022 463 ex
1051 425 1235 476 Dionysio
1263 424 1526 464 Seruilianum
1555 425 1691 464 Latino

159 504 274 530 usum
302 503 388 530 esse
417 503 597 529 sermone
625 496 835 528 constaret.
882 496 919 528 at
946 503 1016 540 ego
1045 503 1090 528 ex
1119 502 1162 528 ea
1191 491 1274 541 ipsa
1302 502 1361 541 re,
1397 490 1500 541 quod
1527 490 1690 541 simplex

159 569 301 594 nomen
334 555 481 594 Gellius
514 557 662 607 posuit,
690 554 880 594 concludo
915 554 1082 593 eundem
1114 554 1276 593 Fabium
1307 555 1379 593 boc
1410 555 1494 593 loco
1525 555 1691 594 Gellium

158 621 331 671 intellegi
358 620 459 659 uelle
488 633 603 671 quem
632 622 793 671 ceteris,
820 621 844 658 i.
867 633 899 658 e.
921 620 1084 658 Fabium
1111 619 1318 658 Pictorem.
1364 622 1432 671 qui
1458 633 1542 658 mos
1570 620 1693 659 Gellio

158 687 273 724 etiam
302 685 394 724 alibi
423 687 505 736 l'uit,
532 692 575 724 ut
602 691 793 736 auctores,
821 698 918 736 quos
947 686 1041 723 satis
1068 690 1181 723 notos
1210 697 1295 723 esse
1319 685 1588 733 arbitraretur,
1615 698 1692 724 uno

156 752 314 789 nomine
341 752 585 801 significasse
614 751 708 789 satis
736 762 822 789 esse
848 749 1020 788 duceret.
1062 749 1282 788 Seruiliano
1305 756 1434 788 autem
1456 750 1528 788 boc
1557 751 1602 788 fr.
1624 752 1693 788 tri-

156 815 276 854 buere
303 817 461 854 omnino
490 815 594 854 nulla
623 828 686 853 res
715 816 828 865 cogit.

246 881 302 919 Ex
323 893 486 919 numero
509 881 817 931 fragmentorum
840 879 997 919 Krausii
1020 876 1075 933 (p.
1101 876 1204 933 135)
1225 879 1310 929 hoc,
1338 879 1442 931 quod
1464 885 1693 930 excerptum

157 952 240 984 erat
267 959 313 984 ex
341 945 464 984 Gellio
493 941 551 999 (ὃ,
572 943 612 994 4,
632 942 691 999 ὃ),
720 947 926 984 eiecimus:
961 947 1041 984 Hic
1063 944 1240 995 [Fabius]
1271 948 1327 983 ita
1353 948 1537 994 scripsit:
1564 942 1693 984 ‘sssor-

157 1018 250 1050 tuus
275 1017 333 1050 est
359 1023 466 1050 anno
494 1013 572 1050 duo
600 1017 638 1050 et
664 1014 866 1050 uicesimo.
912 1023 989 1049 rea:
1018 1011 1100 1060 fult
1133 1022 1260 1049 annos
1293 1013 1444 1059 m'qe'nte'
1476 1016 1513 1049 et
1543 1008 1691 1048 unum.²

157 1082 247 1114 sunt
275 1077 379 1114 enim
406 1076 527 1115 uerba
561 1076 626 1114 illa
660 1088 737 1114 non
764 1075 891 1125 Fabii,
926 1075 994 1114 sed
1023 1076 1224 1125 Varronis,
1259 1088 1305 1114 ex
1339 1076 1452 1114 cuius
1485 1075 1584 1113 libro
1612 1074 1693 1112 XVI

159 1153 292 1180 rerum
314 1141 574 1180 humanarum
597 1136 652 1194 (p.
678 1139 760 1180 122
783 1153 841 1192 ap.
863 1139 1039 1193 Mirscli.)
1068 1153 1086 1179 a
1111 1140 1236 1179 Nonio
1264 1154 1293 1179 s.
1314 1153 1351 1179 11.
1375 1139 1694 1179 duodeuicesimo

160 1219 195 1257 p.
222 1204 305 1245 100
332 1208 515 1256 citantur,
543 1207 655 1245 cuius
681 1219 825 1245 nomen
849 1206 998 1257 lacuna,
1027 1218 1125 1257 quae
1153 1212 1210 1244 est
1239 1212 1327 1244 ante
1353 1207 1421 1245 hic
1447 1208 1504 1244 ila
1529 1208 1694 1255 scripsit

158 1271 374 1322 statuenda,
406 1271 508 1322 apud
539 1270 706 1310 Gellium
740 1271 953 1310 intercidit.
993 1284 1109 1322 quam
1143 1271 1191 1309 ob
1224 1283 1309 1310 rem
1341 1277 1449 1309 recte
1480 1277 1570 1321 post
1597 1270 1693 1309 Her-

157 1337 276 1375 tzium
297 1336 441 1375 Hosius
467 1337 572 1375 hunc
598 1336 712 1375 Gellii
738 1337 867 1375 locum
889 1338 946 1375 sic
968 1336 1107 1375 edidit:
1141 1337 1248 1382 Quid
1266 1342 1324 1375 est
1345 1335 1646 1375 duouz'eese'mo?
1660 1332 1691 1390 1)

156 1400 193 1453 <.
221 1433 229 1440 .
257 1434 264 1440 .
293 1433 300 1441 .
336 1403 467 1441 Varro
499 1403 771 1441 humanarum
803 1414 942 1440 rerum
980 1403 1083 1441 libro
1113 1402 1159 1440 X
1167 1402 1226 1440 VI
1228 1399 1270 1451 ,·>
1308 1403 1377 1440 hic
1414 1404 1473 1440 ita
1511 1404 1694 1450 scripsit:

159 1464 362 1506 ‘Mortuus
389 1473 446 1506 est
472 1479 579 1506 anno
608 1469 905 1509 duouz'cese'mo:
931 1480 1008 1506 reat
1029 1467 1111 1516 fuit
1139 1478 1268 1506 annos
1294 1467 1430 1505 XXI.
1452 1496 1460 1504 .
1483 1496 1490 1504 .
1513 1464 1537 1504 .’

378 1579 437 1618 De
465 1579 596 1618 Fabii
622 1579 830 1618 Pictoris
858 1580 979 1618 iuris
1007 1579 1254 1630 pontificii
1280 1575 1478 1632 libris.2)

244 1697 414 1735 Attribui
447 1697 537 1736 buic
572 1697 653 1737 Ser.
681 1697 799 1736 Fabio
833 1697 979 1735 Pictori
1012 1698 1128 1736 etiam
1163 1710 1207 1736 ea
1240 1698 1474 1748 fragmenta,
1515 1710 1613 1748 quae
1648 1710 1693 1736 ex

155 1763 253 1800 iuris
286 1763 478 1813 pontific-ii
512 1762 642 1813 libris,
679 1776 776 1814 quos
810 1764 887 1800 iam
914 1762 1034 1800 Varro
1064 1757 1198 1815 (11.9)
1226 1768 1384 1801 ueteres
1411 1762 1639 1813 appellauit,
1673 1775 1692 1801 a

155 1827 272 1865 Fabio
308 1827 462 1866 Pictore
499 1827 635 1867 Latine
673 1829 907 1879 conscriptis
944 1827 991 1865 ad
1024 1839 1095 1866 nos
1128 1832 1416 1878 peruenerunt,
1456 1839 1693 1878 quamquam

156 1891 258 1930 haud
279 1893 330 1931 ita
353 1892 483 1931 stabili
504 1893 760 1932 fundamento
780 1893 881 1931 banc
904 1894 1141 1931 sententiam
1164 1894 1237 1931 niti
1258 1905 1335 1931 non
1356 1894 1506 1943 ignoro.
1544 1892 1693 1931 Nonius

156 1959 259 1996 enim
289 1971 317 1996 S.
338 1971 376 1996 11.
398 1959 609 2009 picumnus
630 1972 665 2010 p.
688 1956 772 1997 518
801 1958 896 1997 haec
925 1957 1100 1996 exbibet:
1134 1959 1286 1997 Fabius
1307 1959 1448 1997 Pictor
1468 1970 1606 1997 rerum
1623 1970 1692 2006 ye-

153 2028 310 2061 starum
336 2025 402 2062 lib.
425 2023 464 2062 I:
504 2022 570 2062 ‘Et
601 2027 721 2063 simul
748 2025 941 2062 uidebant
962 2026 1104 2073 picum
1132 2020 1344 2062 Marte'um’
1372 2019 1438 2073 (fr.
1461 2019 1518 2076 3).
1564 2023 1693 2061 Idem

155 2090 221 2127 lib.
248 2091 352 2127 iuris
369 2091 576 2138 pontificii
602 2089 690 2127 III:
724 2087 924 2128 ‘Pe'lumno
953 2096 990 2128 el
1018 2087 1241 2128 Picumno?
1287 2088 1400 2126 uides
1433 2089 1554 2138 igitur
1582 2087 1691 2126 illum

157 2151 203 2190 31)
232 2151 369 2190 eodem
397 2152 515 2190 Fabio
543 2152 708 2203 Pictore,
736 2166 755 2192 a
783 2167 858 2205 quo
887 2154 1056 2205 annales,
1085 2155 1202 2193 etiam
1230 2155 1328 2192 iuris
1354 2154 1546 2204 pontificii
1572 2152 1694 2191 libros

156 2218 392 2268 compositos
432 2230 517 2256 esse
557 2219 814 2257 existimasse.
867 2221 980 2258 cuius
1019 2220 1214 2270 opinionis
1254 2220 1467 2257 auctoritas
1510 2220 1691 2269 quamuis

156 2288 318 2334 propter
337 2282 454 2321 Nonii
482 2289 682 2334 stuporem
711 2290 748 2322 et
775 2284 975 2323 leuitatem
1002 2297 1123 2335 parua
1152 2286 1213 2334 sit,
1240 2290 1370 2322 tamen
1398 2283 1498 2322 nihil
1525 2289 1594 2334 est,
1623 2296 1693 2322 cur

157 2348 202 2386 ab
232 2360 275 2386 ea
303 2348 545 2399 recedamus,
572 2350 805 2399 praesertim
834 2362 923 2388 cum
951 2349 1042 2388 inde
1070 2362 1089 2388 a
1117 2351 1243 2400 capite
1265 2349 1329 2387 Vll
1357 2361 1445 2387 eum
1467 2361 1582 2387 usum
1605 2361 1691 2387 esse

158 2413 329 2451 sontibus
356 2413 471 2464 plane
498 2415 612 2452 nouis
634 2414 881 2465 diuersisque
905 2428 924 2453 a
944 2414 1143 2466 prioribus
1165 2415 1205 2454 L.
1226 2414 1438 2453 Muellerus
1461 2410 1513 2467 (ll
1535 2427 1570 2465 p.
1588 2410 1692 2466 171>

156 2480 372 2530 monuerit3
399 2478 462 2517 hic
490 2480 594 2517 enim
621 2479 730 2518 locus
757 2485 884 2518 exstat
910 2481 949 2518 in
978 2492 1060 2530 cap.
1082 2479 1162 2518 XII.
1204 2479 1279 2518 vid.
1302 2491 1420 2530 supra
1446 2492 1482 2530 p.
1505 2488 1631 2518 LXIII.

254 2630 285 2672 1)
311 2629 384 2663 alio
417 2640 554 2672 quoque
586 2629 677 2664 libro
710 2629 808 2673 quod
840 2629 955 2673 uulgo
988 2629 1180 2670 inseritur,
1218 2628 1323 2663 nulla
1356 2629 1487 2663 nititur
1520 2629 1689 2663 codicum

158 2681 390 2715 auctoritate.

252 2736 285 2777 2)
312 2733 423 2775 Infra,
443 2746 489 2769 ne
504 2735 593 2778 quid
616 2735 772 2777 deesset,
794 2738 1015 2780 apparatum
1038 2736 1206 2770 criticum
1229 2736 1281 2770 eis
1302 2735 1523 2781 fragmentis
1538 2735 1690 2777 subieci,

158 2798 252 2831 quae
280 2799 321 2821 ex
349 2788 564 2822 coniectura
589 2789 646 2822 his
673 2789 763 2823 iuris
788 2789 972 2833 pontificii
997 2789 1102 2823 libris
1129 2789 1329 2833 adsignata
1356 2792 1458 2831 sunt,
1493 2800 1572 2822 eum
1608 2788 1690 2821 aliis

157 2852 200 2875 ex
227 2841 423 2875 annalibus
451 2844 599 2886 sumpta
625 2852 704 2876 esse
731 2842 938 2877 uideantur.
