2002 3342
637 188 674 222 L.
703 187 889 222 CINCIVS
917 188 1197 223 ALIMENTVS
1593 206 1684 235 cvn

150 300 250 339 lunii
278 299 511 350 Gracchani,
539 300 578 337 C.
601 299 766 337 Gracchi
794 301 908 337 amici
937 297 1133 352 (Funaioli
1160 313 1195 351 p.
1215 298 1267 340 15
1284 313 1339 351 sq.
1365 299 1465 354 120)
1480 299 1525 354 ¹),
1552 303 1683 341 Aelius

150 372 296 415 autem,
329 366 440 403 cuius
468 363 750 403 consuetudine
779 370 817 403 et
851 366 1078 415 magisterio
1106 365 1225 403 Varro
1254 372 1292 404 et
1320 366 1456 405 Cicero
1492 369 1552 405 usi
1581 375 1683 417 sunt,

146 432 260 469 initio
296 429 441 468 saeculi
475 430 630 480 septimi
663 429 708 467 al)
742 442 778 467 u.
807 442 838 467 c.
867 436 981 468 natus
1016 436 1102 480 post
1136 428 1256 469 3510.
1279 429 1364 469 6⁴54
1396 437 1574 471 mortuus
1607 440 1683 483 est,

149 495 318 547 denique
362 496 576 533 sententias
614 494 771 533 illorum
811 494 911 545 apud
952 494 1119 533 Macrob.
1152 493 1352 546 1,12>,15
1393 503 1479 548 post
1520 509 1609 536 eum
1646 504 1683 536 et

149 561 361 599 Varronem
398 559 542 599 claudit
570 560 728 598 Verrius
757 559 936 610 Flaccus,
969 561 1036 611 qui
1063 565 1220 599 exactae
1252 563 1390 599 aetatis
1424 562 1495 600 sub
1523 562 1681 601 Tiberio

143 625 329 676 decessit,
358 638 483 676 neque
506 626 713 676 quisquam
741 626 920 675 scriptor,
948 625 1183 675 quibuscum
1208 638 1227 663 a
1250 626 1365 664 Festo
1388 627 1451 665 uel
1474 627 1597 666 Gellio
1618 628 1680 666 uel

148 690 342 729 Macrobio
370 690 432 728 uel
453 690 623 728 Arnobio
651 691 805 739 citatur,
834 689 898 727 illo
921 690 1084 728 inferior
1106 691 1189 741 suit,
1217 703 1452 742 quamquam
1476 692 1521 730 de
1544 693 1680 731 ordine
1737 687 1741 694 ¹

146 757 313 805 agminis
346 767 461 805 saepe
494 756 681 806 uariatur,
717 761 759 793 ut
792 754 889 793 nihil
922 755 1013 793 hinc
1046 754 1093 793 ad
1127 757 1212 794 eius
1246 755 1374 794 locum
1413 756 1677 796 deliniendum

147 820 355 870 redundet,
393 821 468 858 nisi
502 833 591 858 eum
625 820 737 871 paulo
771 825 859 871 post
886 820 1099 859 Varronem
1134 826 1221 859 ante
1256 821 1437 860 Verrium
1472 824 1679 873 scripsisse

146 882 323 938 uide1·i.2)

236 951 396 989 Restant
430 951 527 989 duae
561 963 641 1001 res,
675 962 773 1001 quae
807 950 1040 1001 quibusdam
1077 950 1180 989 haud
1215 953 1345 1002 exigui
1372 954 1560 991 momenti
1592 965 1677 991 esse

140 1017 252 1054 uisae
286 1021 386 1054 sunt.
426 1017 597 1066 primum
625 1016 729 1053 enim
757 1015 916 1054 Cincius
943 1015 1046 1067 apud
1073 1015 1241 1055 Gellium
1269 1014 1409 1067 (16‚4‚
1430 1014 1472 1070 1)
1506 1017 1676 1056 fetialem

144 1093 190 1119 ex
224 1080 357 1132 populi
384 1081 547 1119 Romani
575 1082 769 1119 sententia
796 1080 938 1132 populo
965 1081 1236 1120 Hermundulo
1264 1081 1410 1120 bellum
1438 1082 1677 1122 indicentem

140 1147 250 1197 facit,
283 1146 386 1185 unde
415 1159 503 1185 cum
534 1147 627 1184 haec
654 1145 1016 1184 Hermundulorum
1043 1148 1190 1185 mentio
1219 1152 1417 1198 tamquam
1450 1148 1584 1186 infesti
1611 1161 1677 1199 po-

138 1211 224 1263 puli
257 1211 426 1263 exempli
460 1217 548 1250 ante
576 1211 726 1250 Tiberii
760 1211 1030 1262 expeditiones
1061 1213 1173 1250 annis
1200 1210 1238 1251 4.
1269 1210 1352 1250 757
1381 1218 1420 1251 et
1451 1214 1675 1264 insequenti

142 1277 263 1316 factas
292 1276 326 1316 ‘a
347 1277 482 1315 Rheno
509 1289 634 1328 usque
662 1276 709 1315 ad
736 1277 883 1315 ssumen
904 1276 1043 1328 Albim,
1071 1279 1138 1328 qui
1160 1277 1402 1316 Semnonum
1424 1278 1675 1317 Hermundu-

142 1355 354 1394 rorumque
376 1343 465 1381 finis
485 1340 744 1393 praeterfluit⁷
767 1338 921 1394 (Vellei.
938 1340 975 1392 2,
994 1340 1089 1392 106,
1105 1339 1162 1395 2),
1184 1344 1248 1381 uix
1270 1348 1355 1394 apta
1378 1349 1494 1394 esset,
1515 1344 1676 1382 Momm·

141 1420 211 1446 sen
239 1409 278 1446 in
305 1407 478 1446 chronol.
505 1420 540 1458 p.
563 1405 647 1445 318
676 1420 712 1445 n.
737 1405 790 1446 10
824 1407 944 1446 libros
979 1407 1024 1446 de
1059 1420 1101 1446 re
1135 1407 1297 1446 militari
1330 1415 1418 1459 post
1450 1409 1520 1447 hos
1554 1422 1676 1448 annos

140 1474 386 1524 conscriptos
414 1485 500 1511 esse
522 1474 773 1511 existimauit.
801 1478 838 1511 at
859 1485 1052 1524 nusquam
1080 1479 1162 1511 tum
1184 1473 1466 1512 Hermundulis
1493 1474 1556 1513 uel
1578 1474 1675 1513 Her—

137 1537 358 1588 munduris,
386 1550 482 1588 quos
504 1550 593 1576 cum
615 1537 877 1576 Semnonibus
898 1543 1006 1576 trans
1027 1538 1155 1577 Albim
1177 1538 1389 1578 incoluisse
1412 1545 1450 1578 et
1471 1552 1516 1578 ex
1538 1539 1673 1578 uerbis

141 1603 347 1641 x'elleianis
375 1609 411 1641 et
440 1615 485 1640 ex
515 1603 705 1641 Strabone
732 1599 886 1655 (7,1‚3
914 1617 949 1654 p.
967 1600 1071 1657 290)
1101 1608 1346 1655 compertum
1375 1604 1581 1653 habemus,
1615 1606 1673 1643 in-

140 1668 259 1706 latum
287 1680 374 1707 esse
401 1668 548 1706 bellum
574 1681 702 1719 neque
731 1669 904 1719 exceptis
942 1668 1093 1707 duobus
1121 1668 1199 1707 illis
1227 1669 1323 1708 locis
1351 1671 1509 1708 omnino
1537 1683 1675 1709 eorum

139 1735 377 1772 mentionem
411 1735 594 1772 iniectam
629 1746 715 1772 esse
750 1734 986 1772 inuenimus.
1028 1746 1143 1784 quam
1177 1734 1224 1772 ob
1259 1747 1343 1773 rem
1376 1747 1516 1785 magno
1553 1748 1673 1786 opere

139 1798 380 1849 dubitamus,
416 1811 509 1837 num
544 1810 585 1837 re
617 1811 711 1837 uera
746 1798 810 1837 illo
847 1804 1023 1849 tempore
1056 1799 1419 1838 Hermundulorum
1453 1813 1595 1839 nomen
1634 1802 1673 1838 in

133 1865 313 1902 omnium
340 1876 406 1902 ore
435 1865 487 1902 ita
515 1864 648 1914 suerit,
682 1869 724 1903 ut
751 1864 822 1902 hoc
856 1865 1105 1915 potissimum
1132 1866 1290 1903 nomine
1318 1864 1365 1903 ad
1400 1864 1587 1916 populum
1616 1867 1674 1904 in-

138 1930 281 1967 festum
310 1928 610 1979 significandum
637 1935 724 1980 apte
751 1935 931 1968 uteretur
951 1929 1123 1980 Cincius,
1151 1935 1190 1968 et
1215 1929 1289 1968 hoc
1314 1943 1437 1969 unum
1466 1932 1560 1969 satis
1586 1944 1673 1969 esse

134 1994 318 2033 uideatur
345 1993 391 2032 ad
417 1993 522 2032 illam
551 1994 597 2033 de
627 1994 752 2033 Cincii
779 2000 903 2033 aetate
930 1995 1156 2046 opinionem
1185 1995 1453 2034 euertendam.

234 2158 266 2199 1)
292 2155 432 2190 Merkel
459 2156 565 2191 Ouid.
587 2156 670 2190 fast.
698 2168 732 2200 p.
748 2169 866 2191 Lxxv1.
906 2156 1020 2191 Hertz
1046 2169 1081 2201 p.
1099 2160 1155 2190 67.

232 2211 265 2253 ⁶2)
290 2209 372 2243 Vid.
394 2209 487 2244 Fest.
509 2222 543 2254 p.
560 2213 644 2243 339:
678 2210 793 2245 Varro
814 2231 858 2235 —
879 2211 933 2245 ait
952 2230 1007 2245 —.
1035 2211 1129 2245 idem
1148 2211 1222 2253 fere
1241 2211 1404 2246 sentiunt
1424 2210 1578 2246 Sinnius
1602 2211 1670 2246 Θα-

128 2263 209 2306 pito
248 2267 280 2297 et
314 2263 471 2298 Cincius.
512 2262 605 2297 Gell.
628 2268 659 2305 7,
676 2267 770 2305 15,5
804 2263 893 2308 (uid.
922 2276 955 2308 p.
975 2276 1031 2298 cxv
1058 2265 1133 2298 not.
1159 2265 1204 2309 4).
1245 2263 1386 2298 Charis.
1414 2276 1448 2309 p.
1473 2268 1556 2299 132:
1592 2266 1671 2300 licet

143 2317 259 2350 Varro
285 2320 317 2351 et
345 2317 487 2351 Tullius
513 2320 545 2351 et
572 2317 720 2352 Cincius
746 2338 791 2342 -
816 2318 926 2352 huius
952 2318 1107 2362 Sarapis
1132 2322 1164 2352 et
1189 2318 1299 2352 huius
1324 2318 1398 2352 Isis
1424 2318 1607 2361 dixerint;
1631 2318 1671 2352 in

133 2368 289 2403 Arnobii
303 2369 425 2403 indice
440 2371 485 2414 (3,
502 2371 557 2413 38)
580 2381 642 2404 sex
662 2371 830 2404 ueterum
851 2371 1177 2414 grammaticorum
1192 2370 1366 2405 ultimum
1386 2371 1509 2405 locum
1523 2371 1670 2405 Cincius

130 2422 287 2465 obtinet,
315 2423 352 2456 in
379 2423 586 2465 iteratione,
614 2435 686 2467 qua.
712 2424 995 2469 redarguuntur,
1023 2424 1295 2468 paenultimum
1322 2426 1425 2468 (ante
1448 2424 1667 2468 Manilium).

132 2475 239 2516 Quod
267 2486 288 2509 a
313 2476 478 2511 Varrone
511 2476 556 2511 de
582 2476 605 2511 l.
627 2476 649 2510 1.
673 2481 704 2521 6,
721 2481 763 2511 33
797 2477 1020 2522 exscriptam
1052 2488 1131 2511 esse
1165 2476 1284 2512 Cincii
1317 2478 1364 2512 dc
1395 2488 1521 2512 mense
1548 2478 1668 2521 Aprili

133 2529 353 2563 sententiam
375 2530 478 2574 apud·
494 2530 654 2565 Macrob.
679 2535 708 2572 1,
727 2535 780 2573 12,
799 2535 840 2565 12
867 2531 975 2564 Hertz
996 2543 1030 2575 p.
1049 2535 1091 2565 74
1107 2542 1159 2574 sq.
1188 2530 1397 2575 suspicatus
1419 2533 1503 2565 ante
1530 2542 1669 2565 annum

135 2586 190 2616 46.
219 2585 303 2624 708,
331 2594 402 2626 quo
430 2583 475 2617 de
500 2583 631 2629 lingua
656 2583 791 2618 Latina
818 2584 976 2618 scribere
1004 2583 1127 2628 coepit
1153 2583 1287 2625 Varro,
1316 2583 1433 2618 Cincii
1460 2583 1595 2617 librum
1623 2584 1668 2617 de

135 2634 241 2669 fastis
262 2636 507 2679 compositum
528 2647 607 2671 esse
627 2636 797 2678 coniecit,
818 2640 858 2670 ut
878 2636 953 2671 alia
974 2636 1157 2680 omittam,
1178 2636 1325 2671 Cincius
1347 2637 1464 2671 falsae
1480 2637 1667 2681 opinionis

134 2690 303 2723 auctores
325 2700 390 2732 per
411 2689 622 2732 ‘quosdam’
647 2689 884 2735 significauit,
913 2689 1028 2724 Varro
1049 2690 1149 2734 ipsos
1171 2690 1392 2733 nominauit,
1418 2692 1499 2724 tum
1520 2690 1667 2724 Cincius

132 2741 171 2775 in
199 2741 425 2776 carminibus
453 2742 658 2777 Saliaribus
685 2745 830 2777 tantum
856 2743 966 2777 modo
990 2743 1144 2778 Veneris
1171 2743 1321 2778 laudem
1348 2743 1528 2777 celebrari
1554 2753 1667 2787 nega-

131 2795 198 2836 uit,
226 2795 343 2830 Varro
370 2807 406 2830 se
433 2807 636 2840 numquam
664 2797 741 2831 eius
768 2807 903 2831 nomen
922 2797 961 2830 in
988 2797 1152 2841 antiquis
1178 2797 1316 2831 litteris
1344 2797 1531 2831 inuenisse
1552 2798 1666 2831 testa-

130 2850 199 2882 tur.
240 2850 396 2892 utroque
422 2849 538 2894 igitur
563 2849 644 2884 loco
671 2851 896 2895 scriptorem,
923 2850 983 2884 cui
1010 2852 1246 2892 successerat,
1274 2850 1474 2895 suppleuit.
