2002 3342
298 211 361 240 LII
861 195 1265 231 PROLEGOMENON

299 303 521 362 (2424),
557 307 692 345 decem
726 308 838 345 annis
871 311 960 357 post
992 307 1253 345 confidentius
1286 306 1431 345 bellum
1464 307 1681 357 gerendum
1709 309 1832 346 susci-

299 377 410 423 peret
437 377 473 410 et
501 373 643 410 eximia
671 384 739 409 sua
767 371 989 422 eloquentia
1016 372 1056 408 in
1083 371 1184 409 hello
1210 373 1269 410 uti
1294 371 1426 410 mallet
1447 384 1563 423 quam
1591 377 1751 410 strenue
1780 373 1832 410 ia-

300 449 388 475 cere
417 432 587 490 (10,19,
605 434 630 473 6
648 449 731 487 sqq.
765 436 811 474 cf.
841 450 871 474 c.
893 432 1043 490 QG),
1079 436 1231 475 nobiles
1264 442 1394 475 autem
1427 436 1545 475 Fabio
1579 437 1833 487 obiectantes,

301 501 404 553 quod
426 501 643 540 modestius
661 502 829 552 Appium
850 502 891 539 in
912 501 1117 540 consulatu
1140 501 1327 551 collegam
1351 502 1514 551 fugisset
1533 507 1576 540 ut
1596 499 1834 552 ‘eloquentia

300 567 564 617 ciuilibusque
586 566 736 604 artibus
757 566 861 604 haud
878 566 994 605 dubie
1009 564 1290 617 praestantem’
1314 562 1403 619 (10,
1422 564 1486 616 15,
1504 564 1589 618 12).
1619 568 1834 617 quaeritur,

298 645 392 670 num
420 633 496 670 iam
517 632 714 670 Pictorem
742 637 818 670 tam
847 633 944 670 scite
971 636 1053 669 arte
1082 630 1238 669 dicendi
1266 644 1381 669 usum
1409 643 1496 669 esse
1517 631 1835 670 existumandum

300 699 361 735 sit.
402 710 421 734 a
450 696 724 747 probabilitate
761 702 867 735 certe
903 709 1031 747 neque
1065 697 1137 734 hoc
1171 696 1356 734 abhorret
1388 708 1515 747 neque
1550 708 1639 734 eum
1670 696 1788 735 rebus
1815 709 1834 734 a

300 762 535 800 Cunctatore
569 764 690 812 gestis
722 761 933 800 Maximum
960 761 1184 799 Rullianum
1218 773 1447 811 exornasse,
1481 760 1521 799 id
1553 760 1657 811 quod
1690 762 1835 799 factum

300 839 385 865 esse
408 826 676 877 compluribus
699 826 888 877 exemplis
913 826 1223 864 demonstratum
1246 822 1353 878 esffl)
1382 827 1471 876 quis
1492 827 1596 864 enim
1615 825 1703 864 illas
1724 838 1835 864 accu-

301 893 423 930 ratius
461 897 717 942 cognouerat,
757 905 873 942 quam
911 893 996 930 eius
1032 891 1191 941 gentilis
1229 896 1267 928 et
1303 889 1507 941 aequalis?
1547 890 1616 929 sed
1652 891 1836 941 quoniam

300 957 432 995 Pictor
457 957 594 995 babuit
619 958 658 995 in
680 970 747 995 sua
771 962 897 1007 gente,
925 957 992 1007 qui
1012 958 1049 994 ei
1075 955 1344 1006 succederent,
1371 956 1444 994 hoc
1468 968 1538 1006 pro
1561 962 1668 994 certo
1689 967 1835 1006 ponere

300 1035 377 1060 non
412 1022 553 1072 audeo,
591 1022 685 1060 illud
718 1022 815 1060 mibi
850 1026 1019 1072 constat,
1052 1022 1201 1060 ueteris
1229 1020 1439 1059 simultatis
1466 1033 1544 1059 non
1577 1022 1835 1059 inmemorem

302 1100 391 1126 eum
414 1087 597 1126 Claudiae
625 1089 754 1138 gentis
782 1086 917 1125 laudes
945 1086 1130 1125 ciuilibus
1157 1085 1308 1124 artibus
1336 1087 1559 1125 coercuisse
1586 1088 1836 1137 ingeniisque

302 1154 386 1191 eius
414 1158 451 1191 et
477 1152 653 1190 moribus
680 1152 782 1190 ultra
809 1153 1016 1190 ueritatem
1047 1157 1085 1190 et
1111 1152 1346 1201 aequitatem
1374 1150 1669 1190 obtrectauisse.

391 1218 468 1255 Suo
505 1219 626 1268 igitur
662 1218 747 1255 iure
785 1216 1017 1255 Ciceronem
1054 1221 1091 1254 et
1130 1215 1286 1254 Liuium
1323 1217 1481 1254 omnino
1519 1215 1565 1254 de
1602 1215 1837 1254 familiarum

300 1282 517 1321 mendaciis
550 1283 766 1332 uitiataque
793 1282 982 1319 memoria
1010 1285 1170 1331 questos
1198 1293 1284 1319 esse
1317 1281 1452 1319 multis
1480 1280 1670 1331 exemplis
1702 1280 1839 1319 didici-

301 1360 401 1398 muS,
429 1347 497 1385 sed
525 1349 642 1385 etiam
671 1347 743 1385 alia
771 1348 935 1396 ratione,
961 1351 1004 1384 ut
1030 1358 1164 1397 spero,
1191 1345 1230 1384 id
1257 1345 1588 1384 confirmabimus.
1627 1358 1717 1384 nam
1744 1358 1838 1397 quo-

301 1414 406 1451 niam
427 1412 645 1450 Mommsen
674 1407 742 1464 (R.
764 1412 807 1450 F.
828 1411 844 1449 I
865 1423 900 1461 p.
922 1407 1173 1464 107—110)
1203 1422 1268 1449 eas
1295 1416 1463 1461 gentes
1486 1412 1720 1461 patricias
1748 1423 1839 1449 con-

302 1478 534 1528 sularesque
561 1489 639 1515 uno
668 1481 883 1527 conspectu
911 1475 1138 1527 complexus
1167 1480 1237 1526 est,
1265 1488 1364 1526 quae
1386 1477 1426 1513 in
1452 1477 1641 1514 memoria
1667 1475 1840 1514 Romana

302 1556 379 1581 non
412 1543 692 1581 inuenirentur
726 1542 821 1579 nisi
859 1546 965 1580 ante
1003 1553 1034 1579 a.
1057 1538 1165 1579 366.
1189 1538 1306 1591 388,
1342 1541 1448 1579 hunc
1479 1540 1766 1592 perlustrantes
1803 1546 1841 1579 et

303 1621 392 1647 cum
424 1608 588 1646 historia
623 1607 872 1645 conferentes
899 1605 1019 1644 multa
1052 1606 1151 1644 mira
1178 1618 1249 1644 nos
1280 1605 1494 1645 offendunt.
1533 1607 1706 1657 primum
1734 1607 1839 1644 enim

303 1686 349 1712 ex
370 1673 432 1711 his
454 1674 614 1723 triginta
631 1672 781 1710 duabus
803 1671 850 1710 de
871 1671 1098 1722 quindecim
1119 1670 1302 1722 gentibus
1324 1670 1469 1721 singuli
1490 1670 1696 1710 consulatu
1717 1671 1843 1709 functi

304 1744 411 1788 sunt,
447 1738 493 1776 de
528 1739 652 1776 ternis
686 1738 806 1787 terni,
835 1737 881 1775 de
917 1736 1066 1775 duabus
1101 1737 1301 1787 quaterni,
1335 1735 1381 1774 de
1411 1749 1487 1775 una
1523 1737 1697 1787 quinque
1725 1742 1840 1787 atque

305 1798 372 1856 (de
408 1802 605 1852 Verginiis
635 1797 845 1855 Tricostis)
887 1803 1003 1840 etiam
1042 1800 1226 1839 undecim
1265 1801 1329 1840 uel
1371 1801 1417 1840 de
1456 1801 1518 1840 his
1557 1802 1842 1852 quinquaginta

303 1873 489 1919 quattuor
515 1866 744 1905 consulibus
770 1866 956 1905 undecim
982 1866 1086 1905 binis
1113 1866 1399 1917 consulatibus,
1435 1865 1509 1905 duo
1541 1867 1685 1917 ternis,
1719 1867 1842 1905 ceteri

304 1932 482 1983 singulis,
511 1932 806 1983 triumpharunt
833 1937 963 1970 autem
990 1937 1070 1970 tres
1098 1936 1234 1984 gentes
1263 1931 1403 1982 semel,
1429 1943 1507 1970 una
1533 1931 1612 1983 his3
1641 1936 1678 1969 at
1704 1931 1842 1969 eodem

304 1999 493 2049 temporis
526 1999 651 2048 spatio
680 1994 732 2043 (a.
754 1994 852 2036 509.
875 1994 1121 2035 245—367.
1143 1992 1249 2051 387)
1286 1996 1332 2035 de
1365 1996 1450 2035 aliis
1483 1997 1625 2047 uiginti
1658 1996 1842 2047 gentibus

309 2062 625 2114 quattuordecim
651 2063 739 2113 plus
765 2075 883 2113 quam
914 2067 1048 2100 ternos
1076 2061 1301 2100 consulatus
1328 2061 1515 2100 uiderunt
1543 2057 1681 2114 (Fabia
1708 2067 1746 2101 et
1776 2062 1841 2100 Va-

304 2129 402 2168 leria
435 2134 647 2179 quaternos
682 2128 820 2178 denos,
854 2128 971 2166 Furia
1005 2126 1141 2165 decem
1175 2122 1286 2180 etc),
1319 2128 1433 2165 annis
1460 2124 1558 2165 366.
1581 2124 1840 2166 388-200.

306 2191 392 2233 554
426 2193 606 2231 Cornelia
634 2190 707 2244 28,
742 2192 860 2231 Fabia
890 2190 964 2243 25,
994 2192 1142 2230 Valeria
1169 2190 1244 2243 21,
1284 2191 1443 2230 Claudia
1473 2189 1544 2242 19,
1577 2191 1740 2230 Aemilia
1770 2189 1841 2244 183

306 2258 526 2309 similisque
560 2259 657 2296 ratio
685 2263 744 2297 est
771 2257 1021 2296 tribunorum
1048 2256 1216 2295 militum
1250 2257 1449 2295 consulari
1479 2262 1691 2308 potestate,
1726 2269 1842 2308 quem

305 2324 579 2373 magistratum
602 2323 647 2362 de
664 2324 868 2361 exstinctis
890 2322 1073 2374 gentibus
1088 2322 1251 2373 adeptae
1267 2327 1358 2361 sunt
1379 2327 1530 2373 septem
1546 2318 1689 2375 (uicies
1705 2327 1843 2373 quater

307 2384 421 2442 fere),
447 2387 493 2427 de
515 2388 601 2427 aliis
623 2388 726 2427 solae
748 2394 884 2439 gentes
906 2387 1098 2439 Cornelia,
1119 2387 1248 2436 Furia,
1263 2387 1415 2426 Valeria
1434 2388 1622 2426 maiorem
1642 2387 1706 2425 uel
1726 2386 1841 2438 paulo

306 2454 500 2491 minorem
536 2466 746 2492 numerum
784 2450 885 2506 (fere
919 2450 986 2492 29.
1008 2450 1076 2491 23.
1098 2449 1226 2507 22).2)
1274 2458 1389 2504 atque
1422 2452 1462 2491 hi
1495 2451 1654 2503 quidem
1690 2451 1841 2491 indices

306 2517 560 2556 multifariam
587 2520 726 2556 mutati
754 2524 791 2557 et
822 2518 992 2569 suppleti
1020 2523 1122 2568 sunt,
1156 2530 1246 2556 cum
1268 2517 1484 2556 decemuiri
1512 2516 1752 2556 dubitatione
1780 2529 1841 2555 ca-

308 2588 431 2633 reant,
465 2582 510 2621 de
538 2583 681 2634 quibus
708 2596 739 2621 a.
759 2581 858 2622 451.
880 2581 966 2622 303
994 2588 1178 2634 quattuor
1205 2595 1251 2621 ex
1279 2583 1483 2621 exstinctis
1510 2581 1693 2632 gentibus
1720 2582 1842 2620 creati

308 2654 417 2700 sunt3
448 2649 580 2699 itaque
610 2648 750 2687 multas
777 2654 932 2700 gentes,
960 2660 1058 2699 quae
1084 2647 1187 2686 ultra
1214 2660 1245 2686 a.
1267 2645 1364 2686 366.
1387 2644 1472 2686 388
1500 2647 1736 2697 floruerunt,
1764 2648 1840 2685 iam

406 2797 437 2840 1)
464 2796 669 2830 Mommsen
697 2797 742 2832 R.
763 2797 810 2831 F.
831 2796 863 2830 II
889 2808 924 2840 p.
946 2799 1014 2830 283
1029 2808 1081 2839 sq.
1118 2795 1204 2830 Pais
1230 2796 1245 2829 Ι
1266 2799 1285 2829 2
1311 2807 1347 2840 p.
1364 2799 1431 2830 570
1447 2807 1499 2839 sq.

406 2852 439 2894 2)
466 2849 516 2884 Vt
542 2849 727 2894 scriptura
753 2850 923 2884 codicum
950 2849 1002 2884 sic
1030 2849 1144 2883 etiam
1170 2849 1400 2893 computatio
1426 2849 1569 2883 incerta
1595 2849 1660 2883 est.
