2002 3342
296 206 438 236 ccvm
631 192 694 226 DE
722 192 1028 227 SCRIPTORVM
1054 192 1176 227 Viris
1203 192 1263 227 ET
1291 192 1504 228 scaffris

297 316 440 342 nomen
474 303 563 341 latet
599 309 705 341 recte
734 316 753 341 a
782 303 1029 354 Schweglero
1064 305 1290 342 restitutum
1318 298 1384 357 (fr.
1408 300 1470 358 1),
1504 304 1625 343 311610
1656 317 1733 344 11011
1762 311 1834 356 651,

297 381 369 407 cnr
396 368 570 407 Coelium
599 367 802 407 diuersum
829 381 916 407 esse
949 381 1142 419 ponamus
1175 367 1221 406 ab
1247 369 1451 420 Antipatro
1480 364 1545 423 (fr.
1567 366 1654 424 52).
1700 371 1831 421 itaque

298 446 387 472 cum
415 433 580 472 111-311510
609 438 647 472 61
672 433 812 472 Rotbio
841 433 962 471 Gnaei
990 433 1105 472 Gellii
1131 446 1274 472 nornen
1302 434 1590 473 restituendum
1624 440 1699 486 est,
1733 448 1832 486 quae

298 500 461 537 mutatio
494 500 663 537 intuenti
696 498 876 537 codicum
910 500 1125 549 scripturas
1162 500 1227 537 uix
1261 500 1420 549 grauior
1452 501 1488 538 ei
1514 499 1732 551 uidebitur,
1765 501 1834 551 qui

297 563 413 602 Gellii
439 576 582 602 nomen
610 565 728 602 etiam
755 576 843 602 cum
872 563 1041 615 simplici
1068 567 1083 602 l
1109 566 1301 615 scriptum
1336 576 1422 603 esse
1449 566 1675 603 meminerit
1702 562 1769 617 (cf.
1793 565 1833 604 C.

296 629 323 667 I.
345 628 384 667 L.
405 629 420 667 I
448 641 483 668 n.
506 627 603 667 347.
625 626 708 668 877
738 634 776 668 et
804 629 885 667 cod.
908 629 1066 680 Neapol.
1090 631 1327 680 scripturam
1355 642 1386 668 a.
1408 642 1465 681 pr.
1486 642 1535 668 m.
1557 642 1593 680 p.
1614 627 1753 680 54‚25
1768 626 1833 683 K.)

295 699 413 745 atque
442 695 558 733 etiam
584 695 718 745 priore
740 694 863 733 Solini
884 694 968 732 loco
989 695 1028 732 in
1049 693 1230 745 pluribus
1251 694 1362 733 libris
1383 707 1475 733 mss.
1496 707 1567 746 pro
1593 696 1718 734 Gellio
1745 707 1833 734 esse

296 765 498 798 exaratum
525 760 657 799 Gellio.
702 759 859 798 Tertius
886 759 995 798 locus
1023 764 1083 798 est
1108 759 1224 798 Plinii
1251 757 1317 811 (fr.
1340 757 1397 813 8),
1425 761 1503 811 qui,
1532 773 1767 811 quamquam
1795 766 1834 799 et

297 826 338 863 in
372 824 501 864 indice
535 830 573 864 et
605 827 646 863 in
673 826 757 876 ipso
791 825 891 863 libro
919 824 1085 863 Gelliani
1111 837 1255 864 nomen
1283 830 1426 875 exstat,
1460 838 1549 864 cum
1583 825 1630 864 de
1658 824 1834 864 Gelliano

297 891 491 941 scriptore
525 892 684 929 omnino
714 890 811 929 nihil
839 902 912 928 nec
940 903 960 928 a
986 889 1112 928 Plinio
1139 902 1212 928 nec
1239 903 1260 928 a
1286 902 1482 941 quoquam
1512 890 1586 929 alio
1619 892 1835 930 memoriae

296 957 348 994 sit
374 955 562 994 traditum
589 961 628 994 et
648 955 763 994 Gellii
791 967 933 994 nomen
961 961 1050 994 ante
1073 955 1335 1006 Valerianum,
1362 957 1430 1006 qui
1449 961 1617 1007 utroque
1637 955 1721 995 loco
1743 968 1833 995 eum

295 1022 455 1072 excipit,
477 1020 660 1060 facillime
682 1022 850 1060 transire
871 1022 1045 1072 potuerit
1065 1022 1104 1059 in
1127 1020 1358 1072 Gallianum,
1381 1033 1400 1059 a
1422 1020 1535 1060 nobis
1557 1020 1692 1072 Gellio,
1716 1034 1833 1072 quem

296 1092 437 1138 quater
449 1088 585 1125 citauit
598 1086 761 1137 Plinius,
778 1086 1004 1137 adsignatus
1025 1092 1096 1125 est.
1129 1085 1208 1124 uid.
1224 1099 1259 1137 p.
1276 1095 1392 1125 CCIX.
1418 1086 1628 1125 Praeterea
1643 1086 1834 1125 Mercklin

296 1152 338 1190 in
371 1153 526 1191 obsera.
555 1154 611 1191 ad
641 1153 801 1191 Festum
828 1164 863 1203 p.
888 1149 941 1190 13
975 1147 1035 1205 (in
1067 1151 1198 1190 indice
1226 1151 1313 1190 lect.
1334 1150 1489 1203 Dorpat.
1514 1147 1645 1204 1860)
1681 1151 1833 1190 duobus

296 1218 383 1256 eius
411 1218 616 1268 scriptoris
643 1217 738 1255 locis
766 1216 833 1255 Cn.
856 1216 970 1255 Gellii
997 1229 1140 1255 nomen
1174 1216 1324 1255 lacunis
1356 1216 1539 1255 haustum
1572 1229 1658 1255 esse
1686 1222 1834 1267 censet,

297 1294 465 1333 quorum
492 1294 570 1320 uno
598 1295 633 1333 p.
655 1279 738 1321 351
769 1283 897 1332 agitur
925 1281 971 1320 de
999 1282 1237 1332 Talassione,
1267 1282 1392 1332 ipsius
1420 1287 1549 1320 autem
1576 1282 1832 1320 historiarum

297 1348 504 1398 scriptoris
536 1348 707 1385 nominis
740 1359 789 1385 116
822 1346 952 1386 1111613
986 1347 1145 1398 quidem
1181 1348 1221 1385 in
1258 1346 1392 1385 codice
1427 1346 1543 1386 hodie
1579 1348 1835 1399 conspicitur,

296 1411 419 1451 altero
448 1408 502 1465 (p.
527 1410 607 1451 181
638 1413 683 1450 fr.
707 1408 781 1465 64)
815 1412 969 1451 litterae
1004 1415 1083 1451 lius
1108 1414 1374 1451 historiarum
1407 1413 1554 1451 rectius
1582 1412 1724 1451 litteris
1757 1414 1835 1452 Coe

296 1479 551 1529 praepositis,
584 1484 627 1516 ut
652 1477 771 1528 uulgo
799 1478 945 1516 sactum
973 1483 1051 1528 est,
1088 1477 1330 1529 supplendae
1358 1490 1445 1516 esse
1471 1477 1568 1516 mihi
1594 1479 1704 1517 uisae
1731 1484 1834 1517 sunt.

297 1555 388 1581 nam
423 1542 578 1582 Coelius
615 1544 731 1582 etiam
769 1542 843 1581 alio
880 1543 964 1581 1060
1002 1538 1056 1596 (p.
1080 1540 1165 1582 352
1193 1543 1238 1582 fr.
1259 1539 1337 1596 47)
1371 1555 1390 1581 a
1427 1542 1541 1582 Festo
1581 1544 1723 1582 citatus
1763 1548 1834 1593 est,

298 1607 448 1647 Gellius
474 1621 679 1659 nusquam.
724 1610 856 1659 priore
884 1608 968 1647 loco
995 1610 1220 1647 coniectura
1250 1609 1442 1647 incertior
1469 1614 1544 1659 651,
1578 1621 1694 1660 quam
1722 1609 1834 1647 cuius

298 1675 397 1712 ratio
425 1673 626 1712 habeatur.

389 1738 466 1777 Sed
501 1751 623 1777 unum
660 1740 924 1789 fragmentum
960 1740 1077 1778 etiam
1113 1751 1157 1777 ex
1195 1751 1331 1777 eorum
1370 1751 1554 1790 numero,
1594 1751 1692 1790 quae
1732 1738 1836 1790 apud

298 1803 509 1843 Krausium
536 1804 657 1843 1131165
685 1801 739 1857 (p.
761 1801 879 1858 206),
907 1803 1146 1855 expulimus:
1181 1805 1232 1843 Ec
1265 1805 1425 1853 Gellius,
1453 1802 1601 1844 ‘Huius
1630 1802 1834 1854 (mamad,

299 1882 427 1920 neque
456 1871 561 1908 enim
588 1869 690 1921 apud
718 1870 951 1919 Charisium,
979 1871 1019 1908 in
1046 1882 1163 1920 quem
1190 1882 1212 1924 ax
1233 1869 1418 1908 Putschio
1446 1892 1501 1896 —
1529 1871 1662 1908 nescio
1690 1869 1834 1919 quibus

299 1935 528 1974 auctoribus
557 1957 609 1962 —
638 1936 836 1974 intrusum
864 1941 958 1986 erat,
984 1941 1237 1986 posteaquam
1267 1936 1300 1973 is
1327 1934 1489 1973 Henrici
1508 1934 1610 1973 Keili
1643 1947 1760 1986 opera
1788 1947 1835 1972 ex

301 2000 436 2039 codice
482 1999 736 2051 Neapolitano
776 2000 1007 2039 emendatus
1053 2006 1130 2051 651,
1173 2012 1278 2038 1111116
1317 1999 1470 2050 legitur.
1525 1999 1665 2039 Fateor
1703 2005 1835 2038 tamen

300 2067 419 2103 etiam
457 2064 503 2104 de
538 2065 623 2104 aliis
660 2066 889 2116 fragmentis
927 2066 1193 2116 suspicionem
1228 2065 1326 2103 mihi
1358 2064 1564 2103 subnatam
1597 2077 1702 2115 esse,
1741 2077 1836 2103 uum

300 2130 419 2169 11111115
447 2130 560 2169 Gellii
587 2136 735 2181 essent,
763 2132 837 2169 6151
865 2143 908 2169 63
936 2132 1065 2169 616616
1093 2142 1171 2168 11011
1199 2143 1285 2168 511111
1313 2142 1442 2169 3115115.
1487 2142 1585 2181 quae
1613 2132 1718 2168 enim
1747 2142 1836 2168 sen-

301 2197 440 2246 tentia,
469 2208 557 2234 cum
583 2197 623 2234 in
651 2196 892 2247 praefatione
919 2195 1033 2234 facile
1061 2195 1188 2234 locum
1215 2195 1361 2234 habere
1388 2201 1538 2247 posset,
1572 2208 1591 2233 a
1618 2207 1681 2234 me
1708 2196 1835 2246 primo

302 2260 386 2299 loco
420 2263 545 2312 posita
579 2267 653 2312 est,
694 2261 859 2300 eandem
892 2266 1049 2312 praeter
1081 2260 1249 2299 Gellium
1283 2262 1400 2299 etiam
1433 2260 1661 2300 Sallustium
1695 2266 1734 2299 et
1766 2259 1836 2298 Ca-

302 2332 434 2364 tonem
462 2327 501 2364 in
528 2326 680 2365 litteras
707 2326 906 2365 rettulisse
927 2327 1118 2378 Vopiscus
1146 2325 1251 2376 dicit,
1277 2325 1382 2364 unde
1410 2338 1498 2364 cum
1520 2325 1676 2364 Catonis
1703 2325 1838 2376 uerba,

301 2403 402 2442 quae
430 2390 494 2430 ille
520 2393 561 2429 iu
589 2393 718 2430 animo
744 2391 874 2442 1131161,
899 2391 1019 2430 Aulus
1042 2391 1189 2430 Gellius
1210 2391 1393 2430 noctibus
1420 2392 1501 2429 suis
1522 2391 1660 2429 Atticis
1682 2392 1836 2429 inseru-

302 2457 379 2494 erit
410 2453 510 2509 (Cat.
532 2458 627 2507 orig.
649 2457 693 2495 11.
717 2454 790 2509 83)
820 2456 1067 2508 Gelliumque
1100 2456 1333 2495 historicum
1359 2456 1548 2507 Vopiscus
1573 2457 1640 2494 uix
1667 2457 1837 2506 nouerit,

303 2534 349 2559 ex
378 2534 511 2560 errore
540 2521 707 2572 quodam
736 2534 805 2560 seu
826 2522 981 2573 Vopisci
1008 2534 1077 2561 seu
1105 2523 1189 2560 eius
1216 2534 1332 2572 quem
1359 2522 1642 2572 transscripsit,
1669 2520 1837 2559 Gellium

302 2588 602 2637 grammaticum
629 2589 668 2625 in
695 2587 974 2626 historicorum
1001 2599 1209 2626 numerum
1236 2586 1400 2625 inlatum
1427 2598 1514 2625 esse
1539 2585 1740 2637 probabile
1765 2591 1835 2624 est.

302 2651 377 2690 hoc·
404 2658 533 2690 autem
561 2665 675 2703 saepe
703 2654 848 2691 factum
877 2658 946 2703 651,
973 2659 1027 2703 111,
1055 2654 1088 2691 51
1113 2665 1159 2691 ex
1181 2653 1372 2703 scriptore
1394 2651 1521 2702 aliquo
1543 2650 1642 2689 alius
1663 2653 1835 2690 auctoris

303 2716 425 2755 uerba
453 2719 737 2769 reciperentur,
764 2719 972 2769 utriusque
994 2718 1197 2768 scriptoris
1220 2718 1378 2755 nomina
1398 2716 1730 2755 adscriberentur.
1762 2716 1836 2755 De-

304 2782 423 2832 nique
451 2784 567 2821 etiam
597 2782 643 2821 de
664 2796 741 2821 uno
761 2783 950 2822 Macrobii
969 2783 1053 2821 loco
1077 2778 1141 2835 (fr.
1159 2778 1234 2835 27)
1257 2781 1428 2820 dubitari
1447 2787 1586 2833 potest,
1613 2794 1707 2820 num
1728 2787 1836 2821 recte

305 2852 489 2898 receptus
517 2849 577 2886 sit.
622 2848 843 2887 Macrobius
871 2849 976 2887 enim
1004 2847 1068 2886 lib.
1084 2845 1123 2899 3,
1146 2845 1246 2886 e.17
1278 2847 1323 2885 de
1349 2846 1502 2898 legibus
1529 2847 1673 2886 Romae
1701 2852 1837 2886 contra
