2002 3342
270 203 416 232 xxxw
786 187 1118 223 PROLEGOMEN
1122 188 1187 224 ΟΝ

271 312 384 351 quam
421 300 466 338 de
499 301 690 338 maiorum
725 299 963 350 imaginihus
990 305 1029 338 et
1061 301 1278 338 stemmatis
1306 299 1421 353 egit):
1460 301 1656 340 Tabulina
1690 303 1798 340 codi-

271 367 384 404 cibus
404 367 674 414 implebantur
693 370 730 403 et
750 368 1052 404 monimentis
1072 377 1234 404 rerum
1256 368 1301 404 in
1322 369 1618 414 mayistratu
1635 372 1798 415 qesta-

270 442 383 468 rum.
429 443 527 480 quae
555 429 814 480 consuetudo,
851 431 925 468 etsi
958 431 1034 468 iam
1069 429 1221 479 legibus
1248 430 1411 469 Valeriis
1438 430 1608 469 Horatiis
1637 431 1799 469 arbitrio

269 495 524 546 periculoque
563 496 749 545 priuatim
788 494 1060 546 supprimendi
1102 495 1164 533 uel
1209 495 1375 533 uitiandi
1419 501 1578 534 senatus
1624 496 1799 535 consulta

271 566 427 598 cautum
455 565 540 598 erat
566 559 669 613 (Liu.
691 557 728 610 3,
751 557 818 609 55,
842 557 928 613 13),
957 573 1006 599 ne
1034 560 1235 599 Ciceronis
1263 560 1422 611 quidem
1449 561 1692 612 temporibus
1719 573 1799 599 om-

271 626 362 663 nino
402 625 626 663 aboleuerat
670 621 760 677 (pro
793 625 897 663 Sulla
930 623 993 676 14,
1015 622 1181 678 41sq.)‚
1222 637 1349 676 neque
1384 625 1430 663 de
1462 625 1546 676 lege
1588 626 1800 677 quidquam

270 691 512 741 accepimus,
546 702 621 741 qua
648 690 752 729 idem
781 690 826 728 de
853 690 1057 729 ueteribus
1082 691 1269 741 priuatim
1296 690 1516 729 adseruatis
1543 692 1799 729 constitutum

269 760 384 794 esset.
396 752 428 808 1)
480 757 611 806 itaque
645 757 762 794 etiam
789 755 997 806 Dionysius
1024 755 1362 794 Halicarnasensis
1388 755 1533 794 Romae
1559 756 1599 794 in
1627 755 1800 807 complu-

269 820 378 859 ribus
412 820 570 859 familiis
602 820 800 859 nobilibus
833 822 948 859 etiam
983 833 1075 859 suae
1103 822 1240 859 aetatis
1268 822 1469 859 censorios
1499 823 1800 859 commentarios

268 891 423 924 exstare
451 891 490 924 et
515 898 535 923 a
563 898 603 924 se
630 887 830 937 inspectos
856 897 943 924 esse
969 886 1182 923 memoriae
1209 885 1382 936 prodidit
1409 885 1709 936 exemplumque
1736 898 1800 924 ex-

268 951 439 1002 scripsit,
466 963 542 1002 quo
569 952 687 989 unius
715 953 905 1001 cuiusque
934 962 1124 989 censurae
1146 962 1211 989 res
1237 963 1323 989 esse
1350 952 1547 1001 expositas
1573 952 1801 1002 praemissis

268 1020 306 1054 et
333 1015 560 1055 consulibus
588 1021 626 1055 et
651 1017 763 1054 annis
790 1015 936 1054 liberae
964 1017 1021 1054 rei
1047 1015 1227 1066 publicae
1255 1012 1499 1069 discimus.2)
1545 1015 1648 1066 quod
1670 1021 1799 1054 autem

269 1081 308 1119 hi
334 1082 583 1131 potissimum
611 1082 883 1120 commentarii
911 1080 1063 1119 collecti
1089 1081 1201 1119 anxia
1228 1093 1322 1119 cura
1350 1085 1388 1119 et
1408 1082 1619 1132 separatim
1641 1093 1661 1119 a
1680 1082 1801 1131 patri-

267 1145 341 1184 bus
368 1146 553 1185 custoditi
580 1147 671 1185 tiliis
698 1146 832 1184 traditi
859 1152 960 1196 sunt,
988 1146 1083 1184 haee
1111 1145 1380 1196 exemplorum
1406 1147 1527 1197 copia,
1555 1147 1588 1184 si
1610 1147 1677 1197 qui
1698 1147 1800 1184 eius-

364 1304 396 1346 1)
423 1302 508 1336 Alia
535 1302 626 1336 ratio
655 1304 733 1336 erat
759 1313 884 1337 eorum
911 1301 1155 1347 collegarum,
1189 1301 1253 1345 qui
1278 1304 1521 1346 posteaquam
1548 1302 1714 1346 cooptati
1739 1302 1801 1337 uel

267 1355 365 1400 capti
389 1357 504 1399 erant,
526 1367 591 1400 per
604 1357 721 1390 totam
737 1356 855 1389 uitam
877 1355 1063 1389 communi
1077 1354 1228 1390 uinculo
1244 1355 1577 1399 coniungebantur,
1597 1355 1620 1391 i.
1637 1367 1666 1390 e.
1682 1367 1801 1390 saeer-

267 1409 407 1443 dotum.
452 1409 646 1453 pontifices
673 1409 825 1452 quidem
850 1410 893 1442 ut
920 1419 1024 1442 suam
1054 1419 1177 1442 arcam
1204 1408 1258 1442 ita
1285 1420 1391 1442 suum
1416 1408 1601 1442 tablinum
1626 1409 1802 1444 habuisse

266 1462 340 1496 iam
373 1473 486 1507 supra
519 1462 691 1496 uidimus.
744 1473 818 1505 qua
852 1462 898 1496 de
934 1473 1045 1496 causa
1081 1461 1206 1496 Liuius
1241 1461 1305 1496 ubi
1341 1461 1552 1496 uniuersam
1584 1463 1802 1497 memoriam

265 1514 402 1549 litteris
429 1517 676 1560 propagatam
703 1515 973 1560 complectitur,
1001 1515 1166 1559 queritur
1192 1516 1238 1559 (6,
1255 1520 1286 1558 1,
1301 1517 1347 1559 2),
1377 1515 1424 1549 ‘si
1448 1526 1544 1559 quae
1565 1515 1736 1560 (litterae)
1763 1516 1802 1550 in

266 1569 540 1603 commentariis
560 1568 780 1613 pontificum
800 1568 957 1612 aliisque
977 1568 1138 1613 publicis
1157 1568 1388 1613 priuatisque
1403 1571 1509 1602 erant
1522 1569 1800 1613 monumentis’,

265 1621 437 1656 incendio
465 1621 607 1656 Gallico
636 1621 862 1666 ‘plerasque'
891 1622 1062 1656 interisse
1088 1621 1347 1666 (Premerstein
1375 1623 1419 1657 R.
1442 1622 1489 1656 E.
1511 1621 1560 1656 IV
1587 1633 1617 1656 c.
1639 1624 1730 1668 755).

361 1677 395 1720 2)
423 1674 604 1709 archaeol.
628 1680 659 1717 1,
682 1679 736 1718 74,
758 1679 778 1709 5
799 1678 986 1719 Ληλοῦται
1007 1676 1046 1710 δὲ
1068 1677 1227 1719 (tempus
1251 1675 1296 1709 ab
1321 1675 1428 1709 initio
1450 1674 1663 1709 consulatus
1683 1687 1802 1720 usque

267 1728 314 1762 ad
340 1728 555 1763 incendium
582 1728 779 1773 Gallicum)
807 1729 842 1770 ἐξ
869 1728 987 1763 ἄλλων
1014 1741 1051 1762 τε
1078 1730 1220 1763 πολλῶν
1247 1729 1310 1763 καὶ
1335 1734 1409 1763 τῶν
1435 1728 1673 1773 καλουμένων
1696 1742 1801 1775 τιμη-

265 1788 377 1816 τικῶν
409 1781 696 1826 ὑπομνημάτων,
729 1781 751 1815 ἃ
785 1781 998 1827 διαδέχεται
1028 1789 1117 1822 παῖς
1150 1781 1254 1825 παρὰ
1286 1779 1428 1825 πατρὸς
1459 1782 1522 1816 καὶ
1548 1782 1631 1825 περὶ
1663 1784 1800 1817 πολλοῦ

265 1841 427 1870 ποιεῖται
463 1841 539 1876 τοῖς
576 1833 663 1879 μεθ’
695 1835 829 1870 ἑαυτὸν
866 1835 1054 1880 ἐσομένοις
1085 1834 1204 1878 ὥσπερ
1239 1835 1320 1878 ἱερὰ
1352 1838 1502 1882 πατρῷα
1534 1834 1799 1878 παραδιδόναι.

265 1889 392 1923 πολλοὶ
425 1887 460 1922 δ’
490 1889 584 1924 εἰσὶν
615 1886 689 1923 ἀπὸ
720 1894 794 1923 τῶν
824 1894 1024 1933 τιμητικῶν
1056 1888 1170 1923 οἴκων
1203 1888 1337 1931 ἄνδρες
1373 1889 1570 1932 ἐπιφανεῖς
1601 1888 1635 1923 οἱ
1662 1890 1800 1933 διαφυ-

264 1941 458 1982 λάττοντες
478 1941 587 1975 αὐτά·
611 1943 649 1977 ἐν
671 1939 726 1981 οἷς
746 1940 900 1984 εὑρίσκω
923 1941 1082 1988 δευτέρῳ
1097 1940 1278 1985 πρότερον
1300 1942 1371 1977 ἔτει
1390 1948 1453 1987 τῆς
1467 1941 1636 1982 ἁλώσεως
1653 1941 1800 1987 τίμησιν

265 1995 338 2029 ὑπὸ
364 2000 430 2030 τοῦ
451 1993 642 2039 Ῥωμαίων
669 1994 788 2038 δήμου
814 1994 1028 2040 γενομένην,
1056 1990 1078 2042 ᾗ
1102 1995 1412 2040 παραγέγραπται
1437 1994 1614 2038 καθάπερ
1635 1996 1699 2030 καὶ
1718 2003 1801 2036 ταῖς

266 2048 392 2088 ἄλλαις
417 2048 549 2094 χρόνος
569 2046 691 2088 οὗτος·
713 2046 981 2088 Ὑπατεύοντος
1000 2047 1161 2083 Λευκίου
1185 2047 1392 2092 Οὐαλερίου
1413 2047 1576 2084 Ποτίτου
1602 2049 1666 2083 καὶ
1689 2047 1800 2085 Τίτου

265 2102 436 2136 Maniov
463 2101 724 2136 Καπιτωλίνου
750 2104 796 2145 (a.
819 2102 934 2148 393s2.
957 2102 1075 2147 361s2)
1106 2102 1197 2145 μετὰ
1228 2102 1296 2147 τὴν
1328 2101 1484 2148 ἐκβολὴν
1515 2107 1589 2137 τῶν
1621 2102 1800 2148 βασιλέων

267 2155 350 2196 ἑνὸς
375 2155 498 2190 δέοντι
524 2155 674 2201 εἰκοστῷ
697 2155 760 2189 καὶ
782 2154 965 2202 ἑκατοστῷ
987 2156 1067 2190 ἔτει.
1107 2154 1282 2189 Censores
1304 2156 1383 2189 tum
1403 2155 1554 2190 fuerunt
1574 2155 1610 2190 C.
1625 2155 1741 2190 Iulius
1763 2158 1800 2191 et

265 2209 304 2243 L.
324 2208 494 2252 Papirius
522 2208 671 2251 Cursor,
710 2208 775 2252 qui
811 2210 957 2243 mortuo
997 2208 1143 2253 collega
1177 2208 1224 2242 M.
1254 2208 1463 2243 Cornelium
1500 2208 1799 2253 Maluginensem

266 2262 484 2307 subrogauit
508 2262 599 2305 (Liu.
621 2266 652 2304 5,
675 2265 730 2304 31,
753 2265 784 2296 6.
812 2266 843 2303 9,
866 2266 922 2304 34,
944 2264 1013 2306 20).
1058 2261 1157 2296 unde
1182 2261 1331 2296 tabulas
1357 2261 1453 2304 illas,
1481 2273 1573 2305 quas
1596 2261 1694 2295 uidit
1714 2262 1800 2297 Dio-

265 2316 409 2359 nysius,
443 2316 508 2348 aut
541 2326 584 2349 ex
617 2317 727 2360 gente
755 2315 850 2349 Iulia
885 2317 951 2349 aut
984 2325 1028 2349 ex
1058 2315 1209 2359 Papiria
1242 2316 1307 2349 aut
1339 2326 1383 2349 ex
1416 2315 1585 2350 Cornelia
1617 2315 1799 2360 originem

267 2369 416 2402 duxisse
441 2368 635 2411 probabile
661 2370 728 2402 est.
766 2368 894 2413 (Aliud
915 2368 1087 2413 Papiriae
1113 2369 1235 2413 gentis
1262 2368 1608 2403 commentariorum
1634 2368 1800 2412 priuato-

265 2434 348 2456 rum
373 2422 554 2455 indicium
580 2422 668 2455 Ihne
694 2421 790 2456 Hist.
812 2422 915 2456 Rom.
937 2422 952 2456 I
977 2434 1012 2466 p.
1032 2425 1100 2456 400
1128 2422 1166 2455 in
1192 2432 1237 2456 ea
1262 2432 1300 2456 re
1326 2422 1445 2456 inesse
1472 2421 1672 2465 existimat,
1699 2422 1799 2465 quod

266 2486 361 2519 quae
388 2486 445 2509 res
472 2486 494 2508 a
519 2474 677 2518 Papiriis
711 2475 748 2508 in
782 2475 1004 2509 Samnitium
1037 2475 1145 2509 bellis
1178 2477 1305 2519 gestae
1339 2477 1477 2519 essent,
1514 2474 1613 2509 ultra
1647 2475 1799 2509 modum

266 2530 398 2562 auctae
425 2528 524 2572 sint.)
575 2528 733 2562 Distinxi
769 2528 883 2573 igitur
915 2529 1009 2562 haec
1044 2528 1192 2573 priuata
1227 2528 1450 2562 documenta
1485 2539 1507 2562 a
1540 2527 1702 2572 publicis
1738 2528 1799 2563 uel

265 2581 403 2615 tabulis
429 2581 489 2616 uel
515 2581 619 2615 libris
644 2581 706 2616 uel
733 2582 1019 2625 commentariis,
1046 2592 1140 2626 quae
1168 2581 1285 2616 cuiuis
1313 2581 1518 2616 consulenti
1542 2581 1724 2625 patebant
1744 2582 1799 2626 (ut

266 2635 426 2669 Varroni
452 2635 705 2678 Ciceronique,
733 2635 779 2670 cf.
799 2636 1003 2669 Mommsen
1031 2635 1185 2670 Staatsr.
1206 2634 1257 2669 11²
1281 2647 1316 2680 p.
1339 2638 1418 2669 361.
1445 2635 1495 2669 ΠΙ
1515 2637 1608 2678 245),
1633 2634 1797 2678 itemque

267 2699 288 2722 a
314 2688 478 2722 numeris
505 2687 644 2722 ciuium
670 2699 880 2731 censorum,
920 2688 983 2732 qui
1011 2700 1032 2722 a
1058 2688 1236 2733 Dionysio
1261 2690 1306 2733 (4,
1328 2692 1384 2731 22,
1406 2691 1425 2721 2
1453 2688 1501 2728 ὡς
1528 2687 1568 2722 ἐν
1592 2693 1670 2728 τοῖς
1694 2701 1798 2732 τιμη-

265 2747 383 2782 τικοῖς
409 2740 561 2786 φέρεται
587 2740 809 2786 γράμμασιν)
840 2742 944 2776 citati
970 2742 1008 2775 in
1036 2741 1127 2775 aede
1152 2741 1411 2786 Nympharum
1438 2752 1459 2775 a
1486 2741 1565 2775 SeX.
1589 2740 1716 2775 Clodio
1742 2740 1797 2774 in—

267 2795 368 2829 censi
394 2796 492 2838 sunt,
519 2799 559 2829 ut
584 2796 790 2830 memoriam
810 2796 994 2838 publicam
1013 2796 1230 2830 recensionis
1254 2795 1390 2830 tabulis
1409 2795 1570 2839 publicis
1588 2795 1798 2838 impressam

266 2850 490 2894 eaetinyueret
516 2848 601 2893 (Cic.
630 2859 693 2892 pro
721 2848 799 2883 Mil.
821 2852 877 2891 27,
899 2851 969 2892 73).
