2002 3342
709 214 757 248 M.
780 214 980 249 PORCIVS
1007 214 1131 249 CATO
1550 230 1686 261 CXle

155 327 335 376 equitum
374 331 458 376 post
495 326 701 364 uictoriam
742 326 986 363 Cannensem
1026 325 1234 364 Hannibali
1273 326 1397 377 dedit,
1435 333 1477 365 ut
1516 340 1557 365 se
1597 341 1685 366 cum

155 392 330 441 equitatu
358 396 492 428 contra
519 390 681 428 Romam
709 391 900 440 mitteret,
934 390 1107 429 Coelium
1142 393 1181 429 in
1215 391 1411 430 annalium
1440 391 1537 430 libro
1565 393 1687 432 altero

157 455 372 494 secundum
402 456 587 494 Catonem
620 451 783 508 (11286)
818 467 1000 494 narrasse
1033 456 1224 494 indicauit
1257 456 1403 495 Gellius
1431 453 1519 510 (10,
1546 456 1614 507 24,
1642 458 1686 497 6:

155 521 273 559 Mille
299 533 449 559 meeum
478 521 646 559 Romam
673 523 914 569 equitatum:
949 522 1149 569 diequinti
1181 525 1220 560 ite
1256 523 1449 571 Capitolio
1484 524 1557 561 tibi
1583 536 1685 562 cena

153 593 270 624 cocta
303 589 381 624 erit
414 586 517 624 Cato.
564 586 608 624 Si
640 588 703 624 uis
734 587 832 624 milii
863 589 1084 634 equitatum
1118 588 1219 625 (lare
1250 593 1286 625 ee
1318 590 1403 636 ipse
1436 601 1523 626 cum
1552 594 1687 627 cetero

152 654 337 689 arerce'ln
365 663 425 689 me
443 654 568 700 sequi,
597 652 796 699 diequinti
816 651 968 689 Romae
990 654 1028 689 in
1058 652 1294 700 Castilolium
1318 654 1469 691 curabo
1492 655 1565 692 libi
1585 667 1686 693 cena

149 719 203 754 sit
236 722 352 755 cocta
379 712 566 770 Coelius).
615 715 783 766 denique
812 715 995 766 Sisenna,
1029 728 1145 766 quem
1174 716 1219 755 de
1254 730 1364 767 agro,
1391 719 1457 768 qui
1492 718 1603 757 datus
1636 721 1687 757 sit

152 780 332 819 Troianis
360 794 378 819 a
407 780 555 831 Latino,
583 793 671 819 cum
700 780 844 819 Catone
872 787 911 819 et
937 781 1049 819 Liuio
1077 783 1301 821 consentire
1328 783 1498 822 affirmat
1522 784 1685 823 Seruius

152 842 220 899 (ad
247 847 338 884 Aen.
364 844 428 896 11,
456 842 574 900 316),
606 848 735 897 ipsum
764 846 950 885 Catonem
979 842 1045 899 (fr.
1067 843 1112 900 8)
1142 853 1301 885 secutus
1328 853 1399 886 est.

242 910 280 949 C.
303 911 563 950 Sallustius
591 911 791 962 Crispus
824 918 955 950 tamen
988 913 1113 962 magis
1140 918 1302 963 propter
1334 925 1457 963 genus
1486 914 1686 952 scribendi

151 988 267 1026 quam
283 982 444 1027 propter
460 978 565 1028 ipsas
585 989 648 1015 res
667 978 835 1027 scriptas
851 976 1037 1016 Catonem
1055 979 1200 1016 amauit
1217 978 1462 1029 multumque
1481 978 1685 1018 uolutauit.

152 1053 240 1080 nam
268 1054 356 1080 cum
385 1041 430 1080 de
459 1041 545 1080 aliis
571 1041 816 1092 temporibus
850 1048 981 1093 ageret
1014 1048 1128 1093 atque
1157 1042 1267 1091 Cato,
1300 1056 1349 1081 ne
1382 1049 1494 1082 erant
1526 1044 1684 1095 quidem

150 1106 271 1145 multa
298 1119 396 1157 quae
424 1120 468 1145 ex
498 1120 542 1145 eo
570 1113 755 1145 sumeret.
802 1113 840 1146 at
866 1119 990 1158 genus
1018 1107 1220 1146 scribendi
1246 1109 1299 1146 ita
1326 1108 1608 1161 admirabatur,
1642 1116 1686 1148 ut

149 1184 226 1209 non
265 1172 389 1210 solum
425 1172 546 1211 uerba
583 1171 775 1224 quaedam
812 1185 858 1211 ex
898 1173 1117 1223 originibus
1158 1180 1405 1224 excerperet,
1444 1180 1487 1213 ut
1522 1176 1574 1213 ait
1608 1176 1684 1213 Au-

150 1243 287 1287 gustus
323 1234 447 1290 (Suet.
471 1235 564 1289 86),
604 1237 673 1276 sed
710 1239 827 1276 etiam
861 1243 961 1277 totas
995 1240 1210 1277 sententias
1246 1234 1345 1292 (uid.
1366 1239 1494 1278 adnot.
1522 1239 1568 1278 ad
1596 1237 1684 1279 95¹³.

156 1298 259 1356 108)
287 1299 563 1357 imitareminl)
611 1315 727 1354 quam
758 1302 805 1341 ob
834 1316 916 1342 rem
943 1305 1020 1342 iam
1048 1316 1116 1342 sua
1144 1309 1268 1342 aetate
1296 1317 1316 1343 a
1344 1304 1496 1344 Lenaeo
1522 1305 1684 1357 Pompei

150 1366 291 1406 liberto
318 1369 536 1419 exagitatus
563 1374 634 1419 est,
665 1370 732 1419 qui
760 1381 850 1407 eum
877 1370 1099 1420 priscorum
1128 1368 1285 1408 Catonis
1311 1370 1525 1409 uerborum
1552 1372 1684 1410 ineru-

151 1431 388 1471 ditissimum
423 1434 549 1472 furem
583 1433 795 1485 appellauit
828 1429 955 1486 (Suet.
991 1434 1036 1473 de
1070 1434 1123 1472 ill.
1157 1446 1277 1485 gram.
1314 1433 1379 1486 15,
1411 1449 1446 1487 p.
1484 1434 1566 1475 112
1590 1433 1683 1490 Bt).

148 1499 266 1536 etiam
293 1499 451 1537 Asinius
478 1498 599 1537 Pollio
633 1500 717 1538 eius
751 1500 897 1550 scripta
929 1499 1186 1550 reprehendit
1218 1497 1277 1538 ‘ut
1309 1501 1429 1539 nimia
1462 1503 1683 1552 priscorum

149 1563 364 1602 uerborum
391 1564 637 1603 affectatione
665 1562 800 1602 oblita’
828 1560 954 1618 (Suet.
976 1564 998 1603 l.
1021 1578 1049 1604 s.
1074 1563 1139 1616 10,
1166 1578 1202 1616 p.
1227 1563 1348 1618 1081»,
1389 1573 1503 1618 atque
1530 1567 1682 1612 Quinti-

149 1628 276 1667 lianus
309 1629 382 1667 boc
416 1631 654 1680 epigramma
687 1630 830 1668 incerti
863 1631 1069 1681 scriptoris
1102 1631 1415 1670 institutionibus
1449 1634 1531 1671 suis
1559 1629 1616 1686 (8,
1643 1630 1684 1686 3,

148 1690 225 1748 29)
254 1696 440 1733 inseruit:

363 1762 413 1798 Et
441 1762 567 1799 uerba
595 1763 755 1809 antiqui
779 1763 943 1800 multum
965 1761 1108 1811 furate
1139 1763 1303 1801 Catonis

468 1826 617 1876 Crispe,
645 1827 917 1874 [uma-ticinae
944 1828 1131 1866 conditor
1155 1829 1362 1867 historiae.

147 1889 275 1928 Etiam
309 1890 476 1929 Cicero
511 1904 599 1930 cum
634 1890 820 1930 Catonem
853 1890 1018 1942 legeret,
1058 1892 1285 1943 diligentius
1318 1905 1441 1944 genus
1481 1894 1682 1933 scribendi

148 1955 382 1995 obseruasse
416 1962 531 2007 atque
564 1958 688 2007 magis
721 1956 965 1996 orationibus
997 1957 1220 1997 lectitandis
1253 1971 1412 2009 operam
1441 1959 1595 1998 dedisse
1623 1963 1680 1999 ui-

148 2020 263 2060 detur
290 2033 406 2072 quam
439 2021 676 2072 originibus,
710 2034 755 2060 ex
784 2021 927 2073 quibus
954 2029 1138 2073 quattuor
1170 2025 1347 2062 seruauit
1378 2025 1594 2075 fragmenta
1621 2023 1679 2079 (2.

148 2083 204 2124 83
232 2085 318 2124 adn.
350 2084 443 2125 106.
475 2083 577 2140 118>
612 2099 734 2138 eaque
766 2093 924 2138 praeter
955 2100 1078 2126 unum
1111 2088 1214 2127 binis
1245 2091 1423 2128 ternisue
1459 2090 1554 2129 locis
1590 2104 1679 2142 pro-

148 2152 288 2202 posuit.
329 2164 445 2202 quam
473 2158 602 2191 autem
629 2154 825 2202 originum
852 2155 1030 2192 notitiam
1058 2155 1097 2192 in
1119 2154 1217 2193 libro
1240 2154 1286 2193 de
1307 2161 1510 2194 senectute
1532 2158 1679 2207 scripto

146 2218 358 2267 expressit,
397 2218 587 2256 maiorem
613 2223 765 2268 partem
794 2217 988 2257 dictorum
1016 2218 1319 2258 Catonianorum
1358 2220 1597 2272 collectioni,
1632 2221 1678 2260 de

146 2294 222 2333 qua
242 2281 321 2320 uid.
343 2282 497 2320 Iordani
517 2282 613 2333 prol.
634 2295 670 2333 p.
691 2291 747 2321 CV
763 2296 830 2334 sq„
859 2296 948 2322 eum
977 2283 1159 2323 debuisse
1186 2286 1272 2324 ueri
1297 2285 1424 2324 simile
1446 2292 1516 2325 est.
1561 2286 1630 2325 sed
1658 2300 1678 2325 a

146 2346 370 2385 Cornelio
398 2346 594 2398 Nepote,
621 2360 710 2386 cum
734 2348 974 2399 peculiarem
1002 2349 1146 2388 librum
1175 2349 1221 2389 de
1243 2350 1399 2389 Catonis
1425 2352 1507 2390 uita
1533 2357 1572 2390 et
1596 2365 1678 2390 mo-

147 2411 256 2450 ribus
284 2418 420 2463 rogatu
440 2412 645 2464 Pomponii
670 2414 788 2451 Attici
815 2413 964 2465 fecerit,
990 2414 1157 2453 multum
1184 2414 1342 2454 Catonis
1369 2418 1542 2467 origines
1569 2417 1678 2455 lecti-

147 2482 244 2515 tatas
272 2489 358 2515 esse
385 2477 534 2529 credas,
563 2491 796 2529 quamquam
824 2491 987 2517 munere
1015 2481 1241 2531 scriptionis
1268 2481 1420 2532 leuiter,
1446 2488 1490 2520 ut
1516 2482 1678 2533 solebat,

146 2543 261 2581 etiam
294 2542 356 2580 bic
391 2543 548 2581 functus
581 2550 650 2582 est.
701 2544 743 2581 In
775 2545 1008 2583 uniuersum
1043 2546 1163 2595 igitur
1194 2545 1258 2584 illa
1293 2552 1417 2586 aetate
1457 2547 1676 2598 originibus

145 2661 235 2704 eius,
262 2672 305 2696 ex
331 2674 403 2706 quo
430 2663 640 2698 Priscianus
667 2676 733 2698 sua
759 2665 928 2708 sumpsit,
955 2664 1105 2700 Catonis
1131 2665 1265 2709 uerbis,
1297 2677 1381 2700 cum
1408 2666 1501 2701 falso
1528 2667 1584 2701 bis
1611 2679 1675 2712 po-

145 2715 217 2748 sit-a
243 2718 377 2757 essent,
404 2717 566 2761 genuina
593 2717 710 2752 Cassii
735 2718 826 2751 mihi
853 2717 1007 2762 expulsa
1034 2729 1112 2752 esse
1138 2719 1268 2762 uideri,
1295 2721 1337 2754 ut
1357 2731 1399 2754 ex
1420 2720 1471 2754 eis
1492 2720 1584 2754 nihil
1604 2721 1674 2754 uisi

145 2779 179 2801 u.
206 2769 472 2804 demessuerunt
497 2770 776 2814 relinqueretur.

242 2824 274 2866 1)
301 2821 354 2856 Cf.
381 2823 494 2857 etiam
521 2823 695 2858 Fronton.
716 2835 772 2868 ep.
795 2824 842 2858 ad
869 2824 917 2859 M.
939 2824 1040 2860 Caes.
1061 2830 1093 2867 4,
1116 2829 1148 2869 3,
1174 2838 1209 2870 p.
1232 2830 1286 2868 6⁶2,
1314 2826 1378 2870 qui
1398 2838 1481 2860 eum
1502 2827 1672 2871 frequen-

145 2876 220 2909 tem
246 2875 293 2909 M.
315 2875 432 2910 Porcii
460 2879 680 2912 sectatorem
707 2878 808 2912 dicit.
