2002 3342
362 198 404 232 ΙΙ.
431 197 493 231 DE
520 195 834 231 LITTERARVM
859 194 1184 230 MONVMENTIS
1211 195 1432 230 PRIVATIS
1605 210 1663 238 Lv

133 310 296 348 omnino
331 307 376 346 de
404 307 479 346 fide
511 306 665 345 illarum
700 318 831 345 rerum
866 305 1091 357 desperauit
1118 302 1337 359 (Num.1):
1372 304 1575 353 Κλώδιός
1601 321 1664 353 τις

135 371 186 413 ἐν
221 370 380 427 ἐλέγχῳ
417 372 588 424 χρόνων
624 368 757 424 (οὕτω
795 369 876 422 γάρ
912 383 1002 417 πως
1039 366 1349 422 ἐπιγέγραπται
1385 369 1432 409 τὸ
1468 368 1663 423 βιβλίον’)

135 438 401 491 ἰσχυρίζεται
428 435 503 484 τὰς
529 432 609 489 μὲν
636 434 817 488 ἀρχαίας
842 432 1010 481 ἐκείνας
1035 431 1293 487 ἀναγραφὰς
1326 432 1373 474 έν
1398 440 1486 482 τοῖς
1512 435 1665 475 Κελτι-

135 509 232 550 κοῖς
256 501 418 542 πάθεσι
446 506 521 553 τῆς
547 500 711 548 πόλεως
732 499 994 552 ἠφανίσθαι,
1026 498 1101 546 τὰς
1123 495 1169 538 δὲ
1189 503 1274 538 νῦν
1295 498 1565 552 φαινομένας
1585 498 1665 539 οὐκ

136 566 317 620 ἀληθῶς
343 569 606 619 συγκεῖσθαι
627 562 683 605 δι’
704 563 881 617 ἀνδρῶν
902 561 1197 616 χαριζομένων
1222 562 1339 604 τισὶν
1365 564 1426 612 εἰς
1446 564 1497 604 τὰ
1518 571 1666 617 πρῶτα

138 631 242 685 γένη
275 629 346 672 καὶ
372 632 474 679 τοὺς
508 628 880 684 ἐπιφανεστάτους
907 632 1056 677 οἰκους
1083 626 1124 677 ἐξ
1152 627 1204 669 οὐ
1236 629 1552 681 προσηκόντων
1581 629 1668 669 εἷσ-

134 694 423 750 βιαζομένοις.
463 698 579 736 etiam
608 696 744 735 Liuius
771 696 817 734 ad
844 695 1006 735 alteram
1034 695 1224 733 librorum
1244 694 1454 746 pentadem
1477 695 1667 734 accedens

138 765 176 802 ei
203 764 320 813 fauet,
347 762 417 801 sed
438 761 541 813 quod
563 762 728 800 clariora
751 761 936 812 deinceps
958 762 1204 811 certioraque
1227 772 1267 798 se
1289 761 1560 811 expositurum
1581 773 1667 799 esse

138 829 335 880 promittit
360 829 616 879 priorumque
644 826 836 865 librorum
862 826 1142 865 obscuritatem
1170 830 1366 864 uetustate
1393 826 1512 863 nimia
1541 831 1578 864 et
1607 826 1668 864 lit-

137 900 312 932 terarum
341 895 499 932 raritate
527 898 698 943 excusat,
724 892 821 930 baec
848 891 895 930 ad
920 891 1104 930 damnum
1131 889 1304 929 incendii
1325 889 1462 928 Gallici
1483 903 1560 929 non
1581 904 1669 941 per-

140 960 284 1011 tinent3
318 970 417 1009 quae
450 959 667 1009 pertinent,
701 958 775 996 etsi
805 956 955 995 cladem
982 955 1084 994 ultra
1110 956 1320 994 ueritatem
1349 952 1552 1006 augentl),
1586 957 1670 1006 ipse

138 1025 197 1062 sic
219 1022 511 1062 circumscribit
531 1019 590 1076 (6,
607 1020 643 1073 1,
658 1019 722 1075 2):
748 1025 784 1061 ει·
804 1034 908 1071 quae
928 1022 1126 1068 (litterae)
1150 1023 1190 1059 in
1219 1023 1520 1059 commentariis
1533 1023 1670 1069 ponti-

133 1091 259 1137 ficum
281 1091 452 1137 allisque
469 1090 650 1138 publicis
659 1090 923 1137 priuatisque
944 1092 1063 1125 erant
1081 1088 1356 1136 monumentis,
1384 1089 1550 1124 incensa
1572 1087 1672 1124 urbe

130 1157 406 1204 pleraeque
444 1156 648 1193 interiere.
689 1154 767 1192 iam
802 1165 898 1191 uero
934 1157 1021 1203 post
1057 1150 1207 1189 cladem
1243 1150 1442 1189 Aliensem
1477 1150 1671 1189 Romanos

141 1220 261 1257 trium
290 1218 442 1257 dierum
469 1219 594 1269 spatio
622 1217 669 1256 ad
695 1224 949 1256 monumenta
976 1216 1133 1268 publica
1160 1215 1351 1267 quaedam
1377 1217 1417 1254 in
1439 1215 1672 1267 Capitolium

140 1283 397 1323 conuehenda
430 1285 489 1322 uti
520 1285 696 1335 potuisse
728 1289 772 1322 ut
804 1284 1031 1322 omittamus
1059 1305 1114 1309 —
1142 1287 1343 1333 stuporem
1371 1282 1476 1320 enim
1506 1286 1588 1320 tum
1616 1282 1673 1319 ni-

140 1351 277 1399 mium,
304 1349 439 1388 talium
461 1361 593 1388 rerum
616 1361 751 1387 curam
776 1348 924 1387 nullam
952 1348 1073 1386 fuisse
1097 1352 1213 1386 erunt
1233 1348 1301 1398 qui
1322 1346 1454 1385 dicant
1474 1369 1542 1397 ——7
1569 1346 1673 1385 Man-

141 1414 214 1453 lios
242 1421 391 1465 tamen‚
425 1414 642 1464 Quinctios,
669 1414 875 1465 Tarpeios,
903 1414 1068 1452 sortasse
1095 1414 1213 1451 etiam
1241 1412 1390 1450 Sestios
1416 1413 1456 1450 in
1484 1411 1673 1463 Capitolio

143 1485 226 1518 tum
255 1479 454 1518 habitasse
482 1491 527 1517 ex
557 1480 788 1530 cognomine
816 1478 1034 1530 Capitolino
1062 1482 1229 1527 constat,
1257 1476 1296 1515 id
1323 1476 1427 1528 quod
1453 1482 1542 1528 post
1573 1476 1674 1515 iudi-

140 1547 249 1583 cium
271 1544 509 1583 Manlianum
534 1557 565 1583 a.
587 1541 786 1583 385.369
813 1545 981 1583 uetitum
1009 1539 1123 1596 est2),
1151 1542 1291 1581 deinde
1318 1554 1413 1581 uero
1442 1542 1675 1581 documenta

141 1609 300 1661 publica
327 1622 412 1660 eos,
446 1611 512 1661 qui
544 1609 840 1660 magistratibus
867 1609 992 1647 suncti
1019 1613 1147 1658 erant,
1179 1609 1219 1646 in
1246 1609 1399 1658 priuata
1428 1620 1497 1646 sua
1530 1606 1676 1646 tablina

142 1675 331 1714 translata
358 1674 622 1713 custodiuisse
650 1670 706 1728 (u.
729 1686 758 1713 s.
779 1687 815 1725 p.
830 1670 989 1726 XXXV).
1023 1675 1118 1713 satis
1144 1673 1250 1724 larga
1277 1674 1398 1724 igitur
1425 1673 1587 1711 materia
1611 1685 1676 1711 ex·

140 1739 270 1779 stabat
290 1739 337 1778 ad
358 1739 601 1778 restituenda
614 1741 828 1778 memoriae
842 1738 1023 1790 publicae
1045 1738 1309 1789 fundamenta,
1324 1739 1358 1777 si
1378 1739 1597 1776 necessitas
1613 1743 1678 1776 aut

142 1805 386 1845 desiderium
409 1805 582 1856 cogebat.
615 1817 693 1843 non
713 1806 844 1843 minus
864 1810 996 1843 tamen
1017 1804 1209 1842 fluctuant
1222 1815 1321 1854 quae
1342 1808 1430 1854 post
1449 1803 1676 1842 incendium

140 1877 254 1922 gesta
281 1883 368 1909 esse
394 1870 580 1909 traditum
603 1876 673 1909 est.
706 1883 796 1909 narn
818 1871 893 1908 etsi
919 1871 992 1908 hoc
1018 1876 1194 1920 tempore
1215 1881 1331 1907 nemo
1353 1868 1516 1907 eandem
1538 1868 1677 1907 urbem

144 1933 208 1990 (ut
233 1932 420 1985 Fidenas)
449 1937 594 1987 septies
623 1935 832 1986 defecisse,
865 1936 1076 1986 quinquies
1103 1939 1363 1985 expugnatam
1391 1946 1476 1973 esse
1504 1930 1586 1987 (ter
1613 1946 1678 1972 cu-

144 2001 290 2040 niculis
318 1997 434 2055 actis)
446 1997 478 2054 3)
512 2013 675 2039 narrare
703 2013 822 2039 ausus
850 2006 926 2052 est,
960 2000 1075 2039 durat
1105 2005 1238 2038 tamen
1265 1998 1402 2038 eadem
1429 2000 1526 2037 ratio
1553 2011 1678 2050 usque

244 2111 276 2152 1)
303 2109 468 2144 Thouret
507 2110 615 2144 Ueber
646 2110 715 2144 den
747 2110 943 2155 yalhschen
980 2109 1114 2144 Braml
1145 2109 1184 2142 in
1217 2106 1450 2142 Fleckeiseni
1482 2106 1603 2151 suppl.
1631 2106 1679 2140 XI

143 2175 180 2208 p.
198 2166 360 2198 93-188
388 2174 633 2207 quaecunque
652 2162 696 2197 de
720 2162 892 2197 incendio
920 2161 1021 2196 urbis
1041 2161 1289 2203 traderentur,
1316 2160 1402 2195 ficta
1429 2171 1508 2194 esse
1529 2160 1679 2195 demon-

144 2219 265 2251 strare
291 2218 446 2250 conatus
473 2217 544 2257 est,
579 2217 618 2250 at
649 2215 744 2249 nihil
771 2215 805 2250 ei
832 2215 993 2250 concedo
1026 2215 1098 2249 nisi
1126 2214 1226 2259 quod
1253 2213 1461 2257 antiquitus
1488 2214 1680 2257 tamquam

145 2270 265 2304 leuior
296 2269 420 2304 clades
452 2270 577 2314 spreta
609 2271 723 2310 esset,
757 2279 838 2303 eam
870 2268 1055 2313 paulatim
1081 2269 1233 2312 propter
1263 2267 1341 2301 uim
1369 2267 1569 2301 oratoriam
1595 2278 1681 2311 pro-

143 2323 307 2357 tractam
334 2325 624 2366 exornatamque
650 2334 728 2357 esse
751 2322 1004 2366 uirtutemque
1025 2322 1233 2356 Romanam
1258 2320 1446 2366 ignauiae,
1473 2331 1547 2364 qua
1567 2320 1681 2354 Athe-

145 2376 294 2410 nienses
314 2387 435 2410 arcem
451 2387 555 2410 suam
569 2375 688 2410 Persis
702 2375 967 2420 prodidissent,
988 2375 1209 2419 oppositam.
1235 2374 1312 2409 uid.
1327 2373 1412 2408 Pais
1428 2374 1443 2408 I
1458 2377 1476 2407 2
1493 2385 1527 2418 p.
1546 2377 1562 2407 7
1578 2377 1680 2417 Ssqq.

149 2433 217 2464 725
232 2441 311 2473 sqq,

246 2484 278 2525 2)
308 2482 366 2516 ‘ne
391 2483 473 2526 quis
492 2483 676 2526 patricius
704 2483 742 2517 in
771 2493 851 2517 arce
878 2487 943 2517 aut
970 2482 1150 2526 Capitolio
1175 2481 1376 2516 habitaret’
1406 2480 1485 2514 Liu.
1508 2484 1538 2522 6,
1554 2483 1610 2522 20,
1627 2483 1680 2514 13.

148 2535 224 2570 uid.
251 2536 455 2570 Mommsen
483 2536 528 2570 R.
550 2536 595 2570 F.
623 2536 655 2569 ΙΙ
686 2547 722 2580 p.
746 2539 823 2570 182.
874 2535 1015 2569 Jordan
1051 2535 1203 2580 Topoyr.
1231 2535 1245 2568 I
1268 2539 1284 2568 1
1319 2546 1353 2578 p.
1378 2537 1444 2568 192
1466 2545 1518 2578 sq.
1546 2545 1579 2567 n.
1602 2536 1680 2567 281.

149 2588 316 2622 addendi
342 2590 428 2622 sunt
454 2588 566 2622 etiam
594 2588 753 2623 Cornelii
781 2588 938 2631 Lentuli,
966 2588 996 2622 si
1023 2588 1176 2632 quidem
1197 2587 1324 2621 Liuius
1352 2591 1384 2629 9,
1399 2591 1431 2628 4,
1447 2590 1466 2620 S
1495 2586 1681 2621 consulem

148 2652 183 2678 a.
206 2645 285 2676 327.
312 2645 379 2675 427
412 2641 450 2676 L.
480 2640 691 2676 Cornelium
723 2641 923 2676 Lentulum
956 2641 1141 2676 dicentem
1174 2640 1279 2676 fecit:
1317 2642 1464 2675 Patrem
1497 2651 1610 2674 meum
1638 2660 1681 2663 —

147 2706 254 2740 saepe
281 2695 414 2729 audiui
439 2699 692 2730 'memorantem
716 2706 751 2729 se
778 2696 818 2729 in
840 2695 1021 2739 Capitolio
1047 2706 1162 2729 unum
1187 2706 1261 2729 ozon
1286 2695 1399 2736 fuisse
1425 2697 1606 2728 auctorem
1631 2704 1682 2727 se-

149 2749 260 2782 natm·
284 2748 514 2783 redimendae
539 2759 631 2783 auro
657 2760 681 2783 a
710 2748 829 2783 Gallis
853 2749 1036 2790 ciuitatis,
1062 2747 1101 2781 id
1128 2747 1226 2791 quod
1255 2749 1365 2781 antea
1392 2747 1436 2780 de
1463 2750 1593 2780 senatu
1618 2744 1682 2778 illo

149 2811 267 2846 agens
294 2803 340 2845 (5,
354 2804 410 2844 48,
426 2803 458 2844 8)
486 2801 672 2844 omiserat,
697 2802 870 2836 Muenzer
896 2802 941 2837 R.
963 2802 1009 2835 Ε.
1032 2800 1081 2835 IV
1108 2804 1245 2835 0135ss
1262 2812 1314 2844 sq.

250 2856 282 2898 3)
309 2854 391 2889 Vid.
419 2854 606 2889 Lnebbert
630 2855 668 2889 in
695 2866 818 2900 progr.
840 2853 934 2889 Giss.
961 2866 997 2899 p.
1014 2858 1031 2888 7
1048 2865 1100 2898 sq.
