2002 3342
277 196 445 225 CCLXVI
612 181 674 215 DE
702 180 1008 215 SCRIPTORVM
1034 180 1157 215 vrrts
1184 181 1244 215 ET
1272 181 1477 216 sommis

277 293 495 332 uerborum
523 293 700 330 notitiam
735 291 820 329 aliis
854 290 998 330 debere
1031 296 1165 342 aperte
1200 292 1398 330 fateretur.
1436 294 1543 343 atqui
1576 292 1806 332 Plutarchus

276 364 406 408 antea,
435 370 523 395 cum
551 369 613 394 res
641 370 660 395 a
687 356 840 395 Lutatio
868 356 1027 395 consule
1054 356 1266 395 infeliciter
1292 363 1421 407 gestas
1450 357 1714 408 describeret,
1741 371 1806 396 eas

278 424 384 474 ipsas
417 427 639 460 mutauerat
671 423 784 472 eique
821 422 986 472 fauerat,
1021 428 1102 460 tum
1141 434 1236 460 uero
1268 427 1520 473 posteaquam
1563 422 1668 461 Sulla
1705 422 1806 461 bello

276 489 472 526 interesse
501 488 638 537 coepit,
665 486 786 524 Mario
812 488 960 537 primas
986 486 1125 525 tribuit
1151 493 1266 537 atque
1295 488 1410 525 etiam
1438 488 1562 526 facete
1585 488 1698 526 dictis
1718 501 1808 527 eum

279 565 368 590 cum
385 551 562 589 hostibus
586 551 873 602 depugnantem
895 552 998 602 fecit,
1013 564 1141 602 neque
1163 557 1291 590 tamen
1307 554 1465 590 omnino
1481 565 1500 591 a
1517 552 1669 591 Lutatio
1685 552 1808 591 desci-

277 618 337 656 uit
357 618 519 667 eiusque
542 628 680 655 causae
696 617 749 654 ita
771 616 1017 667 subscripsit,
1032 622 1073 655 ut
1096 629 1141 655 ex
1164 617 1268 655 sonte
1290 618 1477 667 primario
1500 624 1559 656 ter
1573 619 1658 656 eius
1678 623 1809 656 aucto-

279 683 435 720 ritatem
450 681 731 731 interponeret.
764 680 874 719 illum
896 686 1025 719 autem
1042 681 1189 719 Sullam
1211 682 1331 720 fuisse
1347 683 1430 732 ipse
1442 682 1675 721 Plutarchus
1690 684 1809 733 signi-

279 747 422 796 ficauit,
457 747 568 784 cuius
595 747 861 784 narrationem
889 746 1014 784 Catuli
1042 748 1266 784 testimonio
1294 742 1360 799 (fr.
1385 745 1427 799 1)
1462 749 1518 786 sic
1545 748 1811 786 confirmauit:

280 810 409 862 ὅμοια
436 806 484 850 δὲ
510 807 581 850 καὶ
604 808 779 850 Κάτλον
806 809 941 849 αὐτὸν
968 808 1285 861 ἀπολογεῖσθαι
1305 809 1403 862 περὶ
1426 811 1595 851 τούτων
1617 811 1811 864 ἱστοροῦ-

278 873 416 929 σινῙ),
450 881 565 927 atque
594 877 710 914 etiam
740 875 890 913 duobus
924 875 1009 914 aliis
1037 876 1132 914 locis
1160 889 1249 914 eum
1276 876 1431 927 oblique
1459 878 1612 916 citauit:
1646 875 1703 924 ὡς
1734 875 1812 916 τὸν

281 938 457 980 Κάτλον
491 939 627 980 αὐτὸν
661 939 851 991 ἱστορεῖν
878 938 1056 992 λέγουσι
1083 941 1130 979 fr.
1152 940 1196 991 2,
1223 937 1442 993 λέγουσιν,
1468 935 1502 996 ᾦ
1528 938 1600 981 καὶ
1626 940 1813 994 μάλιστα

279 1006 493 1060 τεκμηρίῳ
533 1007 726 1057 χρῆσθαι
764 1004 842 1044 τὸν
880 1004 1057 1045 Κάτλον
1096 1006 1141 1044 fr.
1170 1004 1207 1044 3.
1252 1007 1383 1056 itaque
1428 1011 1637 1057 antequam
1675 1006 1812 1045 Cicero

280 1071 445 1110 Brutum
479 1072 721 1121 scripsisset,
754 1070 819 1108 illa
853 1069 980 1109 Catuli
1012 1071 1235 1108 testimonia
1267 1082 1313 1108 ex
1347 1072 1431 1109 eius
1458 1070 1557 1109 libro
1586 1071 1814 1122 deprompta

280 1149 367 1176 esse
403 1135 602 1187 probabile
636 1140 712 1185 est,
744 1137 979 1186 praesertim
1013 1147 1101 1174 cum
1134 1137 1256 1174 uitam
1290 1134 1419 1174 Sullae
1455 1137 1692 1174 testimoniis
1727 1137 1813 1174 eius

281 1201 546 1240 abundantem
574 1200 806 1239 Plutarchus
835 1206 922 1239 ante
949 1200 1162 1238 Marianam
1190 1202 1404 1251 scripserit.

372 1267 497 1317 Atque
525 1266 620 1304 haec
648 1265 806 1316 quidem
834 1271 926 1304 sunt
952 1278 1050 1316 quae
1079 1265 1125 1303 de
1152 1265 1226 1303 11οο
1252 1265 1378 1303 Catuli
1405 1264 1504 1303 libro
1538 1267 1813 1316 comperimus.

285 1343 414 1382 neque
450 1332 554 1369 enim
588 1331 886 1381 grammaticum
919 1342 1156 1381 quemquam
1189 1335 1255 1369 aut
1287 1331 1519 1381 scriptorem
1549 1335 1593 1369 ut
1625 1330 1672 1368 ad
1699 1330 1816 1369 Scau·
1852 1358 1855 1361 -

286 1409 373 1435 rum
408 1401 445 1434 et
477 1395 666 1434 Rutilium
703 1397 756 1433 ita
790 1394 837 1434 ad
875 1396 979 1434 hunc
1019 1395 1189 1433 delatum
1228 1407 1314 1433 esse
1354 1396 1548 1433 sermonis
1589 1394 1816 1434 diuersitate

283 1461 395 1500 facile
423 1461 651 1512 explicatur,
679 1462 863 1512 quoniam
885 1473 931 1499 ex
953 1462 1112 1511 antiquo
1135 1460 1199 1499 illo
1220 1472 1328 1499 more
1351 1459 1398 1499 ad
1419 1462 1680 1499 recentiorem
1701 1473 1816 1499 suum

280 1532 481 1565 auctorem
508 1527 677 1564 transire
705 1525 893 1564 solebant.

372 1591 499 1629 Etiam
536 1603 581 1629 ex
618 1591 936 1641 orationibus,
973 1603 1068 1642 quas
1104 1591 1246 1629 litteris
1281 1590 1488 1629 mandasse
1522 1590 1682 1629 uidetur
1717 1587 1816 1644 (Cic.

283 1656 390 1695 Brut.
413 1653 480 1706 35,
511 1653 626 1708 132),
654 1656 871 1706 fragmenta
898 1668 976 1694 non
1004 1660 1095 1694 sunt
1121 1661 1288 1706 seruata,
1321 1668 1449 1706 neque
1476 1655 1554 1694 ulla
1581 1668 1816 1694 commemo-

283 1727 394 1760 ratur
419 1722 497 1759 nisi
524 1733 639 1772 quam
666 1721 802 1759 habuit
829 1721 1093 1759 laudationem
1119 1720 1291 1771 Popiliae
1325 1722 1480 1771 matris,
1514 1733 1589 1771 qua
1621 1733 1706 1759 mos
1732 1733 1816 1759 mu-

283 1787 401 1825 lieres
427 1786 584 1837 publice
618 1785 802 1824 laudandi
834 1785 1018 1825 inductus
1046 1791 1106 1824 est
1133 1786 1199 1837 (cf.
1228 1798 1345 1837 supra
1370 1799 1407 1836 p.
1428 1781 1592 1838 XXXII).
1634 1787 1681 1824 At
1717 1798 1817 1824 car-

283 1853 407 1890 mina
441 1851 566 1890 Catuli
601 1851 675 1889 duo
708 1853 826 1890 etiam
858 1864 963 1890 nunc
994 1851 1202 1901 habemus,
1236 1863 1334 1902 quae
1370 1851 1472 1889 infra
1509 1850 1682 1889 describi
1718 1852 1817 1890 iussi

284 1913 350 1970 (fr.
372 1914 411 1955 4.
433 1912 491 1970 ὅ).
526 1929 662 1955 eorum
688 1918 800 1967 prius
827 1922 960 1967 aperte
981 1916 1028 1955 ad
1048 1916 1153 1954 hunc
1174 1907 1354 1954 Catulum
1376 1929 1396 1954 a
1417 1915 1606 1954 Cicerone
1634 1916 1817 1966 refertur,

285 1982 463 2032 alterum,
497 1994 573 2032 quo
607 1981 888 2020 Callimachum
923 1977 1094 2034 (Anthol.
1116 1981 1234 2019 Palat.
1259 1978 1323 2032 12,
1349 1978 1422 2034 73)
1455 1982 1629 2019 imitatus
1663 1986 1732 2031 est,
1765 1983 1818 2019 ita

286 2048 460 2085 concinit
486 2059 574 2085 cum
600 2048 751 2098 priore,
783 2052 827 2085 ut
853 2046 1030 2085 eiusdem
1058 2059 1144 2084 esse
1173 2045 1303 2084 dicere
1336 2058 1451 2084 nemo
1480 2045 1730 2085 dubitauerit.
1775 2051 1820 2085 ut

285 2124 382 2150 uero
410 2111 505 2150 haec
533 2113 584 2150 ita
613 2113 729 2150 etiam
758 2117 900 2160 cetera,
928 2112 1109 2162 quamuis
1137 2111 1296 2149 Catulus
1324 2112 1408 2161 ipse
1435 2112 1567 2161 grauis
1595 2117 1634 2149 et
1659 2116 1818 2150 sanctus

286 2182 403 2227 esset,
435 2189 575 2228 parum
603 2189 741 2215 seuera
769 2177 891 2215 fuisse
918 2176 1107 2215 discimus
1135 2189 1181 2215 ex
1208 2176 1325 2214 Plinii
1351 2175 1523 2214 Secundi
1557 2176 1723 2227 epistula
1754 2175 1820 2214 illa

286 2243 491 2280 notissima
512 2239 569 2295 (Ξ),
591 2238 650 2296 3),
676 2242 743 2280 ubi
770 2243 810 2279 in
837 2243 963 2292 poetis
990 2242 1107 2280 huius
1129 2241 1383 2279 Alexandrini
1403 2242 1559 2291 generis
1580 2240 1623 2286 Q.
1640 2240 1819 2280 Catulum

286 2308 429 2358 posuit,
462 2319 579 2357 quem
613 2308 728 2345 etiam
763 2307 928 2345 aliorum
962 2312 1165 2358 poetarum
1199 2306 1461 2345 familiaritate
1493 2318 1608 2345 usum
1642 2319 1728 2345 esse
1756 2319 1817 2344 eo·

288 2384 454 2422 rumque
482 2371 623 2410 studiis
651 2372 795 2410 fauisse
823 2384 870 2410 ex
902 2371 1011 2410 Furii
1037 2372 1204 2410 Antiatis
1232 2376 1269 2410 et
1295 2371 1460 2410 Archiae
1489 2367 1586 2425 (Cic.
1608 2383 1679 2422 pro
1704 2372 1819 2410 Arch.

288 2433 327 2486 3,
348 2432 393 2490 6)
423 2436 613 2487 exemplis
638 2437 833 2476 uidemus.

386 2530 417 2570 1)
444 2526 689 2561 Muellenhoff
710 2527 732 2561 l.
756 2539 781 2562 s.
802 2539 837 2571 p.
861 2530 927 2561 125
954 2528 1106 2571 propter
1130 2527 1227 2560 hunc
1247 2526 1431 2571 pluralem
1450 2526 1490 2560 id
1509 2526 1754 2571 improbauit3
1783 2527 1823 2560 at

288 2591 370 2613 cum
406 2580 571 2624 singulos
598 2585 767 2615 auctores
794 2580 987 2623 haberent,
1019 2582 1164 2615 ueteres
1192 2591 1234 2614 eo
1260 2591 1412 2614 numero
1438 2590 1523 2613 usos
1551 2591 1629 2614 esse
1656 2580 1821 2621 constat3

288 2632 335 2667 cf.
362 2644 416 2666 ex.
444 2645 496 2677 gr.
524 2633 644 2677 ipsum
684 2633 924 2667 Plutarchum
961 2634 1000 2667 in
1039 2644 1120 2677 cap.
1153 2644 1226 2677 seq.
1254 2634 1327 2678 (26)
1366 2633 1418 2666 sic
1453 2633 1633 2667 citantem
1668 2633 1701 2667 οἱ
1737 2632 1823 2676 περὶ

289 2686 438 2720 Σύλλαν
470 2685 696 2729 ἱστοροῦσιν,
729 2688 807 2720 tum
833 2687 930 2720 hanc
955 2686 1150 2720 historiam
1177 2686 1456 2720 confirmantem
1489 2683 1600 2725 αὐτὸς
1632 2684 1650 2720 ὁ
1678 2685 1822 2725 Σύλλας

289 2738 392 2783 φησί.
428 2739 623 2773 substituit
657 2740 774 2784 igitur
808 2739 872 2773 ille
907 2739 1146 2773 Posidonium
1180 2750 1338 2782 eumque
1370 2740 1517 2772 secutus
1550 2740 1606 2772 est
1636 2738 1680 2772 A.
1702 2737 1821 2772 Solari

291 2792 388 2835 (Atti
413 2792 469 2826 del
496 2792 690 2836 Conyresso
717 2793 756 2826 ἀπ’
780 2794 916 2827 scienze
941 2793 1092 2828 stoi-iche
1121 2793 1193 2827 Vol.
1217 2793 1267 2827 II
1289 2792 1365 2826 δεῖ.
1386 2792 1413 2825 Ι
1428 2804 1467 2836 p.
1489 2793 1710 2832 365—373)
1743 2791 1822 2826 sine

288 2845 400 2878 certis
428 2845 665 2889 argumentis.
