2002 3342
11 2582 17 2746 l

10 2757 15 2805 ε

10 2814 17 2895 5

11 2901 15 2942 l

673 180 710 214 L.
740 179 923 215 CINCIVS
950 179 1228 214 ALIMENTVS
1624 194 1712 223 (fxv

183 293 353 344 denique
382 291 485 343 quod
513 291 648 330 l‘luess
676 304 710 341 p.
733 288 788 329 35
817 290 1097 340 Riesslingium
1132 287 1205 343 (lle
1232 290 1342 328 Dion.
1371 290 1461 328 sont.
1490 303 1525 341 p.
1554 288 1625 342 15)
1654 304 1712 329 se-

181 365 296 397 cutus
329 359 368 395 in
402 356 534 395 uerbis
563 355 749 402 Λεύκιος
778 355 960 407 Κίγκιος
991 353 1101 406 ἀνὴρ
1134 361 1222 394 τῶν
1249 352 1294 394 ἐκ
1320 359 1397 394 τοῦ
1424 355 1712 405 βουλευτικοῦ

182 421 421 474 συνεδρίου
448 421 594 472 aliquid
623 421 696 459 sibi
725 420 930 471 indagasse
957 422 1067 458 uisus
1095 426 1170 469 est,
1207 420 1309 471 quod
1338 421 1598 458 recentiorem
1625 434 1712 471 pro-

182 487 293 526 deret
314 488 504 537 Cincium,
529 499 617 525 cum
640 486 700 524 hic
725 487 860 536 proaui
884 483 1100 523 ‘senatorii’
1124 487 1353 524 auctoritate
1379 491 1596 523 commenta
1618 491 1713 523 tam-

180 566 296 604 quam
325 565 393 591 sua
420 551 625 590 uenditare
653 551 861 601 uoluisset,
895 550 933 588 id
966 552 1032 589 uix
1060 552 1243 601 cuiquam
1276 550 1467 601 probabit.
1502 547 1568 603 (cf.
1596 563 1712 601 supra

180 631 215 669 p.
238 628 396 657 LXXXV
411 614 486 670 sq.)
513 630 602 656 nam
631 617 702 655 hoc
731 616 826 666 loco,
853 629 929 667 quo
956 617 1126 667 primum
1155 615 1201 653 ad
1229 617 1312 653 cius
1336 617 1602 653 testimonium
1625 629 1712 666 pro-

179 685 355 733 uocauit,
382 689 483 733 erat,
518 695 588 721 cur
614 688 819 733 praeturae
848 683 932 719 cius
959 693 1110 719 memor
1138 681 1324 731 dignitate
1357 682 1549 719 senatoria
1580 687 1713 719 contra

180 748 223 793 Q.
252 748 362 787 Fabii
389 754 427 786 et
454 748 583 786 Porcii
611 747 769 785 Catonis
797 747 1049 784 auctoritates
1077 745 1171 784 illud
1200 742 1447 799 stabilirem)

266 814 392 864 Atque
424 813 519 851 haec
555 812 713 863 quidem
749 811 794 850 de
830 811 954 850 Cincii
988 812 1236 862 fragmentis,
1273 823 1370 862 quae
1403 812 1442 848 in
1482 810 1593 848 libris
1627 810 1713 849 Dio-

177 880 280 930 nysii
308 880 474 929 integris
502 877 548 916 ad
575 890 646 916 nos
673 882 955 928 peruenerunt.
1007 888 1051 915 ex
1083 878 1279 927 excerptis
1312 883 1442 914 tamen
1470 875 1713 914 Escorialen-

178 943 288 982 sibus
314 941 414 994 περὶ
446 939 694 994 ἐπιβουλῶν
726 940 834 981 κατὰ
867 938 1084 993 βασιλέων
1119 945 1365 992 γεγονυιῶν
1398 954 1543 979 nouum
1573 936 1638 993 (fr.
1667 938 1711 994 (3)

178 1011 357 1059 accessit,
384 1008 487 1059 quod
516 1008 799 1047 dubitationem
828 1007 1020 1057 quandam
1049 1008 1183 1045 mouit.
1228 1018 1317 1044 nam
1346 1006 1391 1044 de
1414 1006 1554 1057 Spurio
1577 1006 1713 1044 Maelio

177 1080 385 1125 postquam
425 1073 559 1112 eadem
600 1085 700 1124 quae
741 1072 877 1111 Liuius
916 1073 1090 1110 narrauit
1131 1071 1358 1122 Dionysius,
1398 1083 1560 1122 prorsus
1599 1071 1712 1109 aliam

179 1140 410 1177 memoriam
432 1137 629 1188 adnexuit,
658 1150 731 1189 qua
754 1137 947 1176 Seruilius
969 1150 1045 1175 non
1069 1150 1157 1175 cum
1180 1138 1366 1187 magister
1393 1138 1569 1187 equitum
1597 1142 1713 1181 esset,

178 1216 197 1241 a
227 1203 414 1242 dictatore
443 1216 532 1241 cum
561 1203 759 1254 equitibus
787 1208 921 1241 contra
943 1202 1125 1241 Maelium
1153 1203 1298 1240 missus
1326 1202 1542 1253 fugientem
1570 1201 1712 1240 cultro-

177 1281 253 1319 que
281 1269 403 1307 uitam
430 1274 619 1318 tuentem,
648 1267 717 1306 sed
743 1269 922 1319 priuatus
944 1280 962 1306 a
987 1273 1124 1306 senatu
1152 1269 1284 1305 iussus
1306 1279 1377 1318 per
1402 1267 1565 1306 insidias
1592 1268 1711 1305 truci-

178 1333 363 1372 dauisset.
410 1333 591 1372 nolumus
625 1345 834 1384 quaerere,
870 1346 968 1384 quae
1002 1333 1099 1371 fides
1132 1334 1167 1371 ei
1195 1334 1412 1371 narrationi
1445 1334 1492 1370 sit
1524 1331 1712 1382 habenda,

178 1411 293 1449 quam
317 1398 540 1449 Schwegler
562 1394 631 1452 (111
647 1412 683 1450 p.
702 1395 953 1451 130—139)
977 1400 1061 1437 iure
1084 1397 1255 1437 defendit
1279 1394 1377 1451 (uid.
1399 1399 1514 1436 etiam
1537 1397 1714 1436 Niebuhr

178 1463 210 1501 ll
239 1477 273 1515 p.
297 1460 422 1517 4752),
453 1464 567 1502 nobis
601 1476 705 1502 nunc
740 1476 802 1501 res
836 1469 895 1502 est
923 1476 1011 1502 cum
1039 1463 1164 1502 Cincii
1191 1462 1425 1502 laudatione.
1471 1463 1578 1501 hisce
1607 1464 1711 1500 enim

178 1528 313 1567 uerbis
341 1528 548 1580 Dionysius
582 1529 628 1567 ad
662 1529 760 1567 hanc
792 1530 1022 1567 memoriam
1056 1530 1214 1567 transit:
1249 1527 1289 1567 οἱ
1316 1523 1396 1578 μὲν
1422 1526 1474 1579 δὴ
1502 1526 1553 1567 τὰ
1581 1529 1711 1566 πιθα-

177 1591 348 1632 νώτατά
368 1608 443 1645 μοι
463 1593 701 1641 δοκοῦντες
722 1592 911 1646 γράφειν
933 1590 1033 1644 περὶ
1054 1598 1128 1645 τῆς
1150 1593 1349 1632 4Μαιλίου
1375 1594 1575 1644 τελευτῆς
1596 1590 1711 1631 οὕτω

178 1657 527 1711 παραδεδώκασι.
555 1657 750 1710 λεγέσθω
773 1654 820 1698 δὲ
842 1655 913 1698 καὶ
935 1656 957 1697 ὁ
980 1657 1124 1698 δοκῶν
1148 1653 1276 1710 ἧττον
1297 1653 1413 1697 εἷναί
1430 1672 1503 1709 μοι
1521 1657 1712 1704 πιθανὸς

177 1723 323 1775 λόγος,
344 1716 376 1778 ᾧ
392 1721 623 1776 κέχρηνται
640 1724 822 1776 Κίγκιος
842 1721 912 1763 καὶ
929 1722 1255 1775 Καλπούρνιος,
1277 1720 1501 1775 ἐπιχώριοι
1523 1732 1711 1774 συγγρα-

179 1795 289 1840 φεῖς.
340 1789 408 1828 ubi
441 1789 637 1840 liiessling
670 1790 692 1828 l.
722 1803 751 1828 S.
784 1803 820 1841 p.
851 1787 904 1829 15
938 1791 977 1828 in
1010 1789 1146 1828 uerbis
1181 1785 1407 1840 ἐπιχώριοι
1440 1793 1712 1839 συγγραφεῖς

176 1853 350 1905 offendit,
379 1868 466 1893 cum
495 1855 709 1894 eorundem
738 1856 975 1906 scriptorum
1003 1856 1079 1893 ian]
1104 1860 1216 1893 antea
1244 1866 1263 1892 a
1285 1854 1468 1905 Dionysio
1496 1853 1710 1891 identidem

178 1920 277 1958 facta
305 1921 356 1958 sit
380 1921 528 1958 mentio
557 1933 683 1972 neque
711 1921 773 1959 hic
802 1921 969 1972 oppositi
998 1921 1077 1958 sint
1103 1921 1276 1958 externis
1298 1918 1569 1970 scriptoribus,
1596 1920 1647 1956 ita
1669 1924 1711 1957 ut

176 1991 266 2024 ante
302 1985 396 2024 haec
434 1986 555 2024 uerba
590 1982 659 2025 καὶ
699 1985 823 2025 ἄλλοι
864 1992 918 2036 et,
955 1998 1042 2024 cum
1084 1985 1292 2036 Dionysius
1332 1997 1489 2035 semper
1527 1985 1709 2022 comitem

177 2049 420 2089 adiunxisset
440 2050 615 2101 Fabium,
643 2058 731 2090 ante
753 2051 957 2102 Κίγκιος-ε
989 2049 1156 2101 Φάβιος
1178 2046 1249 2089 καὶ
1276 2051 1547 2100 interponeret
1569 2054 1710 2087 totum-

176 2127 253 2165 que
275 2115 401 2154 locum
418 2118 473 2154 sic
490 2116 701 2155 scriberet:
722 2109 756 2170 ᾦ
777 2114 1009 2168 κέχρηνται
1029 2114 1197 2166 Φάβιος
1219 2111 1288 2153 καὶ
1306 2114 1488 2165 Κίγκιος
1509 2111 1580 2152 καὶ
1597 2113 1709 2152 Καλ-

174 2178 387 2232 πούρνιος
412 2178 483 2220 καὶ
507 2180 633 2221 ἄλλοι
655 2179 878 2233 ἐπιχώριοι
901 2186 1184 2231 συγγραφεῖς,
1206 2179 1342 2218 Pluess
1358 2176 1710 2230 autenil).27s‹1‹1.,

177 2257 266 2283 cum
294 2258 427 2284 rerum
455 2248 626 2298 scriptor
651 2259 728 2285 uno
757 2246 841 2284 loco
869 2245 1104 2296 Calpurnius
1126 2245 1226 2296 Piso,
1254 2247 1340 2283 aliis
1362 2244 1449 2282 Piso
1472 2244 1622 2282 adiecto
1644 2250 1708 2282 aut

176 2311 432 2359 praenomine
460 2317 525 2349 aut
546 2312 778 2361 cognomine
800 2324 817 2349 a
840 2311 1024 2362 Dionysio
1047 2312 1270 2349 nominatus
1292 2315 1407 2360 esset,
1433 2310 1505 2348 hoc
1527 2309 1609 2347 loco
1631 2321 1707 2347 non

176 2373 432 2426 Calpurnium
466 2388 600 2415 rerum
634 2377 867 2427 scriptorem
900 2376 969 2415 sed
997 2376 1251 2427 Calpurnium
1285 2375 1480 2426 quendam
1517 2387 1707 2425 gramma-

176 2440 298 2478 ticum
325 2440 633 2491 intellegendum
662 2454 748 2480 esse
770 2443 925 2480 censuit
951 2447 1065 2492 atque
1088 2447 1124 2479 et
1147 2440 1194 2478 ob
1215 2441 1313 2479 hanc
1336 2442 1579 2479 uicinitatem
1602 2445 1636 2477 et
1659 2439 1708 2476 ob

176 2505 305 2555 ipsum
333 2505 408 2544 loci
435 2513 710 2557 argumentum
738 2520 808 2545 nos
835 2507 880 2546 de
903 2508 1038 2545 Cincio
1060 2506 1124 2544 illo
1146 2512 1292 2556 uetere,
1321 2505 1422 2557 apud
1442 2518 1556 2556 quem
1579 2506 1706 2556 prisca

273 2628 306 2670 1)
333 2626 511 2661 Alimenti
543 2638 630 2661 sane
663 2638 867 2672 cognomen
901 2637 1081 2670 nusquam
1116 2626 1316 2670 Dionysius
1356 2625 1518 2666 addidit,
1559 2624 1623 2658 sed
1662 2634 1707 2657 ne

178 2678 284 2712 Fabii
311 2680 461 2723 quidem
489 2681 561 2714 nisi
588 2691 660 2715 uno
688 2681 767 2715 loco
795 2683 842 2725 (1,
865 2684 918 2723 79,
940 2684 986 2723 4),
1013 2680 1126 2722 idque
1152 2681 1194 2712 ut
1220 2679 1331 2712 etiam
1353 2678 1419 2712 hac
1441 2689 1478 2712 re
1499 2677 1704 2722 principem

177 2743 260 2766 eum
286 2744 407 2768 rerum
435 2734 650 2778 scriptorem
684 2734 797 2768 fuisse
831 2734 1072 2779 significaret,
1109 2734 1297 2766 auctorem
1330 2732 1438 2766 etiam
1469 2731 1505 2765 L.
1529 2730 1642 2764 Cincii
1672 2732 1705 2762 et

177 2784 320 2820 Pisonis
341 2786 542 2831 Calpurnii.
577 2790 737 2821 ceterum
759 2786 889 2822 Graeci
910 2787 1074 2821 rhetores
1095 2785 1192 2819 binis
1214 2785 1421 2819 nominibus
1444 2784 1605 2818 contenti
1627 2793 1705 2817 esse

177 2838 354 2874 solebant.

1312 2897 1421 2931 Vm*
