2002 3342
256 206 457 238 CCCLVIII
590 187 652 220 DE
680 185 983 220 SCRIPTORVM
1010 184 1134 218 VITIS
1160 183 1220 218 ET
1248 183 1454 218 SUMPTIS

259 306 397 343 Licinii
426 302 595 351 collegae
622 299 760 337 merita
788 298 920 347 inique
948 295 1226 347 praeumbrare
1254 296 1288 333 ei
1315 294 1530 346 uideretur,
1557 299 1782 346 pertaesum

258 371 377 408 animi
406 367 661 405 offensionem
694 362 879 401 effudisse
912 373 988 399 non
1018 359 1250 399 mirabimur
1276 359 1534 410 similiterque
1563 359 1608 398 de
1629 359 1782 398 Valerio

257 436 411 473 Antiate
433 432 534 470 Liuii
562 429 812 468 seueritatem
840 427 987 477 ingenii
1008 430 1210 464 crescente
1231 437 1349 476 opere
1370 430 1522 463 auctam
1544 436 1630 463 esse
1651 436 1783 462 recor-

259 500 441 538 dabimur
467 492 566 550 (uid.
587 508 621 546 p.
639 489 868 545 CCCXXIV).
907 492 979 530 hoc
1011 503 1106 529 uero
1138 491 1278 529 uitium
1307 502 1395 528 cum
1427 491 1601 528 omnium
1627 489 1786 528 histori-

257 576 393 603 corum
420 562 684 600 Romanorum
712 569 919 596 commune
947 557 1076 606 suerit,
1103 555 1308 607 gentilium
1335 567 1495 594 suorum
1522 554 1656 593 laudes
1682 554 1785 593 ultra

258 629 418 669 modum
450 628 737 675 ueritatemque
770 622 1027 673 amplificare,
1060 621 1232 659 Macrum
1261 621 1377 659 etiam
1406 619 1444 658 id
1468 621 1594 671 egisse
1622 632 1785 659 consen-

258 702 417 734 taneum
444 697 514 739 est,
540 696 584 729 ut
610 702 688 728 non
716 688 840 727 solum
868 699 977 725 suam
1005 685 1191 725 familiam
1217 685 1319 724 ultra
1345 685 1438 723 alias
1464 684 1638 737 plebeias
1665 685 1786 724 extol-

260 761 360 798 leret
398 757 467 797 sed
506 758 622 795 etiam
660 753 766 806 plebi
802 754 843 791 in
880 753 1067 791 memoria
1099 750 1271 789 Romana
1310 763 1378 789 sua
1411 752 1496 789 iura
1529 751 1786 790 constitueret

260 829 524 876 aequaretque
546 825 733 872 quantum
762 823 894 869 posset
920 818 1108 869 patriciis.
1147 828 1246 867 quae
1270 817 1368 854 ratio
1391 827 1624 866 quamquam
1644 817 1685 854 in
1706 815 1788 854 solo

265 891 307 929 fr.
327 887 378 928 18
407 888 551 937 elucet,
584 892 713 925 tamen
741 884 897 922 Liuium
926 882 1104 921 diuersas
1130 886 1261 932 partes
1288 893 1357 932 pro
1385 893 1454 919 sua
1481 893 1675 932 quamque
1702 893 1788 919 ora-

265 957 389 993 tiones
424 953 599 992 dicentes
631 950 834 989 induxisse
862 954 916 998 et,
950 960 1022 998 qua
1057 952 1141 985 erat
1167 945 1433 985 moderatione
1461 951 1499 984 et
1524 947 1691 996 iustitia,
1725 958 1789 985 res

262 1022 314 1058 ita
337 1019 595 1070 descripsisse
616 1017 715 1054 infra
738 1013 973 1063 uidebimus,
989 1018 1032 1051 ut
1052 1024 1167 1063 saepe
1190 1013 1306 1050 etiam
1324 1011 1449 1062 plebis
1465 1023 1604 1050 causae
1626 1011 1789 1050 faueret.

262 1086 371 1136 atqui
397 1085 575 1136 proxime
596 1081 746 1119 Licinio
768 1083 1033 1118 antecesserat
1059 1079 1097 1116 in
1125 1077 1287 1116 historia
1307 1076 1483 1115 Valerius
1503 1076 1650 1127 Antias,
1677 1077 1791 1115 cuius

262 1156 385 1189 artem
412 1149 562 1201 prolixa
590 1147 813 1185 narratione
840 1143 1061 1194 fabulisque
1089 1155 1152 1181 res
1179 1141 1393 1181 exornandi
1420 1143 1472 1180 ita
1499 1141 1720 1193 superabat,
1746 1146 1791 1180 ut

263 1216 574 1266 antiquariorum
600 1223 709 1250 more
736 1222 800 1248 res
826 1211 931 1261 ipsas
957 1208 1004 1246 ad
1028 1213 1208 1246 auctores
1230 1220 1345 1258 quam
1366 1208 1534 1245 maxime
1555 1206 1630 1245 fide
1652 1206 1790 1257 dignos

264 1285 467 1319 reuocaret
494 1278 722 1329 ingeniique
750 1276 811 1314 sui
837 1275 1017 1313 acumine
1043 1274 1271 1312 memoriam
1300 1274 1384 1311 eius
1411 1271 1646 1323 exploraret,
1680 1272 1793 1310 cuius

264 1346 427 1384 rationis
453 1345 493 1382 in
521 1344 566 1381 fr.
585 1340 638 1380 14
659 1339 881 1391 exemplum
907 1338 1110 1389 habemus,
1136 1338 1203 1377 ubi
1224 1337 1366 1376 Valerii
1387 1336 1593 1376 consulum
1619 1336 1792 1375 indicem

265 1411 376 1449 libris
413 1410 544 1448 linteis
578 1407 813 1446 resutauisse
850 1401 1060 1458 uidetunl)
1101 1406 1151 1442 ita
1184 1415 1279 1442 uero
1311 1415 1389 1441 non
1427 1402 1552 1441 solum
1584 1403 1793 1441 ueritatem

264 1475 476 1528 spectabat,
503 1473 571 1513 sed
592 1474 709 1511 etiam
728 1471 902 1510 Valerios
929 1472 970 1509 in
997 1470 1116 1508 fastos
1142 1468 1278 1507 fraude
1306 1468 1443 1520 gentili
1469 1469 1638 1507 insertos
1659 1472 1792 1506 extur-

262 1541 391 1591 babat,
418 1552 465 1579 ne
487 1540 608 1578 nimia
629 1537 786 1577 illorum
806 1537 1000 1575 honorum
1021 1534 1229 1574 multitudo
1251 1547 1343 1573 suos
1364 1533 1530 1585 gentiles
1551 1532 1796 1583 obscuraret,

264 1618 466 1657 nouasque
497 1604 821 1655 interpolationes
854 1602 1086 1641 auctoritate
1118 1601 1266 1639 ueteris
1299 1600 1426 1650 gentis
1452 1598 1594 1637 Fabiae
1628 1599 1793 1648 eiusque

266 1684 354 1710 cum
378 1671 529 1709 Licinia
555 1671 687 1708 iuncta
714 1668 903 1706 affinitate
931 1667 1028 1704 scite
1050 1665 1243 1716 fulciebat,
1271 1667 1310 1703 in
1332 1677 1447 1716 quam
1470 1664 1603 1703 fauore
1624 1662 1792 1714 quodam

265 1749 307 1775 se
341 1736 552 1774 inclinasse
585 1736 702 1773 etiam
730 1734 774 1771 fr.
800 1730 852 1772 19
885 1731 1057 1783 prodidit
1089 1732 1280 1781 cuiusque
1312 1729 1553 1781 popularitas
1580 1727 1793 1767 Claudiano

265 1801 422 1840 fastidio
455 1801 619 1852 patricio
653 1799 800 1850 aliquot
826 1797 987 1836 alterius
1018 1796 1198 1847 pentadis
1228 1796 1324 1834 locis
1358 1795 1459 1846 apud
1486 1794 1642 1833 Liuium
1671 1805 1792 1844 oppo-

265 1868 339 1905 sita
368 1879 387 1905 a
414 1866 565 1904 Licinio
593 1867 632 1904 in
665 1863 824 1903 annales
850 1864 1001 1901 intrusa
1029 1874 1115 1900 esse
1144 1861 1315 1915 Soltauio
1347 1857 1503 1914 (Livius
1529 1872 1564 1910 p.
1592 1856 1672 1897 119
1688 1853 1794 1911 sqq.)

267 1932 435 1971 uidetur.

357 1996 486 2035 Nihilo
513 1998 644 2035 minus
671 2008 690 2033 a
721 1995 943 2046 principatu
970 1993 1162 2032 Fabianae
1194 1993 1381 2031 historiae
1411 1990 1578 2029 desciuit
1603 2000 1796 2041 gramma-

267 2064 435 2101 ticorum
464 2060 787 2113 inquisitionibus
814 2066 852 2100 et
879 2059 1189 2100 dubitationibus
1217 2062 1351 2097 contra
1378 2055 1484 2095 illius
1512 2054 1659 2094 fabulas
1680 2066 1796 2092 occu-

267 2133 381 2179 patus
408 2133 523 2178 atque
551 2126 679 2165 studio
707 2139 752 2165 ex
780 2126 866 2165 aliis
888 2124 1105 2175 annalibus,
1132 2125 1199 2175 qui
1219 2124 1349 2161 minus
1375 2122 1548 2160 uanitate
1576 2118 1712 2170 gentili
1738 2120 1799 2156 in-

268 2194 361 2232 fecti
388 2198 532 2243 esscnt,
558 2192 767 2231 uetustatis
793 2191 990 2230 Romanae
1022 2189 1259 2241 cognitionis
1287 2184 1583 2239 amplificandae
1610 2189 1648 2223 et
1675 2184 1798 2222 corri-

269 2258 417 2309 gendae
450 2257 497 2296 ad
531 2258 597 2296 Cn.
620 2256 787 2296 Gellium
816 2256 965 2295 delatus
992 2251 1113 2309 est2),
1147 2266 1262 2305 quem
1295 2254 1390 2291 item
1416 2252 1520 2289 inter
1545 2250 1800 2300 antiquarios,

269 2336 367 2375 quos
401 2325 497 2362 artis
523 2324 715 2362 oratoriae
742 2322 934 2372 taederet,
966 2333 1083 2372 supra
1111 2321 1313 2371 posuimus
1340 2314 1395 2370 (p.
1412 2325 1518 2355 CCIX
1533 2311 1621 2368 sq).
1661 2314 1799 2352 testifi-

268 2395 380 2427 catur
405 2389 479 2426 hoc
499 2388 708 2439 Dionysius
728 2387 1078 2436 HalicarnasensiS,
1106 2386 1172 2436 qui
1194 2383 1361 2422 Gellium
1389 2387 1449 2420 ter
1473 2377 1537 2434 (fr.
1555 2378 1621 2418 11.
1639 2377 1703 2418 16.
1723 2375 1797 2432 17)

368 2535 399 2573 1)
426 2532 522 2566 Vsus
549 2532 712 2566 Antiatis
739 2532 837 2576 apud
863 2531 1044 2566 Licinium
1071 2528 1210 2563 indicia
1236 2527 1349 2562 etiam
1370 2525 1410 2560 O.
1431 2524 1598 2559 Bocksch
1625 2524 1696 2568 (De
1720 2524 1802 2566 fon-

269 2587 366 2621 tibus
398 2587 484 2620 libri
505 2587 538 2620 V
558 2590 589 2621 et
611 2586 668 2620 VI
694 2589 769 2620 ant.
798 2586 902 2620 Rom.
929 2584 1106 2630 Dionysii
1131 2583 1220 2617 Hal.
1248 2584 1381 2625 quaest.
1410 2579 1495 2612 diss.
1523 2577 1621 2621 Lips.
1645 2579 1736 2610 1895
1763 2575 1802 2609 in

270 2640 365 2673 stud.
386 2639 484 2683 Lips.
506 2639 606 2673 XVII
625 2651 660 2683 p.
677 2642 874 2673 161—274.
901 2638 975 2672 uid.
996 2648 1091 2671 max.
1112 2648 1147 2680 p.
1163 2637 1245 2678 233)
1268 2631 1470 2677 conspexit,
1496 2630 1604 2665 illum
1623 2641 1706 2664 cum
1726 2628 1804 2663 alio

271 2694 422 2727 auctore
449 2704 470 2726 a
489 2692 594 2726 Liuio
621 2704 688 2736 per
706 2703 883 2737 magnam
907 2691 1050 2736 primae
1072 2688 1221 2723 decadis
1243 2689 1389 2732 partem
1409 2684 1703 2719 contaminatum
1722 2692 1804 2716 esse

271 2746 425 2780 Nitzsch
445 2746 584 2780 Annal.
605 2758 640 2790 p.
657 2750 722 2780 351
734 2757 813 2790 sqq.
840 2745 975 2790 posuit.

368 2800 401 2843 2)
426 2799 585 2833 inuefflt
616 2801 784 2843 tempora
815 2797 1003 2843 Kiessling
1029 2797 1083 2831 De
1109 2795 1214 2830 Dion.
1236 2793 1259 2828 f.
1281 2805 1316 2837 p.
1333 2796 1393 2835 31,
1424 2791 1523 2835 quod
1550 2788 1691 2824 Licinio
1718 2787 1805 2822 Gel-

271 2852 363 2888 lium
389 2852 600 2887 inferiorem
627 2852 741 2886 fuisse
767 2851 901 2896 posuit.
