2002 3342
317 238 403 278 262
958 235 1215 278 RELIQVIAE

318 360 383 385 ces
404 348 622 386 Poenorum
651 348 689 385 in
713 346 909 398 Hispania,
935 352 1120 397 quattuor
1141 348 1336 386 exercitus
1366 347 1463 386 fudit
1490 348 1729 399 fugauitque,
1757 348 1843 386 ideo

319 412 534 463 Syphacem
561 413 676 463 cepit,
704 411 957 450 Hannibalem
987 410 1143 462 deuicit,
1171 412 1445 463 Carthaginem
1472 411 1703 462 uectigalem
1732 413 1845 451 nobis

319 478 427 527 fecit,
460 477 693 515 Antiochum
728 473 889 529 (recipit
915 478 1020 514 enim
1054 476 1212 515 fratrem
1242 483 1463 516 consortem
1491 478 1607 517 huius
1635 478 1780 529 gloriae
1808 478 1848 516 L.

319 538 469 596 Scipio)
504 542 605 580 ultra
639 543 727 591 iuga
754 541 872 580 Tauri
908 542 1072 591 emouit,
1105 546 1148 579 ut
1181 541 1331 580 duobus
1364 542 1528 581 Petilliis
1564 543 1852 594 succumberet,

317 620 388 645 uos
416 606 462 645 de
491 607 528 645 P.
550 607 731 645 Africano
765 606 933 657 palmam
962 604 1180 657 peteretis?
1219 606 1389 645 nullisne
1422 609 1573 646 meritis
1601 609 1700 659 suis,
1733 607 1852 647 nullis
1871 622 1888 647 5

318 674 464 711 uestris
497 672 712 710 honoribus
745 685 931 723 umquam
965 673 1004 710 in
1039 685 1168 711 arcem
1203 678 1324 711 tutam
1352 677 1391 711 et
1416 672 1525 711 uelut
1551 678 1726 712 sanctam
1754 672 1852 712 clari

317 738 394 776 uiri
425 738 678 788 peruenient,
711 737 796 788 ubi,
830 739 862 775 si
897 749 973 775 non
1000 737 1257 788 uenerabilis,
1291 737 1476 776 inuiolata
1504 737 1640 776 saltem
1668 744 1852 777 senectus

318 815 454 841 eorum
482 800 702 841 considat?
743 803 867 840 mouit
895 807 933 840 et
964 801 1166 841 decretum
1193 808 1232 841 et
1265 802 1416 841 adiecta
1442 804 1567 841 oratio
1594 815 1672 842 non
1699 808 1853 842 ceteros

318 867 444 918 modo,
472 867 540 906 sed
561 868 667 919 ipsos
689 868 806 905 etiam
828 872 1090 918 accusatores,
1115 873 1153 906 et
1174 867 1458 906 deliberaturos
1479 880 1532 918 se,
1554 867 1647 919 quid
1667 869 1768 907 iuris
1790 870 1852 907 sui

268 934 293 968 k
321 938 358 971 et
383 933 503 971 officii
531 938 646 980 esset,
675 931 867 971 dixerunt.
909 938 1068 971 senatus
1091 932 1230 971 deinde
1251 932 1416 971 concilio
1444 932 1570 983 plebis
1599 932 1762 972 dimisso
1785 933 1851 972 ha·
1872 945 1907 970 10

318 998 404 1036 beri
431 1003 491 1036 est
515 1002 688 1049 coeptus.
727 997 781 1036 ibi
809 998 957 1048 gratiae
984 998 1166 1048 ingentes
1187 997 1233 1036 ab
1254 999 1442 1037 uniuerso
1464 997 1614 1049 ordine,
1640 999 1853 1050 praecipue

318 1075 337 1100 a
354 1062 627 1101 consularibus
649 1062 964 1113 senioribusque,
986 1062 1042 1101 Ti.
1060 1062 1234 1102 Graccho
1251 1069 1358 1101 actae
1379 1068 1481 1113 sunt,
1503 1063 1607 1114 quod
1622 1076 1705 1102 rem
1725 1063 1853 1114 publi-

319 1140 403 1165 cam
431 1129 596 1178 priuatis
618 1127 881 1166 simultatibus
908 1129 1102 1178 potiorem
1129 1127 1344 1178 habuisset,
1374 1134 1412 1167 et
1435 1128 1578 1166 Petillii
1605 1130 1737 1167 uexati
1763 1134 1856 1167 sunt

319 1192 492 1244 probris,
526 1191 629 1243 quod
656 1192 864 1243 splendere
892 1192 1016 1231 aliena
1044 1193 1193 1232 inuidia
1219 1193 1440 1232 uoluissent
1465 1199 1504 1232 et
1530 1193 1654 1244 spolia
1681 1207 1725 1232 ex
1752 1194 1854 1232 Afri-

278 1260 291 1293 1
319 1259 405 1296 cani
438 1257 637 1308 triumpho
670 1262 862 1308 peterent.
906 1257 1108 1297 silentium
1136 1258 1278 1297 deinde
1312 1258 1357 1297 de
1385 1259 1567 1297 Africano
1601 1259 1684 1297 fuit.
1728 1260 1851 1298 uitam
1874 1270 1908 1295 ιδ

319 1322 468 1361 Literni
498 1324 576 1373 egit
609 1323 693 1360 sine
729 1321 925 1361 desiderio
953 1323 1076 1362 urbis.
1115 1325 1350 1362 morientem
1379 1336 1469 1362 rure
1497 1335 1542 1362 eo
1569 1325 1654 1374 ipso
1681 1323 1766 1362 loco
1793 1336 1853 1363 se-

318 1387 433 1439 peliri
466 1400 507 1425 se
541 1389 706 1426 iussisse
740 1388 872 1427 ferunt
904 1394 1283 1440 monumentumque
1316 1389 1369 1427 ibi
1403 1388 1620 1439 aedificari,
1652 1402 1702 1428 ne
1736 1389 1854 1428 funus

250 1462 285 1483 m
319 1453 393 1491 sibi
426 1454 465 1491 in
499 1454 650 1503 ingrata
683 1454 809 1503 patria
842 1454 965 1492 fleret.
1011 1455 1074 1492 uir
1105 1454 1373 1493 memorabilis
1400 1453 1552 1493 bellicis
1579 1459 1709 1493 tamen
1737 1467 1854 1506 quam

411 1589 435 1624 1.
463 1591 566 1625 Haec
598 1603 621 1625 a
654 1591 797 1626 Valerio
828 1596 985 1626 narrata
1017 1603 1087 1627 esse
1118 1593 1267 1637 insuper
1296 1592 1564 1627 demonstratur
1595 1592 1712 1636 ipsias
1744 1592 1853 1626 Liuii

317 1639 436 1672 uerbis
462 1640 659 1680 39,52,1,
694 1639 760 1672 abi
791 1640 970 1673 sententia
1003 1643 1144 1674 mutata
1179 1641 1331 1674 alteram
1364 1641 1503 1682 famam
1539 1640 1728 1683 amplexas
1762 1651 1852 1682 eam,

317 1697 426 1729 qaam
446 1686 486 1719 in
506 1686 597 1720 libro
618 1686 739 1720 XXX
752 1686 851 1720 VIII
865 1691 1006 1721 secutus
1025 1691 1114 1729 erat,
1134 1692 1175 1722 at
1203 1688 1437 1721 Valerianam
1458 1686 1850 1731 refutathcipionem

319 1735 355 1767 et
387 1732 563 1776 Polybius
596 1734 633 1766 et
659 1732 821 1766 Rutilius
853 1733 922 1767 hoc
956 1745 1051 1768 anno
1084 1736 1269 1768 mortuum
1302 1745 1381 1768 esse
1415 1733 1592 1768 scribunt.
1632 1744 1700 1778 ego
1730 1744 1852 1777 neque

318 1779 376 1813 his
402 1791 521 1823 neque
542 1779 720 1814 Valerio
748 1780 947 1815 adsentior.
976 1802 1020 1806 ——
1046 1782 1280 1815 Antiatem
1307 1783 1496 1815 auctorem
1520 1780 1659 1815 refellit
1678 1781 1851 1815 tribunus

318 1827 439 1871 plebis
466 1828 512 1861 M.
534 1827 717 1869 Naeuius,
751 1827 928 1862 aduersus
956 1839 1065 1872 quem
1098 1829 1216 1863 oratio
1243 1829 1422 1873 inscripta
1449 1828 1485 1862 P.
1508 1828 1674 1862 Africani
1700 1830 1757 1863 est
1782 1829 1851 1874 [ef.

319 1875 520 1920 ‚38,56,5].
559 1875 619 1908 hic
652 1874 817 1908 Naeuius
849 1875 888 1908 in
920 1875 1207 1921 magistratuum
1239 1875 1344 1910 libris
1376 1877 1432 1911 est
1463 1875 1634 1909 tribunus
1666 1875 1787 1919 plebis
1812 1875 1853 1910 P.

319 1921 474 1956 Claudio
503 1922 538 1955 L.
561 1922 689 1956 Porcio
717 1922 929 1956 consulibus
955 1924 1061 1968 [134.
1084 1924 1190 1969 570],
1216 1923 1280 1957 sed
1302 1923 1388 1957 iniit
1406 1923 1640 1957 tribunatum
1661 1923 1728 1967 Ap.
1745 1922 1853 1958 Clau-

319 1969 380 2003 dio
413 1969 460 2002 M.
484 1969 699 2013 Sempronio
733 1969 947 2004 consulibus
979 1971 1086 2016 [185.
1107 1972 1201 2017 569]
1233 1972 1319 2005 ante
1347 1970 1445 2004 diem
1471 1972 1646 2014 quartum
1672 1970 1755 2004 idus
1782 1970 1854 2005 De-

318 2017 494 2051 cembres.
533 2017 620 2051 inde
651 2018 725 2051 tres
758 2028 901 2051 menses
934 2017 980 2051 ad
1013 2018 1096 2052 idus
1124 2018 1278 2052 Martias
1311 2020 1413 2060 sunt,
1447 2017 1582 2061 quibus
1615 2017 1654 2051 P.
1676 2017 1853 2052 Claudius

318 2064 356 2098 L.
380 2064 528 2098 Porcius
554 2064 788 2098 consulatum
813 2064 987 2099 inierunt.
1024 2065 1078 2099 ita
1105 2066 1141 2099 et
1166 2066 1304 2100 uixisse
1324 2065 1362 2099 in
1382 2065 1575 2099 tribunatu
1595 2064 1730 2099 Naeuii
1750 2065 1855 2099 uide-

318 2114 381 2146 tur
406 2112 559 2155 diesque
587 2111 620 2146 ei
647 2111 721 2145 diei
748 2111 795 2145 ab
822 2123 864 2146 eo
892 2112 1076 2156 potuisse,
1104 2113 1304 2148 decessisse
1331 2114 1457 2147 autem
1484 2114 1569 2146 ante
1595 2112 1633 2146 L.
1650 2112 1791 2146 Valerii
1817 2114 1856 2146 et

319 2159 367 2193 M.
390 2160 510 2194 Porcii
538 2170 739 2193 censuram.
774 2159 912 2194 Liuius
938 2161 1053 2205 igitur
1073 2161 1168 2204 qaod
1192 2162 1233 2194 in
1252 2162 1344 2195 libro
1366 2160 1602 2195 XXXVIII
1615 2160 1690 2204 ‘ipse
1710 2161 1751 2195 de
1772 2171 1853 2195 ora-

320 2208 431 2242 tionis
457 2220 476 2240 a
505 2207 546 2241 P.
568 2207 735 2250 Scipione
760 2212 886 2242 contra
912 2208 1099 2242 Naeuium
1124 2209 1268 2242 habitae
1293 2208 1363 2251 fide
1383 2212 1414 2242 et
1434 2208 1648 2242 auctoritate
1667 2207 1854 2242 dubitauit

319 2259 426 2298 atque
454 2255 596 2289 Valerio
629 2258 710 2289 teste
742 2266 816 2289 non
848 2255 1036 2289 Naeuium
1066 2256 1127 2290 secl
1154 2256 1317 2290 Petillios
1343 2255 1575 2298 Scipionibus
1597 2254 1691 2289 diem
1717 2255 1853 2290 dixisse

319 2303 504 2343 narrauit,
530 2302 642 2336 totius
667 2303 896 2336 narrationis
915 2303 1165 2337 auctoritatem
1185 2307 1329 2347 excepta
1350 2302 1547 2346 appendice
1568 2302 1616 2336 ad
1636 2313 1714 2336 eum
1736 2307 1853 2337 trans-

320 2351 414 2383 tulit.
454 2350 498 2391 cf.
519 2360 635 2393 supra
654 2360 687 2392 p.
705 2359 846 2384 cccxiv.
885 2350 927 2384 in
952 2350 1043 2384 libro
1064 2355 1183 2386 autem
1209 2353 1267 2393 45,
1283 2353 1342 2392 38,
1360 2353 1380 2383 7
1408 2350 1545 2384 Liuius
1564 2349 1682 2384 denuo
1701 2349 1751 2384 ad
1770 2361 1851 2384 eum

414 2475 433 2509 1
463 2473 697 2522 fugauitque
717 2468 904 2525 (fugauit,
925 2472 1097 2517 Quirites
1118 2474 1177 2510 M.
1192 2468 1378 2525 Illueller)
1407 2476 1474 2510 (mi
1493 2474 1650 2522 fugauit
1671 2473 1760 2510 libri
1781 2485 1854 2511 rec.

321 2532 556 2579 necauitque
593 2533 699 2579 Moy.
824 2534 846 2568 3
880 2533 1020 2581 recipit
1052 2533 1222 2579 Illaclnfis]
1253 2533 1331 2570 uid.
1358 2532 1521 2569 Emcnd.
1548 2543 1588 2578 p.
1613 2532 1698 2569 552
1711 2543 1764 2579 sq.
1796 2544 1856 2569 re-

321 2591 424 2639 cepit
449 2591 539 2628 libri·
666 2592 688 2628 5
721 2591 767 2628 de
793 2590 835 2628 P.
857 2591 1044 2629 Africano
1071 2593 1176 2639 Illoy.
1210 2592 1256 2629 de
1281 2604 1376 2640 pace
1404 2591 1580 2628 Africani
1607 2591 1697 2628 libri
1722 2603 1794 2629 rec.

321 2650 506 2698 peteretis
533 2651 638 2698 Moy.
660 2661 684 2693 ς
715 2651 986 2698 impetraretis
1012 2652 1071 2688 M.
1086 2651 1248 2698 Seyffert
1271 2652 1314 2688 in
1339 2651 1452 2687 Ialm.
1478 2651 1609 2687 annal.
1634 2651 1688 2687 83
1708 2663 1751 2698 p.
1767 2651 1853 2688 829

321 2710 404 2757 peti
430 2708 592 2746 feretis?
617 2710 787 2757 Masinis]
892 2710 914 2746 ss
944 2711 1086 2748 uestris
1113 2711 1202 2748 libres
1234 2710 1377 2747 nostris
1405 2710 1586 2757 DIaduiy,
1612 2710 1708 2747 delet
1732 2710 1855 2747 Hertz

374 2771 465 2814 post
495 2768 707 2806 honoribus
731 2769 1187 2807 Weissenborn-Itlaeller
1219 2768 1390 2812 Quirites
1422 2770 1599 2806 inserunt
1664 2781 1854 2817 umquam

323 2828 405 2863 —7
435 2828 575 2864 saltem
601 2828 691 2865 libri
717 2839 788 2865 rec.
816 2839 905 2872 om,
932 2829 1020 2865 add.
1049 2841 1093 2867 ex
1119 2829 1223 2876 Moy.
1257 2823 1463 2878 umquam]
1492 2839 1659 2876 cumqua
1685 2828 1791 2876 Moy.

326 2888 378 2923 10
406 2887 444 2923 et
470 2898 538 2923 oni.
568 2889 745 2933 spiristum·
772 2887 861 2924 libri
886 2899 956 2925 rec.
1083 2889 1133 2924 16
1161 2887 1244 2924 ruri
1270 2887 1331 2924 uel
1357 2888 1397 2923 in
1423 2899 1512 2923 rure
1541 2887 1770 2935 Wesenberg]
