2002 3342
482 161 829 196 CORNELIonvM
857 162 1116 197 seimova
1144 164 1370 199 nismem
1583 181 1690 211 CXIX

160 276 228 324 sit,
262 281 343 312 tum
384 280 421 312 et
454 274 578 324 ipsius
606 272 806 311 Ciceronis
840 279 875 311 et
907 274 1006 312 Liuii
1041 277 1275 313 testimoniis
1310 278 1574 317 confirmatur.
1627 279 1689 317 ille

159 342 265 378 enim
294 339 359 391 tde
389 338 508 377 diuin.
533 336 568 388 1,
591 337 657 387 21,
679 336 746 387 43,
776 338 819 376 fr.
842 337 886 391 ὃ)
918 338 1023 376 Fabii
1048 340 1212 378 Pictoris
1234 342 1402 379 Graecos
1431 343 1600 393 annales,
1628 345 1689 382 hic

159 402 248 457 (35,
266 403 330 454 14,
346 402 384 453 5,
406 404 449 442 fr.
469 400 513 456 5)
536 404 704 441 Graecos
720 403 914 441 Acilianos
936 403 1056 442 libros
1078 405 1262 456 laudauit,
1283 414 1676 460 ‹111ffl'11n1utrunlque

160 477 198 508 et
226 469 385 508 Fabium
415 475 451 507 et
479 468 656 518 Acilium,
685 481 747 506 res
775 468 968 507 Romanas
995 482 1199 507 enarrasse
1228 477 1389 510 constat.

248 535 301 573 De
343 535 505 572 historia
544 546 639 572 uero
679 535 762 572 eius
806 543 962 584 praeter
1000 533 1126 573 locum
1169 536 1276 574 illum
1317 536 1413 575 nihil
1453 540 1690 589 accepimus,

156 612 285 651 neque
319 612 459 650 operae
493 600 662 650 pretium
697 604 756 637 est
790 598 835 637 de
869 600 953 637 eius
981 605 1211 650 argumento
1239 603 1484 640 coniecturas
1512 604 1688 654 proferre

157 671 314 716 praeter
346 662 637 717 Mommsenil),
677 666 742 715 qui
776 664 922 703 bellum
956 666 1059 715 regis
1087 666 1266 703 Antiochi
1301 679 1344 705 ea
1378 669 1568 718 scriptum
1602 682 1687 709 esse

155 732 243 769 ueri
270 730 396 769 simile
426 743 511 768 esse
537 731 702 768 censuit.
749 743 837 768 cum
860 731 1028 768 certiore
1050 730 1322 781 probabilitate
1344 744 1467 782 genus
1489 734 1687 773 scribendi

155 793 460 834 ‘dulcissimum'
492 794 760 846 Xenophontis
787 795 914 833 simile
943 795 1064 833 fuisse
1092 795 1364 847 iudicabimus,
1395 797 1440 835 ad
1468 800 1580 837 cuius
1608 806 1688 839 stu-

157 860 264 899 dium
297 862 413 899 etiam
447 860 570 899 filium
606 860 776 899 deduxit.
828 860 929 911 apud
962 860 1165 911 Polybium
1200 861 1349 900 nullum
1384 864 1467 901 eius
1501 863 1686 904 historiae

155 927 366 976 uestigium
395 927 651 977 conspicuum
679 931 754 975 est,
791 925 830 964 id
857 925 961 976 quod
987 927 1131 964 mirum
1161 933 1235 977 est,
1276 928 1351 965 nisi
1386 928 1484 966 sorte
1519 932 1686 979 cognitio

154 990 376 1029 litterarum
397 991 551 1029 illarum
573 990 620 1029 ad
641 990 750 1029 illum
774 990 885 1029 redit.
919 992 1048 1042 ipsum
1067 991 1291 1042 Scipionem
1307 992 1442 1031 Liuius
1463 990 1531 1043 40,
1546 993 1615 1045 42,
1633 994 1685 1035 13

152 1068 343 1106 augurem
371 1069 401 1095 a.
427 1053 520 1095 180.
543 1052 632 1096 574
656 1057 697 1094 in
724 1055 853 1094 locum
881 1056 944 1107 Sp.
966 1056 1155 1095 Postumii
1182 1057 1312 1095 Albini
1343 1064 1566 1109 cooptatum
1600 1073 1685 1099 esse

152 1121 330 1171 tradidit,
368 1122 504 1160 Cicero
538 1121 752 1160 identidem
782 1118 881 1174 (Cat.
910 1122 998 1160 mai.
1029 1119 1093 1171 11,
1115 1119 1183 1162 35.
1230 1122 1276 1161 de
1304 1124 1404 1161 offic.
1436 1121 1470 1173 1,
1498 1122 1565 1173 33,
1591 1123 1684 1165 121.

150 1199 222 1237 pro
243 1187 355 1225 Arch.
380 1185 415 1237 T,
440 1185 511 1240 10)
539 1193 583 1225 ut
608 1186 918 1225 imbecillitatem
946 1192 983 1225 et
1008 1188 1279 1226 infirmitatem
1306 1194 1467 1227 naturae
1495 1192 1686 1249 queritur,

149 1252 204 1289 ita
237 1254 401 1290 summis
435 1252 616 1291 laudibus
650 1252 763 1290 effert
798 1251 1016 1290 doctrinam
1050 1253 1134 1291 eius
1162 1253 1402 1292 uberrimam
1437 1260 1569 1306 atque,
1609 1259 1685 1296 nisi

150 1316 334 1356 ualetudo
354 1318 484 1356 tenuis
506 1318 653 1367 suisset,
676 1318 851 1356 futurum
874 1317 994 1356 fuisse
1017 1319 1225 1369 existimat,
1247 1324 1290 1357 ut
1310 1319 1476 1358 alterum
1498 1322 1686 1361 existeret

151 1381 284 1421 lumen
312 1384 494 1421 ciuitatis.
529 1383 778 1434 eloquentem
800 1395 888 1421 eum
911 1383 1032 1422 fuisse
1054 1385 1171 1422 etiam
1193 1383 1362 1423 Velleius
1387 1382 1422 1435 1,
1448 1382 1511 1435 10,
1527 1383 1552 1424 3
1581 1399 1684 1425 com-

149 1450 395 1486 memorauit.
442 1448 609 1499 denique
637 1447 796 1486 accedat
823 1447 990 1498 elogium
1020 1460 1065 1486 ex
1094 1448 1323 1499 Scipionum
1356 1449 1537 1500 sepulcro
1571 1452 1684 1490 effos-

148 1524 255 1564 sum,
295 1513 398 1564 quod
434 1514 643 1565 quominus
679 1513 726 1551 ad
761 1513 866 1552 hunc
903 1514 1113 1563 referatur,
1152 1513 1250 1551 nihil
1288 1513 1417 1552 obstat
1449 1511 1683 1568 (Mommsen

149 1576 189 1616 C.
211 1578 236 1616 Ι.
259 1578 297 1617 L.
326 1578 340 1616 1
368 1591 403 1616 n.
426 1576 481 1617 33
508 1592 544 1630 p.
570 1577 634 1629 19,
663 1578 880 1617 Buecheler
908 1580 947 1617 in
974 1578 1167 1628 antholog.
1196 1578 1258 1617 lat.
1286 1579 1318 1617 11
1347 1576 1384 1629 8,
1408 1575 1470 1633 7>:

397 1664 498 1709 [mel
523 1666 640 1712 [tstice
667 1666 825 1711 inse'qne
852 1659 993 1714 dialffs
1013 1659 1215 1714 flJame‘m's
1238 1658 1459 1716 qesistee'2),

394 1729 506 1767 Mors
522 1725 745 1779 perfeffltil]
772 1733 853 1776 tam,
883 1734 924 1766 ut
951 1735 1082 1767 essent
1108 1730 1242 1766 omnia
1271 1729 1426 1775 breuia,

390 1796 516 1833 honos
537 1794 652 1843 sama
679 1797 902 1842 inritusque,
927 1796 1064 1842 qlorict
1091 1800 1212 1842 alque
1238 1796 1457 1843 inssem‘ztm,

390 1861 535 1908 quibus
559 1862 619 1898 sel
645 1862 686 1897 in
712 1861 835 1907 Ζωϊρα
861 1856 1062 1910 ῖῑ“ειι[ῑ]36ῑ
1089 1860 1169 1897 sibe
1197 1861 1303 1897 ulier
1331 1861 1427 1906 nita,

385 1925 512 1974 facile
534 1925 683 1974 facteis
707 1936 922 1973 ευμεν-(1363
946 1926 1122 1972 qloriam
1149 1927 1358 1962 maiorum.

389 2002 518 2039 quare
544 1991 683 2029 lubens
710 1996 747 2028 te
773 1992 812 2028 e'n
838 1992 1010 2037 qreme'u,
1039 1990 1188 2038 See'pe'o,
1215 1986 1401 2040 reee'pspfl

390 2062 514 2103 terra,
543 2056 671 2098 Publi,
690 2060 942 2104 proqnatum
968 2056 1123 2102 Publio,
1157 2055 1327 2093 Corneli.

1680 441 1690 459 7

234 2139 412 2178 Imitatus
445 2143 505 2176 est
537 2150 718 2176 socerum
751 2137 790 2176 P.
819 2137 1025 2176 Cornelius
1059 2137 1190 2188 Scipio
1225 2136 1392 2175 Nasica
1428 2138 1677 2177 Corculum

142 2218 164 2244 a
187 2204 331 2243 Catone
360 2203 461 2255 apud
483 2203 712 2241 Ciceronem
735 2199 835 2255 (Cat.
861 2201 925 2252 14,
947 2199 1024 2257 50)
1052 2208 1213 2253 propter
1234 2202 1407 2241 studium
1428 2208 1466 2241 et
1487 2204 1678 2254 pontificii

142 2276 183 2309 et
202 2269 332 2309 ciuilis
353 2270 450 2307 iuris
471 2268 662 2318 laudatus,
684 2267 873 2319 eloquens
893 2267 1049 2306 habitus
1072 2263 1199 2321 (Brut.
1221 2266 1289 2318 20,
1314 2264 1399 2320 752),
1427 2281 1504 2306 cos
1526 2281 1556 2307 a.
1583 2267 1676 2307 162.

144 2333 241 2386 592,
266 2332 360 2374 155.
376 2331 473 2384 599,
496 2346 601 2372 cens.
620 2331 714 2373 159.
730 2330 828 2383 595,
850 2333 1024 2384 pontifex
1046 2334 1242 2371 maximus
1264 2345 1296 2371 a.
1316 2330 1409 2371 150.
1427 2330 1513 2372 604
1540 2334 1676 2383 factus,

141 2414 175 2439 a.
200 2398 294 2439 147.
316 2397 399 2438 607
429 2400 614 2450 princeps
642 2405 812 2448 senatus,
840 2398 1005 2437 multum
1034 2399 1154 2449 igitur
1180 2399 1220 2436 in
1248 2397 1366 2436 rebus
1393 2398 1561 2448 publicis
1588 2411 1675 2438 uer-

141 2472 260 2504 satus.
305 2465 409 2503 idem
436 2470 567 2503 tamen
601 2465 716 2502 etiam
749 2463 854 2502 laudi
887 2476 979 2502 suae
1008 2463 1215 2502 consuluit.
1262 2476 1324 2502 res
1352 2465 1456 2502 enim
1487 2466 1526 2502 in
1554 2464 1675 2503 Ther-

142 2530 307 2582 mopylis
340 2535 428 2568 ante
461 2541 630 2580 pugnam
664 2528 909 2579 Pydnensem
943 2534 1072 2579 gestas
1105 2530 1157 2567 ita
1191 2529 1467 2578 conformauit,
1507 2535 1548 2568 ut
1585 2542 1673 2568 cum

239 2667 270 2709 1)
299 2666 344 2701 R.
368 2667 413 2701 F.
435 2667 467 2700 Π
493 2679 528 2711 p.
550 2670 617 2702 513
633 2679 724 2711 sqq„
753 2669 880 2701 contra
907 2678 1017 2710 quem
1037 2666 1104 2701 Ed.
1125 2666 1252 2711 Meyer
1273 2679 1364 2702 mus,
1386 2667 1500 2701 Rhen.
1522 2665 1673 2701 XXXVI

140 2719 262 2761 (1881)
288 2730 321 2762 p.
347 2723 531 2753 120—126
559 2720 778 2765 disputauit.

140 2774 270 2859 adm?
298 2771 398 2806 Haec
425 2772 589 2807 flamonii
616 2774 916 2808 commemoratio
943 2775 1074 2818 postea
1095 2773 1242 2807 adiecta
1263 2774 1328 2807 est.
1363 2773 1438 2808 uid.
1455 2771 1671 2806 Buecheleri
