2002 3342
319 210 455 240 CXCIV
650 196 712 229 DE
742 195 1048 230 SCRIPTORVM
1075 196 1198 231 VITIS
1226 196 1287 230 ET
1314 196 1521 232 SCRIPTIS

318 321 405 346 nam
435 321 523 347 cum
552 308 626 346 duo
655 313 804 345 tantum
828 307 943 345 modo
965 307 1146 346 consules
1169 307 1207 346 C.
1223 307 1362 346 Fannii
1383 314 1581 347 exstarent.
1602 322 1633 348 3.
1653 308 1745 348 101.
1763 307 1849 349 593

316 379 351 412 et
384 372 477 412 122.
501 371 605 424 632,
632 374 741 424 prior
766 384 862 411 uero
890 374 929 411 in
957 373 1066 411 fastis
1094 372 1322 423 Capitolinis
1351 373 1549 412 diceretur
1581 375 1618 412 C.
1636 375 1666 424 f.
1694 376 1732 413 C.
1754 372 1851 429 ml),

315 440 355 477 in
384 439 457 477 hoc
483 438 596 477 titulo
622 450 744 476 unum
774 437 921 476 dictum
949 450 1034 476 esse
1061 437 1125 476 ille
1152 439 1215 476 uir
1242 437 1494 477 doctissimus
1528 439 1721 478 conclusit
1748 452 1854 491 eum,

317 505 383 555 qui
411 516 500 542 cum
528 503 595 542 Cn.
616 503 786 541 Domitio
807 502 1065 541 Ahenobarbo
1091 515 1191 541 anno
1216 500 1310 542 122.
1333 501 1417 542 632
1445 504 1581 543 60115111
1609 505 1759 555 suisset,
1787 504 1850 543 Ci-

318 581 503 607 ceronem
531 570 652 619 igitur
678 567 774 606 falso
802 569 841 606 in
862 568 982 607 Bruto
1010 568 1115 606 hunc
1143 567 1236 606 Gaio
1263 574 1373 619 patre
1400 575 1534 608 natum
1557 569 1715 608 dixisse.
1749 583 1851 621 quae

317 635 491 685 suspicio
513 633 604 672 inde
626 634 893 684 confirmatur,
921 633 1036 684 quod,
1063 646 1151 671 cum
1173 632 1292 672 Bruto
1318 634 1526 673 scribendo
1547 647 1705 686 operam
1729 635 1853 687 daret,

316 712 404 738 eum
438 705 599 751 propter
632 704 835 737 auctorum
871 698 1093 737 dissensum
1123 697 1168 737 de
1198 698 1260 737 his
1286 698 1445 738 Fanniis
1472 699 1698 751 ambiguum
1727 701 1848 739 fuisse

316 770 371 816 et,
404 766 635 816 priusquam
670 776 733 803 res
767 764 813 802 ab
846 764 973 802 Attico
1006 765 1130 802 amico
1165 763 1345 815 expedita
1385 771 1505 815 esset,
1542 765 1606 803 illa
1639 767 1849 817 scripsisse

316 843 362 869 ex
390 832 515 882 ipsius
543 830 686 869 litteris
713 831 805 868 anni
831 826 899 868 45.
918 826 1001 867 709
1030 825 1097 881 (311
1116 829 1191 867 Α11.
1216 827 1282 879 12,
1302 827 1341 879 ὃ,
1362 827 1400 868 3.
1428 830 1473 868 fr.
1495 826 1541 884 9)
1570 832 1849 882 comperimus.

403 895 483 934 Iam
509 895 606 933 haec
633 900 724 933 sunt
752 894 797 933 de
826 894 865 933 C.
888 894 1065 945 Fanniis,
1099 896 1165 945 qui
1193 894 1257 933 illa
1286 899 1410 934 aetate
1438 895 1601 946 suerint,
1634 897 1848 935 memoriae

316 960 456 999 tradita
483 957 720 1012 (Mommsen
747 959 769 998 l.
792 972 819 998 s.
842 972 876 1010 p.
902 955 1022 1007 1583:

405 1039 436 1065 a.
466 1023 561 1064 146.
584 1023 667 1064 608
697 1024 736 1063 C.
757 1025 929 1063 Fannius
955 1025 1186 1076 historicus,
1216 1037 1305 1064 cum
1332 1024 1515 1064 Tiberius
1542 1024 1742 1065 Gracchus
1767 1027 1848 1077 pri-

314 1103 401 1130 mus
429 1090 675 1141 Carthaginis
702 1090 812 1129 1111115
839 1102 974 1128 11111105
1001 1090 1250 1142 ascenderet,
1284 1090 1519 1130 subsecutus
1547 1096 1606 1129 est
1631 1092 1848 1143 particeps-

317 1169 391 1208 que
419 1156 524 1195 illius
551 1155 678 1195 laudis
706 1157 780 1195 fuit
806 1153 871 1209 (fr.
893 1152 953 1210 4).

404 1235 434 1261 a.
465 1220 560 1260 142.
583 1219 668 1261 612
695 1223 718 1260 1.
742 1235 773 1260 6.
796 1222 835 1260 P.
856 1222 1037 1259 Africano
1065 1221 1106 1259 L.
1127 1221 1313 1260 Mummio
1347 1221 1578 1260 censoribus
1612 1221 1651 1260 C.
1673 1221 1849 1261 Fannius

316 1287 362 1325 M.
384 1288 406 1326 s.
428 1287 671 1326 tribunatum
698 1286 800 1338 pleb.
823 1288 946 1337 gessit
972 1282 1071 1338 (Cic.
1093 1286 1139 1325 ad
1159 1286 1233 1326 Att.
1259 1284 1324 1338 16,
1348 1285 1400 1326 13
1416 1300 1448 1338 6,
1469 1285 1505 1325 2.
1540 1286 1647 1326 Brut.
1664 1284 1732 1338 26,
1751 1285 1848 1339 100,

316 1351 496 1391 ‘arbitrio
524 1358 562 1391 et
589 1353 820 1391 auctoritate
847 1352 886 1390 P.
907 1348 1128 1405 Africani').

403 1432 434 1457 3.
453 1417 548 1458 141.
565 1416 650 1457 613
671 1418 845 1457 Fannius
867 1417 987 1456 Laelii
1009 1430 1130 1468 gener
1150 1419 1189 1456 in
1210 1417 1397 1468 Hispania
1417 1417 1605 1456 ulteriore
1634 1417 1705 1456 sub
1726 1417 1849 1456 Fabio

312 1484 479 1522 Maximo
514 1483 733 1522 Seruiliano
766 1496 837 1534 pro
874 1482 1035 1522 consule
1072 1484 1228 1533 egregie
1264 1484 1456 1533 pugnauit
1494 1488 1628 1521 contra
1655 1482 1848 1522 Viriatum

313 1547 427 1602 (App.
448 1549 580 1587 Hiber.
603 1547 669 1588 67.
704 1549 787 1588 Liu.
809 1548 952 1600 Oxyrh.
974 1545 1029 1588 53
1050 1561 1086 1599 p.
1111 1545 1206 1599 141,
1230 1544 1314 1586 170
1334 1545 1503 1600 1105511).

403 1627 433 1653 3.
459 1612 553 1653 132.
576 1612 662 1653 622
689 1610 816 1667 (66116
842 1615 947 1652 111161
974 1626 1095 1652 3111105
1119 1611 1213 1652 133.
1236 1610 1318 1652 621
1349 1619 1387 1652 61
1410 1611 1505 1652 131.
1529 1610 1634 1667 623)
1661 1613 1850 1665 Fannius,

313 1680 359 1718 M.
383 1680 418 1730 s.,
444 1685 614 1731 praetor,
641 1686 685 1718 ut
704 1679 874 1731 Hyrcani
894 1679 1032 1730 legatis
1054 1691 1287 1730 responsum
1309 1678 1479 1730 daretur,
1500 1684 1680 1718 senatum
1702 1691 1847 1718 conuo-

314 1746 419 1784 cauit
445 1741 614 1798 (Ioseph.
637 1746 756 1796 antiq.
782 1743 847 1796 13,
869 1742 907 1796 9,
928 1740 985 1797 2).

401 1823 432 1849 3.
458 1808 552 1849 122.
574 1808 659 1849 632
697 1810 735 1848 C.
764 1810 953 1861 Fannius,
985 1810 1031 1849 M.
1063 1810 1105 1861 f.‚
1139 1809 1208 1848 Gai
1241 1808 1407 1848 Gracchi
1439 1810 1671 1848 auctoritate
1707 1814 1845 1852 consul

311 1876 436 1915 factus
463 1872 580 1929 (Plut.
603 1875 642 1914 C.
664 1875 727 1914 Gr.
752 1874 817 1927 11,
832 1873 878 1928 2)
906 1875 945 1913 C.
967 1875 1134 1913 Domitio
1155 1874 1411 1924 Ahenobarbo
1448 1874 1594 1925 collega
1621 1876 1661 1912 in
1683 1873 1846 1913 Galliam

311 1943 431 1980 misso
465 1942 549 1992 ipse
583 1940 629 1979 ad
663 1953 726 1980 res
752 1940 946 1979 Romanas
979 1942 1019 1979 in
1053 1940 1150 1979 urbe
1177 1939 1369 1991 gerendas
1402 1941 1442 1978 in
1475 1937 1575 1979 urbe
1608 1939 1771 1978 relictus
1799 1939 1848 1978 ab

313 2008 437 2045 amico
466 2006 633 2045 desciuit
661 2012 699 2044 61
726 2011 859 2045 6011113
882 2005 1100 2044 Gracchum
1129 2005 1175 2044 de
1203 2006 1321 2044 sociis
1345 2010 1384 2044 et
1403 2006 1561 2044 nomine
1583 2004 1719 2044 Latino
1749 2004 1847 2043 dixit

311 2068 465 2124 (Meyer
491 2076 584 2109 orat.
608 2084 643 2122 p.
668 2068 750 2110 199
767 2068 882 2125 sqq.)

400 2138 526 2188 Atque
553 2137 648 2176 haec.
670 2136 829 2188 quidem
852 2137 898 2176 de
920 2138 1001 2175 uita
1020 2135 1188 2188 publica,
1216 2135 1262 2174 de
1283 2137 1435 2187 priuata
1457 2135 1496 2174 C.
1513 2135 1717 2186 Fannium,
1743 2134 1791 2174 M.
1808 2135 1848 2186 1.,

314 2202 437 2241 Laelii
457 2204 651 2241 minorem
666 2202 786 2241 filiam
806 2214 971 2241 uxorem
986 2201 1184 2253 habuisse,
1203 2203 1334 2240 minus
1349 2206 1480 2240 tamen
1496 2213 1632 2240 socero
1648 2200 1848 2252 placuisse

313 2269 537 2319 accepimus
566 2263 665 2321 (Cic.
686 2267 793 2306 Brut.
816 2267 838 2306 1.
861 2280 889 2306 5.
912 2280 941 2306 s.
968 2273 1007 2305 et
1033 2267 1134 2306 Lael.
1159 2266 1194 2318 1,
1215 2263 1274 2321 3).

400 2332 479 2371 Has
511 2345 607 2371 uero
641 2345 722 2384 res,
761 2332 997 2384 quibuscum
1031 2345 1051 2371 a
1083 2332 1218 2371 multis
1251 2336 1472 2370 commenta
1503 2331 1689 2382 Pighiana
1724 2331 1847 2369 mixta

314 2403 443 2449 erant,
477 2411 566 2437 cum
597 2398 775 2449 plerique
803 2399 854 2437 ita
883 2397 1130 2448 diuisissent,
1162 2403 1205 2436 ut
1231 2396 1433 2436 Ciceronis
1459 2396 1623 2435 Brutum
1651 2397 1777 2434 secuti
1804 2395 1846 2434 C.

313 2463 392 2501 filio
419 2462 662 2501 tribunatum
687 2468 725 2501 et
745 2462 991 2501 consulatum
1014 2462 1248 2513 tribuerent,
1275 2467 1404 2501 cetera
1425 2461 1545 2500 Marci
1564 2461 1655 2512 filio,
1682 2461 1844 2499 Momm-

314 2540 383 2567 sen
410 2527 433 2565 l.
455 2540 484 2566 s.
507 2529 654 2578 omnia,
688 2540 776 2566 cum
810 2527 939 2566 eidem
971 2528 1120 2566 homini
1153 2529 1299 2579 optime
1332 2527 1608 2577 conuenirent,
1642 2525 1688 2564 ad
1720 2538 1846 2564 unum.

314 2592 353 2632 C.
374 2593 586 2644 Fannium,
613 2592 733 2631 Marci
760 2593 901 2644 filium,
929 2593 1051 2631 Laelii
1078 2605 1285 2644 generum,
1318 2591 1525 2630 referenda
1552 2597 1590 2630 et
1623 2591 1693 2630 Gai
1719 2591 1845 2629 filium

312 2664 355 2697 ut
382 2657 582 2696 subditum
610 2659 767 2697 omnino
796 2657 1069 2709 expellendum
1097 2670 1183 2697 esse
1210 2658 1351 2708 posuit,
1379 2661 1513 2695 contra
1541 2668 1657 2707 quam
1685 2662 1844 2695 senten-

410 2757 441 2799 1)
469 2755 538 2789 Hic
564 2757 649 2799 post
675 2754 909 2789 consulatum
936 2765 968 2789 a.
992 2757 1069 2789 158.
1090 2757 1158 2788 596
1185 2755 1222 2787 et
1251 2757 1326 2787 154.
1349 2757 1417 2787 600
1442 2752 1479 2787 in
1507 2752 1685 2787 orientem
1712 2752 1760 2786 ad
1785 2763 1847 2787 res·

313 2808 586 2853 componendas
622 2808 755 2842 missus
788 2809 844 2842 est
876 2807 1018 2852 (Polyb.
1047 2811 1107 2850 32,
1137 2810 1196 2850 18,
1226 2811 1338 2841 3—5.
1373 2809 1435 2848 33,
1463 2808 1507 2851 6).
1560 2805 1733 2839 Mueuzer
1764 2805 1786 2839 1.
1815 2817 1843 2839 s.

312 2874 342 2897 c.
365 2865 467 2904 1994,
489 2865 543 2896 50.
