2002 3342
437 204 484 237 M.
505 202 663 237 PORCII
690 201 894 237 CATONIS
922 201 1158 236 ORIGINES.
1197 201 1240 235 fr.
1262 205 1400 235 45—50
1627 201 1681 242 69

155 317 329 354 λεῖσθαι
362 313 460 353 Δία.
511 312 689 365 πρώτην
728 309 766 351 δ’
807 310 953 351 αὐτῶν
992 314 1164 363 οἴκησιν
1199 309 1437 363 ἀποφαίνει
1475 309 1685 363 γενέσθαι

154 379 303 431 κώμην
335 378 433 418 τινὰ
464 376 739 429 καλουμένην
772 377 1052 429 Τεστροῦναν
1081 375 1218 429 ἀγχοῦ
1245 377 1410 423 πόλεως
1431 373 1685 429 Ἀμιτέρνης

152 442 376 497 κειμένην,
411 441 452 491 ἐξ
490 438 535 495 ἧς
568 440 842 494 ὁρμηθέντας
877 442 973 482 τότε
1009 442 1234 494 Σαβίνους
1266 442 1326 489 εἰς
1358 441 1438 493 τὴν
1464 438 1684 493 Ῥεατίνην

155 507 359 562 ἐμβαλεῖν
378 506 663 561 Ἀβοριγίνων
696 507 780 558 ἅμα
813 506 1141 547 κατοικούντων
1171 504 1242 546 καὶ
1274 507 1405 546 πόλιν
1433 505 1579 546 αὐτῶν
1606 506 1685 559 τὴν

118 595 132 619 ς,
154 572 505 627 ἐπιφανεστάτην
530 571 751 619 Κοτυλίας
776 573 949 626 πολέμῳ
977 570 1327 624 χειρωσαμένους
1353 577 1596 624 κατασχεῖν.
1639 569 1685 611 ἐκ

100 919 132 944 10

100 1244 132 1269 15

98 1570 132 1594 20

154 636 202 680 δὲ
228 644 302 692 τῆς
323 638 537 690 Ῥεατίνης
564 636 765 684 ἀποικίας
792 636 1133 684 ἀποστείλαντας
1157 636 1289 684 άλλας
1309 650 1354 676 τε
1374 636 1520 684 πόλεις
1539 637 1685 676 κτισαι

153 703 328 755 πολλάς,
357 701 403 743 ἐν
431 703 498 751 αἱς
525 703 663 743 οἰκεῖν
690 701 961 755 ἀτειχίστοις,
988 717 1058 742 και
1086 701 1139 754 δὴ
1165 699 1238 742 καὶ
1265 701 1370 749 τὰς
1359 713 1685 755 προσαγορευο-

152 767 284 820 μένας
306 768 485 820 Κύρεις
512 766 659 820 χώραν
686 766 734 807 δὲ
760 772 990 819 κατασχεῖν
1016 772 1091 820 τῆς
1117 781 1197 817 μεν
1217 763 1446 819 Ἀδριανῆς
1465 764 1686 818 θαλάττης

153 832 402 887 ἀπέχουσαν
429 832 540 886 ἀμφὶ
566 834 670 880 τοὺς
696 831 967 885 ὀγδοήκοντα
994 831 1065 872 καὶ
1094 831 1346 879 διακοσίους
1367 831 1586 884 σταδίους,
1611 836 1686 883 τῆς

153 896 201 939 δὲ
236 901 507 952 Τυρρηνικῆς
533 896 851 950 τετταράκοντα
883 896 993 949 πρὸς
1020 897 1278 944 διακοσίοις·
1319 902 1452 950 μῆκος
1480 893 1526 936 δὲ
1553 895 1686 948 αὐτῆς

153 959 270 1004 εἶναί
294 974 430 1018 φησιν
457 963 589 1018 ὀλίγῳ
615 968 741 1014 μεῖον
767 962 960 1003 σταδίων
985 963 1150 1015 χιλίων.

230 1027 356 1070 ’Ἐστι
382 1027 434 1069 δέ
456 1043 522 1077 τις
548 1028 617 1068 καὶ
646 1028 777 1076 ἄλλος
804 1025 911 1079 ὑπὲρ
941 1034 1028 1068 τῶν
1050 1028 1261 1079 Σαβίνων
1287 1025 1336 1067 ἐν
1363 1027 1574 1079 ι’στοριάις
1601 1024 1686 1066 ἐπι-

153 1095 328 1148 χωρίοις
371 1094 606 1147 λεγόμενος
650 1094 798 1145 λόγος,
849 1092 907 1141 ὡς
952 1093 1314 1144 Λακεδαιμονίων
1359 1091 1687 1144 ἐποικησάντων

153 1159 301 1208 αὐτοῖς
334 1156 433 1200 καθ’
467 1158 519 1200 ὃν
552 1159 714 1212 χρόνον
744 1156 1045 1211 ἐπιτροπεύων
1071 1157 1282 1209 Εὔνομον
1308 1157 1386 1198 τὸν
1412 1156 1687 1210 ἀδελφιδοῦν

156 1227 412 1278 Λυκοῦργος
440 1221 567 1265 ἔθετο
595 1229 645 1278 τῇ
668 1222 850 1278 Σπάρτῃ
877 1224 981 1271 τοὺς
1008 1225 1182 1276 νόμους.
1228 1221 1505 1276 ἀχθομένους
1526 1221 1609 1275 γάρ
1630 1236 1688 1262 τι-

153 1306 230 1339 νας
256 1296 306 1344 τῇ
334 1291 595 1343 σκληρότητι
622 1294 695 1341 τῆς
723 1290 990 1341 νομοθεσίας
1009 1287 1082 1329 καὶ
1104 1288 1367 1336 διαστάντας
1386 1285 1470 1328 ἀπὸ
1492 1294 1580 1327 τῶν
1601 1284 1687 1326 ἑτέ-

153 1371 243 1409 ρων
270 1357 471 1409 οἵχεσθαι
497 1354 545 1395 τὸ
573 1353 780 1408 παράπαν
805 1352 852 1394 ἐκ
878 1360 952 1407 τῆς
977 1354 1159 1402 πόλεως·
1195 1351 1344 1393 ἔπειτα
1371 1353 1444 1393 διὰ
1468 1351 1687 1404 πελάγους

151 1423 317 1461 πολλοῦ
345 1418 619 1473 φερομένους
646 1417 859 1468 εὔξασθαι
886 1424 976 1467 τοῖς
1003 1422 1126 1467 θεοῖς
1147 1416 1315 1474 (πόθον
1337 1417 1418 1472 γάρ
1441 1432 1538 1458 τινα
1559 1416 1687 1457 ὑπελ-

152 1489 253 1526 θεῖν
287 1484 447 1534 αὐτοὺς
479 1484 797 1537 ὁποιαςδήποτε
830 1484 927 1539 γῆς)
961 1484 1022 1532 εἰς
1053 1483 1109 1537 ἣν
1136 1483 1191 1524 ἂν
1218 1485 1382 1524 ἔλθωσι
1407 1483 1606 1536 πρώτην,
1640 1479 1687 1522 ἐν

152 1551 287 1607 ταύτῃ
313 1551 603 1603 κατοικήσειν.
644 1547 942 1603 καταχθέντας
970 1546 1018 1590 δὲ
1038 1547 1312 1602 τῆςἸταλίας
1331 1547 1431 1601 περὶ
1452 1548 1503 1588 τὰ
1528 1547 1688 1588 καλού-

151 1630 259 1668 μενα
286 1618 551 1669 Πωμεντῖνα
576 1614 705 1655 πεδια
731 1615 779 1654 τό
805 1629 850 1655 τε
876 1616 1058 1668 χωρί,ον
1085 1612 1134 1655 ἐν
1160 1608 1194 1669 ᾦ
1220 1619 1397 1668 πρῶτον
1424 1613 1687 1666 ὡρμίσαντο,

155 1681 391 1734 Φορωνίαν
417 1679 501 1720 ἀπὸ
529 1686 605 1733 τῆς
626 1680 836 1731 πελαγίου
860 1681 1088 1733 φορησεως
1108 1678 1325 1733 ὀνομάσαι
1346 1694 1417 1719 και
1438 1682 1546 1726 θεας
1567 1678 1688 1729 ἱερὸν

154 1746 421 1800 ἱδρύσασθαι
448 1746 688 1798 Φορωνίας,
718 1746 740 1799 ὴ
760 1760 834 1792 τας
856 1744 983 1798 εὐχας
1004 1746 1178 1785 ἔθεντο·
1220 1743 1276 1797 ἣν
1296 1749 1381 1784 νῦν
1403 1742 1499 1791 ενὸς
1521 1742 1688 1796 ἀλλαγη

152 1811 402 1865 γράμματος
432 1811 662 1863 Φερωνίαν
694 1813 919 1850 καλοῦσιν.
966 1808 1138 1850 ἐκεῖθεν
1168 1807 1206 1850 δ’
1239 1807 1515 1863 ὁρμηθέντας
1542 1807 1688 1848 αὐτῶν

99 1896 131 1920 ες,
151 1892 274 1925 τινας
301 1876 538 1924 συνοίκους
564 1881 656 1924 τοῖς
684 1875 897 1928 Σαβίνοις
926 1873 1153 1928 γενέσθαι·
1192 1873 1264 1915 καὶ
1292 1874 1365 1914 διὰ
1391 1879 1522 1914 τοῦτο
1548 1873 1688 1913 πολλὰ

153 1948 241 1983 τῶν
272 1942 471 1995 νομίμων
504 1937 616 1981 εἶναι
651 1940 861 1994 Σαβίνων
894 1940 1150 1993 Λακωνικά,
1181 1939 1368 1992 μάλιστα
1401 1935 1448 1979 δὲ
1481 1939 1528 1979 τὸ
1564 1940 1688 1991 φιλο-

153 2052 312 2093 ferebat,
340 2051 452 2093 Sabe,
479 2053 581 2093 tuas
615 2051 679 2094 qui
706 2051 751 2084 de
777 2051 927 2095 proprio
954 2050 1173 2095 cognomine
1199 2050 1340 2094 primus
1367 2048 1504 2082 Dixisti
1530 2047 1687 2092 populos

153 2110 289 2143 magna
315 2099 456 2133 ditione
484 2098 650 2132 Sabinos.
690 2098 732 2132 de
758 2099 897 2143 oriyz'ne
924 2098 1143 2133 Sabinorum
1170 2098 1463 2154 Lacedaemona
1489 2096 1564 2129 uid.
1588 2096 1687 2129 Plut.

153 2148 265 2181 Ram.
288 2150 306 2180 1
335 2147 494 2191 Σαβῖνοι
527 2147 724 2191 βούλονται
749 2145 1058 2190 Λακεδαιμονίων
1086 2144 1241 2184 ἑαυτοὺς
1270 2144 1451 2182 ἀποικους
1483 2142 1688 2187 γεγονέναι,

154 2195 256 2229 Rom.
279 2197 335 2228 16.
362 2194 492 2229 Strabo
513 2196 581 2236 5,4
560 2195 655 2235 4,1’2
672 2205 707 2237 p
723 2196 796 2228 250
823 2195 904 2237 (qui
927 2194 991 2227 hoc
1021 2193 1301 2227 Tarentinorum
1328 2191 1541 2226 adulatzone
1566 2191 1688 2233 fictum

153 2253 222 2277 esse
247 2242 471 2286 suspicatur)
499 2246 532 2275 et
551 2252 637 2285 quos
657 2241 750 2275 locos
769 2240 910 2285 colleyit
929 2241 1124 2286 Schweyler
1143 2240 1194 2274 H.
1217 2240 1262 2274 R.
1285 2240 1308 2273 I
1319 2251 1359 2283 p.
1374 2241 1447 2273 250
1460 2249 1532 2282 sqq.
1563 2258 1603 2262 —
1631 2238 1689 2271 De

152 2290 283 2332 finium
310 2289 530 2323 Sabinorum
563 2289 758 2322 latitudine
789 2298 870 2322 cum
905 2288 1038 2322 Catone
1069 2288 1245 2322 consentit
1277 2287 1407 2321 Strabo
1429 2289 1461 2328 5,
1477 2289 1544 2327 3‚1
1564 2297 1600 2329 p.
1615 2287 1688 2319 228

154 2337 229 2371 uid.
253 2337 385 2371 Nissen
415 2337 456 2370 It.
479 2335 661 2370 Landesk.
685 2336 783 2380 Hp.
799 2338 870 2369 463
883 2346 931 2379 sq.

247 2446 266 2479 1
296 2441 361 2479 καὶ
387 2442 463 2479 Δία
486 2442 618 2479 Γνῖιίη.
659 2440 723 2478 διὰ
750 2444 814 2479 cet.
835 2442 925 2479 libri
1049 2443 1071 2478 2
1104 2439 1324 2490 Τεστρύναν
1355 2440 1453 2477 Clzis.
1535 2436 1687 2488 ἁμετέρ-

156 2517 227 2551 νης
256 2502 356 2539 C'lzis.
469 2503 491 2539 3
520 2499 609 2539 ποτὲ
636 2501 834 2548 Kic‘ssliny
860 2513 911 2538 an
939 2499 1058 2546 τοὺςῖ)
1173 2501 1199 2537 4
1226 2495 1324 2549 ἅμα]
1354 2500 1570 2549 Πελασγοῖς
1597 2497 1687 2535 add.

153 2562 292 2599 Reiske
331 2559 455 2609 αὐτὴν
482 2561 690 2607 Kiesslmy,
716 2561 803 2606 fort.
831 2559 949 2597 πάλαι
1037 2561 1060 2596 5
1089 2558 1271 2603 Κοτύνας
1297 2559 1387 2595 libri
1414 2570 1480 2595 em.
1505 2557 1688 2595 Gelenius

218 2621 238 2656 7
268 2617 503 2669 ἀτειχίστους
525 2620 657 2656 Vrbin.
695 2618 918 2669 ἀτειχίστοις
940 2622 1002 2657 eet.
1019 2619 1108 2656 libri
1203 2619 1257 2656 10
1284 2616 1406 2666 αὐτῆς
1429 2617 1561 2654 Vrbe'n.
1588 2614 1686 2669 αὐτῇ

155 2682 217 2716 cet.
239 2679 329 2716 libri
418 2680 468 2716 16
497 2676 658 2730 ἑταίρων
688 2678 788 2716 ΟῘιὶε.
878 2679 929 2715 19
959 2677 1013 2724 εἰς
1040 2677 1104 2714 ἴνα
1124 2676 1268 2715 ἔλθωσι
1290 2677 1417 2713 Vrsin.
1507 2677 1561 2713 20
1588 2674 1687 2729 αὐτῇ

155 2739 245 2775 libri
290 2737 409 2791 ταύτῃ
441 2739 579 2775 Reiske
714 2739 766 2775 22
798 2737 1009 2788 Φορωνίαν
1041 2737 1251 2774 Ambmwb
1301 2735 1526 2785 Φερωνείαν
1555 2735 1687 2772 Ῡνῦιη.

156 2797 355 2847 φερωνίαν
382 2800 443 2834 Cei.
472 2797 561 2834 libri
679 2799 732 2834 24
767 2795 986 2846 φερώνειαν
1013 2796 1146 2833 Vrbin.
1271 2796 1322 2832 26
1352 2794 1526 2844 σαβίνων
1555 2794 1686 2833 Ϋγόίη.

157 2868 227 2894 om.
250 2859 312 2894 cet.
334 2856 422 2893 libri
461 2855 652 2906 Σαβίνοις
678 2856 888 2893 Buecheler
