2002 3342
426 734 476 779 L.
516 729 942 779 VOLTACILIVS
982 729 1342 776 PITHOLAVS

208 842 401 887 Quoniam
434 846 471 878 et
504 839 725 878 litterarum
756 837 884 876 studia
911 842 949 876 et
976 849 1106 876 mores
1132 837 1277 876 Romae
1311 839 1363 875 ita
1389 842 1538 875 mutata
1565 850 1651 875 esse

118 907 304 957 uidimus,
330 912 371 944 ut
399 918 471 944 nec
494 905 691 943 Lutatium
714 903 894 942 Catulum
915 916 988 942 nee
1010 902 1235 941 Cornelium
1257 902 1404 940 Sullam
1426 902 1652 940 consulares

119 972 286 1024 puderet
318 971 550 1009 libertorum
583 981 744 1008 suorum
784 981 941 1019 operam
977 973 1011 1007 et
1051 967 1270 1007 doctrinam
1304 969 1343 1006 in
1377 969 1534 1018 scriptis
1571 969 1652 1005 suis

118 1038 273 1090 publice
306 1038 455 1087 testari,
492 1035 558 1074 Cn.
586 1035 797 1086 Pompeius
829 1035 990 1085 Magnus
1024 1046 1101 1072 non
1135 1033 1248 1084 longe
1283 1033 1329 1071 ah
1357 1034 1414 1071 eis
1441 1032 1653 1083 aberrauit,

119 1103 234 1155 quod,
263 1115 351 1141 cum
371 1103 457 1153 ipse
479 1101 628 1151 lateret,
656 1100 861 1139 libertinos
888 1112 958 1150 pro
987 1112 1027 1137 se
1054 1100 1096 1137 in
1121 1098 1323 1150 publicum
1350 1097 1510 1149 prodire
1538 1103 1652 1149 atque

118 1170 233 1207 etiam
275 1167 377 1219 apud
411 1166 579 1205 Graecos
619 1165 767 1204 clarum
801 1164 994 1216 quendam
1031 1164 1325 1215 Mytilenaeum7
1362 1163 1653 1214 Theophanem,

119 1246 274 1272 causam
313 1245 424 1271 suam
462 1231 671 1270 defendere
708 1232 834 1269 iussit.
885 1232 1016 1281 itaque
1050 1229 1256 1268 Cornelius
1283 1228 1414 1280 Nepos
1447 1234 1541 1280 tum,
1575 1230 1598 1267 i.
1621 1242 1652 1267 e.

117 1299 218 1337 bello
252 1298 406 1348 sociali,
440 1297 644 1335 historiam
670 1295 815 1334 Romae
850 1308 870 1334 a
902 1295 1147 1334 nobilissimo
1181 1307 1335 1346 quoque
1369 1294 1415 1332 ad
1448 1293 1653 1332 libertinos

119 1362 370 1403 descendisse
406 1361 693 1400 animaduertit.
742 1360 837 1399 haec
871 1362 975 1399 enim
1015 1359 1061 1399 de
1094 1359 1295 1398 Voltacilio
1336 1359 1546 1398 Suetonius
1587 1356 1653 1413 (de

118 1441 279 1480 gramm.
309 1434 346 1467 et
380 1427 478 1466 rhet.
505 1425 559 1465 97
588 1440 624 1478 p.
649 1424 733 1465 124
759 1422 838 1479 Rs.)
872 1427 1085 1464 memoriae
1119 1424 1310 1476 prodidit:
1343 1425 1387 1463 L.
1419 1425 1654 1463 Vollaclle'ns

119 1495 329 1533 Pe'lholazts
362 1496 539 1532 seruisse
571 1494 725 1531 clieilur
759 1498 879 1540 atque
912 1494 1032 1530 etiam
1065 1494 1258 1529 osliarins
1293 1496 1432 1529 uetere
1466 1501 1577 1529 more
1612 1493 1651 1528 2⁴72

119 1565 264 1598 catena
300 1559 440 1608 fnisse,
481 1560 609 1596 donec
647 1559 694 1596 ob
735 1559 940 1605 maenium
980 1562 1018 1595 et
1055 1557 1231 1594 studium
1269 1558 1498 1594 litterarum
1532 1568 1653 1594 mama

118 1627 261 1663 missus
289 1626 505 1662 accusanti
520 1629 701 1672 patrono
721 1623 972 1670 subscripsit.
1007 1623 1153 1660 deinde
1174 1622 1421 1660 rheloricam
1440 1621 1655 1670 professus

125 1690 190 1728 Cn.
208 1691 439 1738 Pompeium
456 1689 651 1736 Mafsmtm
675 1689 812 1726 (locuit
829 1689 1048 1735 patrisque
1069 1689 1155 1725 eius
1176 1698 1241 1724 res
1265 1692 1402 1735 aestas
1422 1698 1498 1724 nec
1524 1689 1656 1724 minus

118 1757 246 1804 ipsius
279 1755 554 1803 compluribus
585 1754 702 1791 libris
735 1754 931 1801 eaposm't,
956 1754 1120 1801 primus
1153 1755 1328 1790 omnium
1361 1753 1654 1801 libertinorum,

117 1825 160 1858 ut
193 1820 403 1858 Cornelius
427 1820 558 1867 Nepos
584 1820 789 1867 opinatur,
815 1818 998 1855 sm'ibere
1023 1818 1235 1855 historiam
1262 1828 1389 1867 orsus,
1416 1819 1577 1855 nonnisi
1604 1817 1653 1854 ab

116 1886 391 1923 honeslz‘sse'mo
425 1895 584 1932 quoque
615 1884 744 1921 serim·
775 1885 934 1921 solitam
967 1883 1023 1920 acl
1048 1884 1093 1920 id
1117 1888 1279 1931 tempus.
1322 1881 1532 1920 dolendum
1558 1893 1654 1919 uero

118 1955 188 2000 est,
221 1948 325 2000 quod
357 1950 485 1987 omnis
513 1950 597 1987 eius
624 1948 811 1986 historiae
840 1948 1010 1997 cognitio
1037 1947 1098 1985 his
1125 1947 1261 1985 uerbis
1289 1949 1530 1998 contineturg
1565 1959 1654 1984 nam

119 2027 216 2065 quae
253 2014 297 2053 de
333 2015 417 2052 eius
450 2015 531 2052 uita
565 2013 829 2064 Hieronymus
857 2012 1058 2051 adnotauit
1085 2011 1131 2050 ad
1159 2025 1189 2050 3.
1211 2012 1300 2051 Abr.
1325 2010 1437 2050 1936
1462 2030 1513 2042 =
1539 2009 1591 2050 81
1622 2024 1653 2049 3.

119 2080 206 2118 Chr.
230 2094 276 2124 n.‚
304 2093 339 2131 p.
364 2077 447 2117 133
463 2079 550 2117 Seh.
589 2079 827 2117 Vultacmus
860 2079 998 2117 Plotus
1024 2078 1197 2116 Latinus
1230 2079 1370 2116 rhetor
1401 2078 1467 2116 Cn.
1492 2079 1656 2126 Pompei

117 2147 286 2184 libertus
320 2151 357 2183 et
391 2145 533 2183 ἄθετον
565 2145 743 2183 scholam
778 2144 931 2182 Romae
964 2146 1136 2192 apernit,
1170 2142 1266 2181 haee
1300 2155 1345 2181 ex
1374 2143 1560 2181 Suetonio
1589 2141 1653 2180 de—

119 2211 279 2261 scripsit
300 2215 415 2260 atque
437 2221 570 2247 errore
583 2205 614 2261 1)
637 2208 704 2247 Cn.
726 2208 886 2259 Pompei
913 2208 1100 2246 libertum
1123 2220 1212 2246 eum
1234 2208 1355 2246 fuisse
1377 2207 1530 2245 adiecit.
1564 2219 1653 2245 nam

119 2287 208 2313 eum
242 2274 319 2325 illo,
353 2275 421 2325 qui
454 2287 485 2312 a.
510 2271 605 2312 106.
629 2271 713 2312 648
748 2280 863 2311 natus
900 2278 937 2312 et
972 2286 1002 2311 a.
1025 2270 1092 2312 87.
1115 2270 1198 2311 667
1240 2279 1349 2324 patre
1390 2272 1550 2311 orbatus
1584 2278 1654 2323 est,

118 2341 306 2378 maiorem
341 2339 549 2389 Sullaeque
582 2339 664 2377 fere
699 2338 901 2389 aequalem
935 2338 1057 2376 fuisse
1091 2343 1243 2376 constat
1277 2343 1315 2376 et.
1341 2343 1503 2389 propter
1529 2343 1654 2376 artem

119 2403 318 2443 scribendi
355 2403 546 2442 adscitum
584 2416 682 2453 esse,
718 2409 762 2441 ut
797 2404 920 2454 patris
957 2415 1126 2454 suasque
1164 2415 1226 2442 res
1263 2408 1391 2454 gestas
1428 2407 1652 2453 exponeret.

121 2469 278 2507 deducit
310 2470 431 2520 igitur
464 2469 511 2508 ad
544 2482 610 2507 eos
643 2470 875 2520 scriptores,
911 2469 978 2519 qui
1011 2467 1228 2506 doctrinam
1263 2474 1301 2506 et
1335 2469 1544 2518 rationem,
1578 2480 1653 2518 qua

120 2535 303 2573 instructi
330 2540 457 2584 erant,
489 2535 593 2573 uotis
621 2539 658 2572 et
692 2533 928 2572 utilitatibus
956 2533 1095 2571 alienis
1123 2533 1350 2572 subicerent
1376 2532 1461 2583 sed,
1496 2545 1584 2572 oum
1613 2534 1652 2571 in

120 2601 199 2638 uita
226 2599 382 2650 publica
408 2599 587 2649 laterent,
615 2612 684 2638 sua
711 2611 828 2650 opera
857 2601 939 2637 suis
967 2598 1193 2636 nominibus
1220 2599 1469 2649 insignirent.

209 2663 359 2721 {Nomen
382 2664 447 2703 diu
469 2664 658 2703 Otacilius
680 2664 831 2703 Pilutus
853 2663 1113 2714 scribebatur,
1142 2663 1264 2702 donec
1293 2664 1332 2702 C.
1354 2663 1394 2701 L.
1416 2663 1517 2702 Roth
1544 2663 1651 2701 Peri-

120 2730 273 2767 zonium
289 2734 448 2768 secutus
463 2742 510 2768 ex
523 2729 740 2780 indice7qui
753 2729 931 2768 Suetonii
948 2728 992 2767 de
1005 2741 1125 2779 gram.
1137 2734 1173 2767 et
1187 2729 1284 2767 rhet.
1295 2728 1394 2766 libro
1409 2730 1652 2780 praemissus

217 2856 249 2898 1)
277 2854 479 2889 Mommsen
508 2856 637 2890 thsslol.
660 2856 841 2898 Schriften
867 2867 902 2899 p.
925 2858 1003 2888 612.
