2002 3342
235 249 281 278 IV
805 233 1202 269 PROLEGOMENON

235 358 325 385 rum
350 347 573 384 mandabat
599 347 744 383 litteris
762 345 955 394 pontisea:
977 341 1258 397 ferebatquel)
1286 347 1327 383 in
1355 347 1488 384 album
1508 351 1545 384 et
1562 358 1765 396 propone·-

235 413 303 450 bat
324 413 501 449 tabulam
524 413 640 458 donzi,
653 415 837 459 potestas
857 415 900 448 ut
920 415 1022 448 esset
1037 412 1184 459 populo
1206 412 1499 458 coenose-enat]
1523 413 1538 449 i
1557 414 1626 459 qui
1646 414 1766 450 etiam

236 488 341 515 nunc
361 488 418 514 an
429 488 452 513 n
465 478 512 513 al
519 487 567 513 es
586 487 622 513 m
632 478 716 513 aori
724 477 783 513 mi
803 477 1074 512 nominantur.
1113 475 1221 513 hanc
1239 476 1542 513 similitudinem
1561 478 1768 515 scribendi

236 543 351 579 multi
374 543 504 579 secuti
529 545 633 587 sunt,
660 542 730 588 qui
753 542 840 578 sine
866 541 958 577 ullis
984 542 1232 577 ornamentis
1251 546 1505 578 monumenta
1525 543 1651 580 solum
1672 546 1765 580 tem-

231 617 392 656 porum,
418 607 632 653 hominum,
659 607 839 643 locorum
863 609 1150 652 qestarumque
1175 616 1313 642 rerum
1339 607 1602 653 reliquerunt.
1640 606 1767 644 Seruii

236 670 356 708 uerba
383 670 478 707 haec
506 675 613 707 sunt:
652 669 716 707 Ita
749 674 881 707 autem
915 670 1086 707 annales
1119 670 1460 716 conficiebantur:
1493 671 1669 709 tabulam
1702 672 1767 709 de-

239 737 414 773 albatam
446 736 663 783 quotannis
684 734 878 783 pontifex
904 736 1106 772 maximus
1130 734 1290 781 babuit,
1324 736 1365 772 in
1393 746 1473 782 qua
1495 738 1771 785 praescriptis

238 802 445 837 consulum
466 800 694 837 nominibus
714 803 752 837 et
778 800 952 837 aliorum
972 801 1282 846 maqz'stratuum
1307 800 1432 847 diana
1457 806 1679 839 memoratu
1699 812 1768 840 no-

238 871 326 904 tare
353 868 625 902 consueuerat
652 865 759 902 domi
789 865 1037 911 militiaeque
1069 869 1183 901 terra
1209 866 1395 912 marique
1417 869 1533 912 qesta
1550 877 1643 914 per
1667 869 1768 904 sin-

234 932 375 978 yulos
402 930 450 967 az·
459 941 522 976 es,
556 931 672 967 cuius
699 929 936 976 (liliqentiae
961 939 1120 966 annuos
1146 931 1456 967 commentarios
1487 931 1527 968 in
1562 933 1769 978 octoyinta

237 996 362 1033 libros
388 998 547 1031 ueteres
572 995 801 1031 retulerunt
827 1004 972 1041 eosque
998 1005 1023 1032 a
1041 994 1308 1042 pontificibus
1333 996 1538 1045 maximis,
1571 1007 1595 1033 a
1625 997 1769 1043 quibus

233 1060 398 1106 fiebant,
426 1059 597 1096 annales
621 1060 821 1096 maximos
848 1059 1117 1106 appellarunt.
1128 1053 1161 1112 2)

329 1123 429 1160 Ilinc
450 1119 572 1172 igitur
587 1122 632 1160 de
649 1122 855 1161 annalibus
876 1123 1057 1160 maximis
1073 1122 1365 1174 disputantibus
1385 1122 1497 1161 nobis
1518 1124 1770 1174 proficiscen-

239 1187 331 1226 dum
364 1192 433 1225 est.
479 1192 592 1226 antea
624 1192 774 1237 tamen,
807 1192 852 1225 ut
883 1188 1009 1225 omnis
1036 1192 1216 1226 arceatur
1244 1188 1420 1226 confusio
1451 1188 1696 1240 aliorumque
1725 1189 1770 1228 de

237 1253 315 1291 illis
343 1264 499 1291 errores
525 1253 644 1291 tacite
673 1254 933 1303 corrigantur,
966 1265 1089 1303 pauca
1123 1252 1350 1303 explicanda
1385 1265 1472 1292 esse
1504 1253 1692 1293 uidentur
1724 1254 1770 1293 de

238 1319 382 1356 ceteris
409 1317 587 1356 eiusdem
614 1318 845 1368 pontificum
873 1317 1028 1368 collegii
1055 1319 1225 1368 scriptis.
1266 1323 1378 1356 erant
1404 1318 1523 1357 haece
1535 1315 1588 1372 3):

330 1381 366 1421 1.
393 1382 528 1420 Libri
560 1383 791 1433 pontificum
821 1383 905 1421 siue
932 1382 1176 1433 pontificales
1205 1384 1289 1421 siue
1319 1384 1528 1434 pontificii,
1561 1385 1601 1421 in
1628 1383 1771 1434 quibus

239 1449 395 1486 inerant
422 1452 460 1485 et
484 1449 730 1498 praescripta
759 1447 805 1485 de
833 1449 957 1486 sacris
984 1447 1141 1498 publice
1168 1448 1407 1498 priuatimue
1435 1447 1625 1486 faciendis
1647 1455 1686 1487 et
1711 1451 1772 1488 ius

335 1558 366 1600 1)
392 1557 637 1600 referebatque
664 1555 878 1590 Lambinus.

335 1612 369 1655 2)
396 1610 448 1644 Cf.
470 1610 585 1644 etiam
610 1609 773 1643 Macrob.
796 1613 828 1652 3,
843 1613 875 1652 2,
891 1613 952 1644 17:
980 1609 1194 1652 Pontificem
1221 1609 1373 1644 Aenean
1397 1610 1457 1644 uel
1482 1621 1525 1644 ex
1549 1611 1694 1644 nomine
1720 1621 1772 1645 re-

238 1665 469 1708 ferendorum
497 1663 661 1698 laborum
683 1664 761 1697 eius
786 1663 941 1697 ostendit
961 1661 1176 1707 (Vergilius)
1223 1663 1461 1706 pontificibus
1479 1663 1574 1697 enim
1596 1664 1773 1707 permissa

239 1722 290 1753 est
314 1721 476 1762 potestas
501 1717 707 1751 memoriam
734 1727 854 1751 rerum
879 1719 1061 1761 ⁸qestarum
1087 1716 1127 1750 in
1153 1716 1298 1751 tabulas
1323 1716 1533 1758 conferendi
1557 1720 1590 1750 et
1620 1717 1683 1751 hos
1708 1728 1774 1750 an-

239 1773 340 1806 nales
359 1771 596 1815 appellabant
622 1770 782 1814 equidem
808 1770 986 1804 mamintos
1011 1769 1118 1813 quasi
1143 1781 1166 1803 a
1187 1769 1426 1813 pontificibus
1450 1770 1623 1804 maaeimis
1647 1770 1774 1813 factos,

240 1824 336 1859 unde
362 1835 406 1859 ea:
425 1834 585 1869 persona
610 1824 754 1857 Aeneae
780 1824 851 1857 ait:

526 1878 579 1911 Et
603 1881 715 1911 uacat
740 1877 893 1910 annales
918 1880 1104 1910 tantorum
1130 1876 1260 1911 audire
1286 1876 1462 1910 laborum.

241 1942 335 1975 quae
356 1931 470 1965 uerba
491 1941 535 1964 ex
555 1930 685 1964 eodem
705 1929 809 1963 fonte
830 1940 873 1963 ex
894 1940 967 1973 quo
983 1928 1103 1963 Seruii
1122 1929 1258 1963 hausta
1281 1939 1360 1963 esse
1381 1928 1522 1962 dudum
1541 1928 1775 1964 intellectum

241 1987 306 2019 est.
334 1984 495 2028 primum
517 1984 615 2017 enim
634 1983 734 2016 idem
749 1982 906 2027 Vergilii
926 1993 1055 2016 uersus
1077 1981 1270 2029 afferturxa
1290 1981 1490 2024 Macrobi0‚
1512 1982 1560 2016 ad
1580 1993 1690 2026 quem
1709 1982 1776 2018 illa

243 2038 288 2072 de
302 2037 499 2071 annalibus
513 2036 684 2070 maximis
705 2036 902 2070 adnotauit
917 2035 1078 2078 Seruius,
1099 2038 1187 2078 tum,
1210 2047 1304 2079 quae
1326 2035 1370 2068 de
1385 2035 1534 2069 Aeneae
1554 2036 1775 2080 pontificatu

242 2092 407 2136 nugatur
430 2089 653 2132 Macrobius,
680 2089 943 2134 cognationem
969 2089 1157 2133 quandam
1184 2088 1326 2123 habent
1349 2099 1431 2122 cum
1459 2088 1511 2122 eis
1532 2099 1629 2132 quae
1654 2088 1678 2123 l.
1700 2101 1726 2123 s.
1748 2101 1775 2124 s.

244 2144 423 2178 adnexuit
450 2143 615 2178 Seruius:
650 2143 746 2178 unde
772 2143 923 2187 quidam
950 2143 1029 2177 ideo
1056 2143 1192 2177 dictum
1219 2143 1263 2176 ab
1289 2142 1414 2177 Aenea
1443 2142 1626 2177 ‘annales’
1656 2143 1775 2186 aiunt,

243 2198 337 2242 quod
363 2201 395 2232 et
421 2199 496 2241 ipse
521 2198 711 2243 reliyiosus
735 2197 784 2231 sit
808 2201 840 2231 et
865 2208 889 2230 a
908 2200 1017 2241 poeta
1043 2200 1118 2230 tum
1140 2196 1310 2239 pontifefc
1334 2195 1545 2230 inducatur.

362 2252 395 2294 3)
423 2250 578 2285 Secutus
605 2262 685 2284 sum
712 2250 751 2284 in
771 2249 959 2294 plerisque
980 2248 1252 2294 Schweglerum
1273 2249 1325 2283 H.
1346 2249 1391 2283 R.
1412 2248 1428 2282 Ι
1454 2260 1489 2293 p.
1512 2252 1553 2282 31
1568 2260 1658 2292 sqq.,
1687 2259 1776 2292 quo-

245 2315 328 2338 cum
354 2304 428 2338 fere
455 2304 695 2338 consentiunt
720 2303 920 2337 Hulleman
946 2315 981 2347 p.
1006 2305 1048 2336 10
1064 2314 1142 2346 sqq.
1165 2304 1203 2336 et
1228 2302 1404 2336 Huebner
1422 2301 1447 2335 1.
1462 2313 1489 2337 s.
1510 2314 1545 2346 p.
1560 2305 1639 2336 408.
1678 2313 1776 2336 nunc

244 2359 369 2390 tamen
387 2368 469 2391 cum
485 2356 791 2392 Reifferscheidio
806 2357 845 2390 in
859 2356 1033 2390 Bursiani
1053 2355 1250 2390 annaiibus
1271 2355 1389 2389 XXHI
1404 2367 1439 2400 p.
1456 2359 1524 2389 274
1533 2367 1585 2399 sq.
1619 2355 1656 2390 P.
1678 2355 1777 2389 Prei-

244 2410 350 2444 bisch
377 2411 536 2455 (Quaest.
558 2411 599 2445 de
625 2411 729 2445 tibris
751 2410 962 2454 pontificiis.
1002 2409 1098 2444 Diss.
1121 2408 1271 2443 Vratisl.
1295 2410 1411 2453 1874),
1439 2409 1503 2452 qui
1522 2407 1561 2442 in
1586 2419 1776 2453 program-

244 2464 340 2496 mate
367 2463 488 2496 Tilsit.
519 2475 549 2497 a.
574 2466 664 2497 1878
697 2464 909 2508 fragmenta
935 2462 1099 2507 collegit,
1125 2461 1164 2495 P.
1186 2461 1318 2506 Regell
1351 2463 1422 2505 (De
1448 2473 1631 2507 augurum
1650 2462 1777 2506 publi-

244 2527 367 2550 corum
388 2517 492 2550 libris
512 2521 610 2560 part.
632 2518 663 2551 1.
691 2516 786 2551 Dies.
808 2515 961 2550 Vratisl.
984 2517 1099 2560 1878),
1128 2514 1167 2549 G.
1184 2515 1367 2549 Wissowa
1388 2517 1459 2560 (ap.
1480 2514 1777 2558 Marquardtium

245 2569 473 2604 Staatsverzo.
502 2569 572 2602 1112
603 2581 638 2613 p.
661 2573 739 2604 300.
761 2573 840 2603 400.
879 2570 924 2605 R.
952 2570 1000 2604 E.
1027 2569 1061 2603 ΙΙ
1092 2580 1121 2603 c.
1143 2572 1247 2602 2323.
1281 2568 1359 2602 Rez.
1387 2569 1419 2602 d.
1449 2568 1592 2603 Roem.‘-'
1616 2579 1651 2612 p.
1673 2569 1777 2612 ὗες.)

245 2622 360 2656 libros
392 2622 611 2666 pontificum
644 2623 1019 2666 commentariosque,
1053 2633 1136 2656 cum
1171 2622 1217 2656 ab
1251 2621 1414 2665 antiquis
1448 2620 1661 2655 auctoribus
1691 2632 1777 2655 con-

245 2675 460 2717 fundantur⁷
487 2686 560 2709 non
587 2676 834 2720 distinguunt.
876 2677 915 2709 at
939 2675 1045 2709 breui
1072 2676 1272 2719 conspectu
1292 2674 1377 2708 usui
1395 2673 1612 2718 pontificum
1634 2673 1778 2707 consul-

246 2730 325 2762 tum
353 2738 431 2762 esse
451 2738 516 2772 per
537 2739 574 2762 se
594 2729 673 2762 ueri
693 2729 814 2763 simile
835 2730 892 2763 est
911 2739 1031 2772 neque
1051 2727 1135 2762 illos
1155 2728 1194 2761 in
1217 2727 1357 2761 talibus
1378 2726 1487 2761 rebus
1508 2727 1598 2761 satis
1620 2726 1778 2771 diligen-

246 2783 300 2815 tes
320 2781 435 2815 fuisse
456 2783 613 2823 constat,
641 2782 704 2825 qui
726 2782 839 2816 etiam
861 2784 945 2816 acta
965 2784 1002 2816 et
1022 2780 1308 2816 commentarios
1328 2779 1536 2824 promiscue
1558 2779 1776 2814 citauerunt.

248 2834 599 2868 commentariorum
625 2834 784 2879 amplior
809 2835 911 2869 notio
938 2835 1052 2869 libros
1079 2833 1271 2879 complexa
1297 2835 1364 2868 est.
1404 2833 1449 2868 cf.
1473 2833 1778 2868 Geschiehtt.Lit-

250 2891 390 2922 teratur
415 2887 431 2920 Ι
456 2899 492 2931 Ρ.
514 2891 593 2921 205.
621 2891 689 2922 234
704 2899 757 2931 sq.
