2002 3342
636 180 672 213 L.
695 178 962 215 CORNELn‘s
991 178 1193 212 sisENNA
1480 191 1680 221 cccxmn

151 292 377 330 memoriam
394 290 638 339 accederent,
654 292 692 328 in
709 303 782 341 qua
799 288 1039 328 aestimanda
1060 289 1239 327 homines
1256 295 1293 327 et
1315 302 1406 327 suae
1423 291 1482 327 rei
1503 289 1681 340 publicae

151 356 500 395 administrationis
528 361 563 394 et
593 355 890 393 consuetudinis
918 354 1117 393 Hortensii
1145 360 1181 392 et
1209 354 1378 405 Luculli,
1411 355 1529 392 Attici
1557 360 1594 393 et
1620 354 1682 391 Li-

152 423 245 459 cinii
272 421 391 459 Macri
418 420 693 459 recordaturos
721 433 806 458 esse
835 419 1063 458 confideret.

241 486 473 536 Fragmenta
501 492 629 524 tamen
659 486 848 523 Sisennae
875 497 998 536 paene
1027 485 1153 522 omnia
1182 486 1316 534 paucis
1337 484 1471 523 uerbis
1492 490 1684 535 constant,

153 551 295 601 quihus
310 552 480 589 uarietas
497 563 628 589 rerum
644 550 937 601 uerborumque
953 551 1063 600 copia
1080 549 1384 600 demonstretur,
1399 562 1477 588 uno
1490 546 1555 601 (fr.
1570 546 1684 602 127),

152 616 256 667 quod
283 628 374 654 casu
402 621 603 654 seruatum
632 621 701 665 est,
730 628 817 654 eum
840 628 915 653 non
937 628 1009 666 per
1028 614 1212 653 hreuiora
1233 619 1455 665 temporum
1477 616 1599 666 spatia
1622 627 1684 654 res

153 681 412 732 discerpsisse
449 680 517 719 sed
552 686 594 719 ut
634 680 926 731 expeditionum
966 686 1143 718 tenorem
1184 685 1308 717 totum
1345 685 1576 730 exponeret,
1615 693 1687 731 per

154 759 276 784 annos
309 758 398 784 eum
426 747 672 796 pertexuisse
707 747 942 796 accepimus.
983 745 1129 783 Sullam
1159 744 1298 783 ducem
1325 745 1485 784 uidetur
1511 758 1573 784 ars
1601 759 1685 784 ora-

155 813 271 850 tionis
298 816 430 850 secuta
458 823 555 849 esse.
595 823 683 849 nam
712 812 786 849 etsi
812 812 888 849 iam
915 810 1191 861 Theopompus
1218 811 1258 848 in
1285 822 1544 861 personarum
1572 812 1686 849 affec-

154 883 264 915 tuum
291 878 489 927 mysteriis
517 875 742 927 aperiendis
771 882 808 914 et
830 875 1101 914 describendis
1128 875 1294 913 multum
1322 887 1462 926 operae
1490 882 1687 926 posuerat,

154 948 195 980 ut
223 943 335 992 quasi
360 941 503 980 iudicis
530 941 632 992 apud
659 942 807 980 inferos
834 953 997 979 munere
1025 941 1257 991 fungeretur
1281 937 1409 991 (Dion.
1433 940 1480 979 ad
1500 940 1633 992 Pomp.
1649 939 1687 991 6,

153 1004 307 1059 4-8),
336 1012 464 1045 tamen
493 1019 571 1045 non
598 1011 687 1044 ante
714 1006 1003 1044 hellenisticam
1031 1010 1198 1044 aetatem
1226 1006 1402 1056 singulae
1430 1018 1621 1056 personae
1648 1008 1688 1044 111

154 1072 297 1110 litteris
324 1084 438 1110 suum
470 1073 529 1110 ius
557 1084 726 1122 suasque
759 1076 890 1121 partes
918 1070 993 1109 sihi
1020 1070 1224 1109 uindicare
1252 1070 1445 1122 solebant3
1482 1075 1565 1109 tum
1592 1084 1688 1110 uero

155 1139 271 1176 Arato
298 1142 513 1188 praeeunte
540 1136 685 1175 Romae
713 1137 788 1175 uiri
818 1136 992 1174 illustres
1020 1148 1109 1174 suas
1132 1137 1234 1174 uitas
1261 1135 1418 1187 publice
1446 1137 1522 1186 ipsi
1547 1149 1689 1187 propo-

155 1215 250 1241 nere
290 1204 374 1240 ausi
413 1208 502 1240 sunt
543 1214 671 1252 neque
705 1214 773 1240 sua
808 1203 1038 1240 auctoritate
1078 1201 1169 1239 freti
1208 1201 1409 1239 rhetorum
1447 1203 1689 1240 ornamentis

156 1280 253 1318 opus
281 1280 367 1306 esse
396 1268 725 1306 existimauerunt
751 1267 798 1305 ad
827 1266 996 1305 lectores
1023 1266 1099 1305 sihi
1126 1266 1402 1305 conciliandos.
1441 1266 1537 1305 haec
1558 1272 1690 1305 tamen

157 1332 388 1383 simplicitas
421 1332 666 1371 multitudini
697 1345 775 1370 non
803 1332 966 1383 placuit,
995 1338 1039 1370 ut
1066 1332 1245 1370 rhetores
1271 1333 1450 1370 uirorum
1476 1331 1690 1370 illustrium

155 1399 277 1435 uitam
313 1404 572 1449 naturamque
608 1403 696 1449 post
727 1398 976 1436 Aristotelem
1010 1397 1403 1448 Theophrastumque
1436 1403 1616 1436 accurate
1650 1399 1690 1436 in

156 1462 318 1501 historia
361 1462 627 1514 depingendos
657 1459 752 1515 {esse
790 1462 931 1501 docere
970 1464 1209 1513 inciperent,
1253 1464 1433 1513 quamuis
1475 1464 1692 1514 antiquitus

157 1540 293 1566 eorum
321 1530 418 1567 ratio
453 1541 540 1566 cum
568 1528 639 1566 hac
668 1528 868 1579 diligentia
900 1523 1295 1581 (προσωποποιίοςς)
1325 1527 1566 1578 discreparet
1592 1524 1691 1580 (Leo

158 1594 408 1642 Be‘oqraplzoe
429 1589 697 1647 p.316sqq.)‚
732 1593 849 1645 idque
882 1595 922 1631 in
956 1594 1105 1631 recenti
1137 1594 1328 1631 memoria
1360 1593 1576 1644 perfectius
1606 1594 1692 1631 fieri

156 1670 272 1709 posse
301 1656 450 1711 (Polyb.
473 1657 511 1709 9,
527 1656 702 1710 2,-1151111.
736 1658 913 1697 Scheller
941 1672 979 1709 p.
997 1656 1049 1697 16
1063 1655 1179 1709 sqq).
1224 1658 1285 1696 his
1318 1659 1439 1709 igitur
1471 1660 1692 1709 praeceptis

157 1722 363 1762 Cornelius
385 1723 550 1762 Sisenna
578 1723 789 1762 obsecutus
816 1736 880 1762 res
902 1729 1094 1773 recentes,
1121 1735 1219 1774 quas
1246 1721 1438 1777 αὐτοψίςι
1465 1723 1540 1761 sibi
1561 1725 1692 1774 cogni-

156 1793 216 1827 tas
244 1800 330 1827 esse
357 1788 488 1839 uellet,
516 1790 758 1828 ornamentis
786 1795 824 1828 et
849 1790 1037 1827 materiae
1060 1794 1097 1827 et
1124 1788 1204 1828 stili
1230 1789 1476 1827 conformare
1496 1789 1693 1828 homines-

158 1866 233 1905 que
267 1858 306 1892 et
338 1860 419 1892 arte
453 1867 522 1893 sua
556 1854 713 1893 allicere
747 1860 785 1893 et
819 1854 1012 1893 delectare
1046 1855 1220 1893 animum
1253 1853 1408 1893 induxit
1440 1860 1477 1892 et
1511 1854 1694 1892 omnibus

158 1918 277 1958 rebus
310 1919 478 1958 feliciter
508 1921 549 1957 in
582 1921 748 1970 imperio
781 1919 954 1958 Romano
988 1921 1109 1969 gestis
1143 1919 1190 1958 ad
1223 1919 1353 1958 Sullae
1391 1921 1510 1958 unius
1549 1919 1693 1957 claram

159 1985 331 2035 speciem
373 1984 629 2036 diuinumque
675 1986 906 2024 instinctum
946 1984 1079 2023 relatis
1120 1984 1286 2035 aliisque
1324 1984 1388 2023 uel
1429 1984 1592 2023 detortis
1629 1983 1694 2022 uel

159 2051 318 2088 omnino
353 2050 454 2089 fictis
487 2050 534 2088 ad
567 2062 631 2089 eas
664 2056 813 2101 partes,
847 2063 945 2102 quae
985 2063 1074 2089 eum
1108 2049 1367 2089 defenderent
1405 2049 1696 2088 admirarentur

158 2121 457 2165 uenerarentur‚
481 2115 649 2165 trahere,
670 2116 928 2167 inscriptione
949 2121 1081 2154 tamen
1102 2120 1314 2166 perpetuae
1337 2127 1471 2154 rerum
1492 2120 1693 2166 gestarum

158 2179 345 2218 historiae
373 2185 411 2218 61
437 2185 519 2218 arte
548 2180 715 2231 dicendi,
743 2181 837 2232 quid
864 2193 959 2220 uere
987 2186 1194 2232 spectaret,
1221 2180 1438 2231 prudenter
1464 2180 1608 2219 uelare.

250 2244 313 2283 Sic
339 2257 411 2296 per
436 2245 677 2296 aliquantum
704 2248 894 2297 temporis
922 2245 1088 2284 Sisenna
1121 2245 1308 2284 historiae
1336 2246 1600 2296 principatum
1628 2245 1694 2283 ob-

160 2311 288 2348 tinuit.
328 2310 465 2349 Cicero
499 2310 657 2361 quidem
685 2323 716 2349 a.
738 2309 806 2349 52.
831 2309 914 2349 702
949 2323 1037 2349 eum
1071 2310 1197 2349 solum
1229 2311 1335 2349 inter
1361 2310 1543 2361 aequales
1571 2312 1694 2348 nomi-

160 2376 270 2413 nauit
297 2370 364 2427 (de
386 2375 483 2426 legg.
509 2374 543 2424 1,
559 2373 597 2426 2,
616 2374 677 2428 7),
704 2376 823 2415 Varro
857 2382 987 2414 autem
1020 2388 1142 2415 unum
1170 2388 1215 2414 ex
1246 2375 1484 2425 logistoricis
1512 2373 1695 2414 ‘Sisenna

160 2439 223 2478 uel
252 2439 299 2478 de
326 2439 502 2479 historia’
532 2441 734 2492 inscripsit
761 2438 931 2487 (Ritschl
951 2440 1093 2491 Opusc.
1116 2440 1141 2480 3
1163 2453 1198 2491 p.
1214 2438 1332 2492 410),
1364 2446 1407 2479 ut
1435 2439 1616 2480 ‘Marium
1649 2440 1694 2479 de

160 2503 344 2555 fortuna',
373 2502 499 2544 ‘Pium
534 2505 580 2544 de
612 2504 737 2556 pace’.
777 2506 853 2545 Sed
885 2506 999 2545 breui
1030 2507 1114 2545 eius
1141 2507 1330 2544 memoria
1357 2507 1535 2557 euanuit,
1568 2518 1695 2557 neque

162 2570 266 2607 enim
299 2569 451 2620 habuit,
481 2571 548 2620 qui
574 2571 614 2608 in
647 2570 810 2609 historia
845 2572 929 2609 eius
956 2572 1121 2621 uestigia
1154 2570 1347 2621 legerent,
1381 2576 1496 2622 atque
1525 2584 1572 2609 ne
1600 2584 1696 2609 usus

162 2634 321 2685 quidem
354 2636 456 2685 61115,
490 2636 522 2673 si
550 2635 763 2674 Caecilium
790 2632 1090 2689 (Galat-tinum),
1124 2637 1190 2686 qui
1223 2636 1263 2673 in
1291 2635 1402 2673 libris
1430 2637 1696 2686 grammaticis

164 2699 210 2737 de
243 2711 287 2738 eo
321 2700 448 2749 egisse
481 2699 640 2738 uidetur
667 2696 733 2754 (cf.
757 2700 842 2739 adn.
864 2700 910 2739 ad
934 2702 977 2738 fr.
998 2697 1118 2754 103),
1149 2706 1187 2739 et
1214 2700 1319 2739 Festi
1346 2701 1476 2739 locum
1504 2700 1568 2754 (fr.
1593 2699 1695 2751 124)

161 2763 370 2802 admodum
399 2763 559 2803 dubium
582 2767 797 2816 exceperis,
825 2778 871 2805 ex
898 2767 1024 2817 primo
1046 2765 1201 2804 saeculo
1224 2778 1258 2816 p.
1278 2765 1366 2804 Chr.
1389 2779 1425 2804 11.
1447 2771 1553 2805 certa
1575 2767 1697 2804 uesti-

163 2831 222 2879 gia
258 2835 496 2880 comparent.
537 2829 640 2881 quod
674 2833 807 2869 nescio
840 2836 974 2870 utrum
1008 2830 1098 2869 inde
1133 2832 1277 2869 factum
1305 2832 1373 2881 sit,
1407 2832 1495 2882 quia
1523 2843 1621 2882 quae
1651 2830 1697 2869 de
