2002 3342
705 200 746 242 Q.
773 199 946 235 FABIVS
974 199 1148 235 PICTOR
1611 216 1690 246 XCI

156 315 231 352 lem
265 314 509 362 temporibus
539 314 707 351 huiusce
734 313 842 361 belli,
875 314 1129 360 potissimum
1163 317 1370 350 auctorem
1402 311 1547 351 habere
1574 314 1690 363 pross-

157 374 316 430 tetu1·.¹)
368 389 466 428 quae
507 376 627 415 uerba
668 376 888 427 similiaque
929 377 1077 427 primae
1119 375 1276 414 decadis
1315 377 1346 414 si
1386 379 1691 428 comparaueris,

156 444 272 481 etiam
307 441 458 481 duobus
492 441 578 480 aliis
611 441 707 480 locis
741 453 761 479 a
795 441 907 480 Liuio
941 441 1109 479 eundem
1149 441 1364 491 significari
1403 454 1492 480 eum
1525 442 1690 493 quadam

156 507 443 558 probabilitatis
471 508 602 558 specie
631 508 815 545 conicies.
867 507 976 556 prior
1002 506 1066 544 hic
1093 512 1152 544 est
1180 503 1266 558 (⁶25,
1291 505 1356 557 11,
1377 503 1468 560 2(1);
1510 508 1692 547 Ceterum

157 573 330 622 defectio
357 573 668 612 Tarentinorum
690 578 824 610 utrum
844 574 990 621 priore
1011 583 1118 610 anno
1140 584 1192 610 att
1213 573 1289 610 lzoc
1308 568 1427 625 (212.
1449 569 1554 627 542)
1575 573 1691 622 facta

155 640 218 686 sit,
246 640 287 676 in
315 639 520 677 diuersum
547 643 737 676 auctores
763 638 942 675 trahunt.
984 639 1124 686 plures
1140 640 1504 686 propioresque
1531 644 1693 677 aetate

156 706 415 742 memoriae
446 714 608 741 rerum
634 704 711 741 hoc
738 713 844 741 anno
874 701 1032 751 factum
1058 704 1239 740 tradunt.
1292 714 1366 752 quo
1395 702 1478 741 loco
1506 715 1595 741 cum
1622 703 1691 741 Ρο-

156 767 278 818 lybie,
311 780 331 806 a
359 780 434 819 quo
462 767 675 806 Tarentum
704 768 779 805 iam
808 779 839 805 a.
862 764 959 805 213.
982 763 1064 805 541
1096 766 1289 805 defecisse
1317 767 1577 807 existumabat
1603 781 1691 807 nar-

157 838 284 871 ratum
313 845 399 872 esse
428 828 487 886 (S,
514 830 569 871 26
586 828 702 884 sqq),
733 837 934 870 auctorem
962 832 1224 882 antiquiorem
1252 837 1432 883 opponat,
1459 845 1537 871 non
1564 839 1694 884 potest

156 898 195 935 in
229 899 358 936 animo
395 897 540 936 habere
574 896 768 947 Coelium,
808 898 875 947 qui
913 896 1072 947 Polybio
1113 897 1194 935 sere
1234 897 1354 936 suerit
1392 897 1583 948 aequalis,
1623 898 1692 937 sed

156 962 282 1001 solum
315 962 495 1014 Fabium,
533 964 645 1001 cuius
679 963 950 1000 auctoritatem
984 959 1052 1012 22,
1081 959 1117 1011 7,
1143 961 1171 1000 4
1206 961 1251 1000 de
1285 961 1421 1000 eadem
1456 975 1573 1001 causa
1606 963 1692 1002 aliis

156 1027 408 1078 praetulerat.
453 1033 657 1079 praeterea
678 1027 815 1066 Liuius
836 1026 999 1066 Fabium
1021 1027 1265 1077 significasse
1285 1027 1445 1066 uidetur
1468 1025 1536 1078 29,
1561 1026 1626 1079 14,
1648 1026 1692 1067 5:

156 1094 216 1132 Eo
238 1096 411 1132 accessit
426 1088 482 1146 (a.
498 1090 596 1132 204.
612 1089 717 1147 550>
735 1095 977 1132 consultatio
999 1095 1048 1132 cle
1068 1098 1199 1132 matre
1213 1094 1343 1132 Idaea
1365 1096 1619 1143 accipienda.
1635 1117 1690 1121 —

154 1159 270 1196 haud
283 1170 450 1208 paruae
476 1161 539 1197 rei
564 1160 760 1197 iudicium
787 1163 971 1197 senatum
999 1159 1170 1208 tenebat,
1198 1161 1268 1207 qui
1293 1161 1361 1197 uir
1382 1162 1553 1208 optimus
1572 1162 1614 1198 in
1637 1163 1692 1198 ci-

155 1226 284 1262 uitate
305 1229 417 1262 esset.
443 1246 492 1250 —-
517 1225 560 1262 P.
583 1225 812 1273 Scipionem
838 1223 904 1262 Cn.
922 1224 953 1273 f.
975 1226 1073 1273 eius,
1094 1226 1164 1272 qui
1184 1227 1225 1262 in
1247 1224 1452 1273 Hispania
1472 1227 1692 1274 ceciderat,

157 1290 454 1328 adulescentem
486 1290 662 1328 nondum
695 1291 970 1337 quaestorium
1003 1290 1296 1328 iudicauerunt
1328 1292 1369 1328 in
1403 1295 1486 1328 tota
1525 1293 1693 1330 ciuitate

156 1356 291 1392 uirum
324 1355 518 1393 bonorum
551 1357 740 1403 optimum
773 1367 868 1393 esse.
926 1355 970 1392 icl
1003 1355 1149 1402 quibus
1184 1356 1404 1393 uirtutibus
1440 1357 1600 1395 inducti
1635 1359 1692 1394 ita

156 1420 401 1468 iudicarint,
433 1422 539 1458 sicut
571 1421 766 1458 traditum
800 1431 824 1458 a
854 1422 1102 1468 proximis
1136 1422 1397 1458 memoriae
1430 1426 1691 1470 temporum

156 1486 352 1523 illorum
389 1486 723 1534 scriptoribus
761 1485 889 1523 libens
917 1487 1098 1534 posteris
1130 1486 1354 1536 traderem,
1389 1488 1447 1524 ita
1473 1498 1582 1524 meas
1608 1489 1691 1535 opi-

156 1552 297 1588 niones
323 1552 590 1589 coniectando
616 1562 701 1589 rem
728 1554 926 1588 uetustate
952 1551 1137 1588 obrutam
1164 1561 1243 1589 non
1270 1547 1578 1603 i'nterporzarti.2)

253 1689 286 1732 1)
313 1688 353 1721 In
384 1687 467 1732 ipsa
498 1698 626 1732 pugna
657 1686 903 1721 describenda
935 1697 1019 1720 eum
1051 1699 1145 1731 quae
1177 1687 1334 1731 Polybio
1360 1687 1609 1732 inspergeret,
1649 1698 1693 1722 ex

156 1739 281 1775 Coelio
309 1740 581 1785 deprompsisse
606 1740 704 1774 infra
730 1751 966 1784 exponemus.
1013 1751 1099 1774 nam
1126 1741 1233 1775 Fabii
1260 1741 1464 1776 auctoritas
1492 1741 1539 1775 ad
1573 1741 1692 1776 solum

154 1793 346 1828 hominum
373 1805 561 1828 caesorum
589 1805 784 1828 numerum
810 1793 992 1838 pertinet,
1030 1793 1069 1827 id
1096 1795 1194 1838 quod
1222 1794 1360 1838 cuiuis,
1396 1794 1460 1838 qui
1486 1806 1559 1829 non
1584 1806 1692 1839 prae-

155 1849 358 1892 occupatus
386 1848 509 1881 animo
537 1849 584 1881 ad
610 1848 709 1882 hunc
734 1848 857 1881 locum
882 1847 1207 1891 interpretandum
1234 1849 1448 1890 accesserit,
1481 1847 1593 1883 facile
1627 1860 1693 1893 ap-

155 1900 314 1945 parebit.
361 1900 413 1935 Cf.
442 1900 478 1935 C.
500 1901 609 1936 Peter
634 1901 657 1936 1.
680 1913 707 1936 s,
734 1913 769 1945 p.
792 1904 847 1935 55.

252 1957 288 1999 2)
313 1954 483 1989 Reticere
508 1955 594 1989 nolo
616 1956 652 1989 et
671 1954 877 1989 Diodorum
897 1956 968 1998 (34,
984 1956 1041 1999 33)
1069 1956 1106 1988 et
1125 1954 1284 1989 Dionem
1304 1954 1360 1999 (fr.
1376 1959 1432 1998 57,
1454 1956 1511 1999 61)
1533 1955 1692 1990 uirtutes

156 2007 346 2042 addidisse
372 2007 555 2052 Scipionis
581 2008 680 2042 inter
706 2019 744 2042 se
770 2009 1027 2053 congruentes.
1078 2008 1170 2043 haec
1204 2008 1302 2042 enim
1337 2008 1418 2043 ille:
1458 2007 1593 2053 ἐκρίθη
1619 2015 1692 2043 τῶν

156 2060 223 2106 μὲν
250 2062 399 2105 ἀνδρῶν
426 2061 574 2105 ἄριστος
600 2061 766 2101 Πόπλιος
791 2064 981 2105 Νασικᾶς,
1015 2067 1089 2096 τῶν
1116 2061 1155 2096 δὲ
1183 2067 1372 2106 γυναικῶν
1403 2061 1601 2105 Οὐαλερία.
1648 2063 1692 2097 οὐ

156 2113 273 2159 μόνον
299 2114 369 2159 γὰρ
389 2120 431 2160 τῇ
458 2113 552 2158 πρὸς
577 2116 693 2156 θεοὺς
719 2114 884 2162 εὐσεβείᾳ
912 2114 1108 2159 διαφέρειν
1135 2115 1260 2157 ἔδοξεν
1288 2114 1379 2149 ἀλλὰ
1410 2115 1473 2149 καὶ
1504 2115 1693 2156 πολιτικὸς

155 2168 294 2212 ὑπῆρξε
321 2170 384 2203 καὶ
410 2167 560 2208 συνετὸς
584 2169 624 2203 ἐν
648 2171 697 2214 τῷ
717 2168 785 2213 τὴν
806 2170 956 2213 γνώμην
976 2167 1272 2213 ἀποφαίνεσθαι.
1313 2168 1444 2202 Dionis
1464 2169 1580 2203 uerba
1599 2168 1691 2203 haec

157 2223 259 2256 sunt:
287 2221 343 2257 ὅτι
362 2227 428 2257 τοῦ
449 2221 602 2257 Πυθίου
628 2222 869 2262 κελεύσαντος
894 2227 971 2261 τοῖς
986 2220 1180 2266 Ῥωμαίοις
1204 2224 1253 2267 τῷ
1281 2220 1418 2268 ἀρίστῳ
1438 2227 1511 2256 τῶν
1531 2224 1691 2257 πολιτῶν

157 2274 354 2320 ἐπιτρέψαι
380 2276 446 2320 τὴν
471 2273 567 2310 θεὸν
594 2275 633 2310 ἐκ
661 2277 934 2314 Πεσσινοῦντος
959 2273 1204 2319 κομιζομένην
1230 2276 1266 2314 ἐς
1291 2275 1332 2310 τὸ
1361 2275 1468 2318 ἄστυ,
1500 2275 1690 2310 Πούπλιον

155 2326 363 2370 Σκιπίωνα,
384 2329 505 2361 παῖδα
527 2333 590 2362 τοῦ
614 2326 755 2362 Γναίου
774 2335 839 2363 τοῦ
861 2329 900 2363 ἐν
919 2334 962 2374 τῇ
982 2326 1122 2375 Ἰβηρίᾳ
1142 2327 1425 2372 τελευτήσαντος
1446 2328 1549 2371 ὄντα,
1569 2327 1690 2363 ἁπάν-

155 2393 228 2415 των
254 2380 480 2424 προέκριναν
506 2382 570 2415 καὶ
595 2380 858 2426 προετίμησαν,
885 2381 1005 2416 αἴτιον
1032 2379 1071 2416 δὲ
1099 2380 1154 2416 ὅτι
1175 2381 1291 2422 ἄλλως
1310 2395 1346 2416 τε
1370 2410 1375 2416 .
1400 2410 1406 2416 .
1430 2410 1435 2416 .
1457 2382 1519 2416 καὶ
1540 2381 1692 2427 εὐσεβὴς

156 2434 220 2467 καὶ
255 2433 400 2474 δίκαιος
435 2433 629 2478 ἐνομίζετο.
674 2435 740 2469 has
775 2436 901 2469 tamen
937 2435 1094 2469 uirtutes
1130 2435 1253 2478 quiuis
1289 2435 1369 2479 ipse
1404 2435 1506 2469 nullo
1540 2437 1689 2469 auctore

157 2486 296 2531 fingere
328 2487 453 2531 potuit
484 2498 604 2531 neque
636 2498 728 2532 opus
761 2488 832 2522 erit
857 2488 954 2522 hanc
981 2488 1026 2522 ob
1053 2498 1222 2530 causam,
1256 2489 1352 2532 quod
1382 2499 1502 2532 neque
1528 2488 1689 2522 Diodoro

154 2550 276 2584 neque
302 2539 414 2575 Dioni
440 2540 578 2574 Fabius
609 2540 760 2586 ignotus
791 2541 906 2576 fuisse
939 2541 1104 2583 uidetur,
1141 2541 1206 2575 1110
1240 2541 1322 2576 loco
1349 2542 1505 2575 Liuiano
1533 2541 1687 2575 Fabium

155 2592 407 2638 significatum
422 2604 502 2628 esse
516 2604 718 2639 negare.—-
736 2595 869 2629 Nescio
885 2606 932 2629 an
947 2595 1061 2630 etiam
1077 2605 1171 2638 quae
1186 2595 1231 2628 de
1242 2594 1419 2629 Pleminii
1433 2605 1545 2628 causa
1560 2594 1687 2628 Liuius

153 2646 302 2681 rettulit
315 2649 496 2692 <29‚6—9.
515 2649 719 2693 16,4—22),
735 2649 782 2683 ad
797 2649 955 2682 eundem
970 2648 1124 2682 Fabium
1141 2649 1307 2683 redeant.
1334 2650 1435 2683 totus
1451 2648 1550 2682 enim
1562 2648 1689 2682 Liuius

155 2699 209 2734 ibi
235 2699 328 2734 facit
350 2712 433 2734 cum
455 2700 494 2742 Q.
510 2701 636 2743 Fabio,
663 2702 727 2745 qui
754 2702 1050 2736 aduersariorum
1072 2701 1255 2746 Scipionis
1275 2701 1447 2746 princeps
1468 2700 1540 2735 fuit
1560 2704 1602 2746 (c.
1621 2703 1688 2744 19).

155 2752 231 2787 uid.
258 2753 297 2787 in
322 2753 452 2798 primis
480 2765 508 2788 c⁴
532 2758 587 2797 16,
609 2758 645 2788 5:
673 2766 736 2789 nec
761 2759 835 2789 tam
862 2755 1022 2790 Plemini
1046 2756 1160 2790 scelus
1185 2767 1292 2799 quam
1319 2755 1549 2798 Scipionis
1575 2755 1620 2788 in
1645 2764 1688 2788 eo

155 2810 234 2841 aut
259 2808 443 2842 ambitio
464 2812 542 2842 aut
560 2809 842 2853 negleyeiitia
862 2809 956 2843 iras
975 2809 1195 2842 hominum
1216 2809 1449 2842 inritauit.
1486 2807 1553 2840 His
1574 2807 1690 2851 igitur

155 2858 298 2894 duobus
323 2858 432 2902 locis,
460 2863 498 2895 et
524 2860 673 2895 silentio
700 2860 765 2894 1110
792 2860 838 2895 de
863 2860 903 2895 P.
926 2859 1109 2905 Scipionis
1136 2859 1337 2894 uirtutibus
1365 2861 1402 2894 et
1427 2859 1497 2894 hoc
1525 2859 1687 2901 crimine,
