2002 3342
96 908 128 932 10

430 197 465 232 C.
488 197 633 232 CASSH
660 197 880 231 HEMINAE
908 196 1143 230 ANNALES.
1184 196 1225 229 fr.
1250 199 1389 229 18—21
1595 194 1677 235 105

146 310 248 361 quod
284 311 425 348 totiens
458 310 559 346 intra
593 321 738 358 paucos
765 320 888 345 annos
915 307 1015 345 male
1044 312 1148 345 esset
1175 306 1317 344 afflicta
1346 318 1410 343 res
1437 304 1609 356 publica3
1643 310 1681 343 et

147 389 191 413 ex
222 380 430 425 praee-epto
457 379 610 424 patruni
637 373 799 411 Lucium
821 373 1033 423 Aquinium
1062 372 1311 422 haruspicem
1339 372 1377 408 in
1407 375 1585 408 senamm
1613 382 1679 407 ue-

148 443 232 479 nire
262 442 411 478 iussum
441 438 672 488 religionum
703 436 1028 488 requirondarum
1057 439 1179 487 gralia
1209 436 1354 474 dixisse
1382 436 1570 480 Quintum
1595 434 1680 472 Sul-

148 507 292 556 picium
315 504 515 542 tribunum
538 503 706 541 militum
729 502 775 540 ad
790 502 928 540 Alliam
950 501 1142 540 aduersus
1161 501 1290 539 Gallos
1311 507 1575 551 pugnaturum
1598 512 1681 538 rem

149 569 322 607 diuinam
346 568 555 607 dimicandi
584 569 707 618 gralia
736 568 876 606 secisse
904 566 1095 618 postridie
1118 566 1204 605 idus
1226 565 1437 618 Quintiles3
1465 567 1557 603 ilem
1580 564 1681 615 apud

148 634 371 673 Cremeram
406 634 619 684 multisque
653 633 738 671 aliis
771 632 1015 683 temporibus
1048 636 1086 670 et
1118 632 1213 669 locis
1240 637 1327 682 post
1355 631 1592 669 sacrificium
1621 629 1682 668 die

147 705 302 750 postero
337 699 575 737 celebratum
608 698 708 736 male
742 699 909 736 cessisse
941 697 1179 735 conflictum.
1225 702 1317 734 tunc
1344 701 1477 747 patres
1504 696 1682 741 iussisse,

147 770 190 803 ut
211 764 256 802 ad
279 764 485 814 collegium
512 764 743 814 pontificum
767 763 812 801 de
839 763 901 801 his
925 762 1181 813 religionibus
1204 762 1432 811 referretur,
1460 762 1682 812 pontifices-

149 842 223 880 que
245 831 427 868 statuisse
450 828 640 880 postridie
662 840 798 867 omnes
820 827 1018 878 kalendas,
1042 839 1178 877 nonas,
1199 826 1287 864 idus
1309 831 1413 864 atros
1436 825 1518 863 dies
1539 824 1683 863 haben-

151 895 230 945 dos,
258 901 300 933 ut
326 895 364 932 hi
388 894 470 933 dies
492 906 618 945 neque
646 893 861 944 proeliares
886 905 1013 944 neque
1040 893 1131 943 puri
1152 904 1279 942 neque
1302 890 1518 929 comitiales
1540 895 1684 928 essent.

240 956 317 999 ⁶31.
350 961 450 999 Non.
470 972 498 998 s.
520 959 932 1009 u.pr0leta2·2·2·p.67.
978 958 1136 996 Cassius
1169 956 1307 994 Emina
1341 955 1472 994 31111311
1506 955 1604 994 libro
1632 955 1681 997 II:

150 1025 261 1064 Tunc
288 1025 458 1064 Marcius
484 1023 513 1076 *J*
541 1037 681 1075 praeco
708 1025 880 1075 primum
907 1023 1141 1074 proletarios
1168 1022 1346 1060 armauit.

149 1151 233 1185 idus
266 1151 443 1192 Quintilis
476 1162 550 1185 non
583 1150 731 1185 litasset
763 1149 950 1194 Sulpicius
982 1148 1153 1182 tribunus
1185 1147 1347 1181 militum
1380 1157 1501 1189 neque
1532 1146 1686 1180 inuenta

149 1209 242 1243 pace
275 1199 385 1233 deum
417 1200 502 1242 post
529 1198 626 1232 diem
658 1198 811 1232 tertium
838 1197 1005 1231 obiectus
1031 1195 1128 1230 hosti
1155 1195 1337 1229 exercitus
1363 1195 1553 1228 Romanus
1581 1197 1686 1236 esset,

151 1246 262 1281 6113111
288 1246 469 1290 postridie
496 1245 579 1280 idus
607 1245 745 1279 diuinis
774 1243 1006 1289 supersederi
1032 1244 1191 1285 iussum3
1223 1243 1311 1276 inde
1337 1244 1379 1276 ut
1404 1241 1585 1285 postridie
1611 1241 1685 1275 kal.

151 1305 298 1337 quoque
325 1304 368 1327 36
388 1304 505 1328 nonas
526 1293 656 1327 eadem
677 1292 811 1337 religio
832 1294 939 1333 esset,
966 1291 1146 1325 traditum
1173 1292 1319 1334 putant.
1362 1290 1450 1324 Gell.
1474 1292 1581 1331 5,17.-
1597 1289 1687 1323 Ver-

150 1341 227 1375 rius
255 1341 408 1375 Flaccus
435 1341 473 1374 in
501 1343 633 1384 quarto
661 1341 706 1374 de
732 1340 928 1374 uerborum
957 1339 1166 1383 significatu
1194 1338 1283 1379 dies,
1310 1337 1481 1381 quisunt
1506 1336 1687 1381 postridie

152 1388 351 1430 kalendas,
383 1399 518 1430 nonas,
550 1389 651 1430 idus,
684 1398 775 1431 quos
802 1386 938 1431 uulgus
970 1386 1143 1430 imperite
1171 1385 1366 1419 ‘nefastos'
1396 1384 1504 1426 dicit,
1538 1386 1689 1428 propter

151 1436 247 1470 113110
280 1446 431 1470 causam
469 1435 587 1470 dictos
622 1435 845 1478 habitosque
875 1435 1016 1468 ‘atros’
1046 1444 1125 1467 esse
1160 1432 1301 1466 scribit.
1340 1431 1456 1473 Vrbe,
1492 1431 1633 1475 inquit,
1667 1443 1688 1465 3

152 1483 270 1518 Gallis
299 1483 506 1517 Senonibus
532 1485 749 1527 recuperata
776 1482 813 1516 L.
840 1481 978 1516 Atilius
1005 1481 1041 1514 in
1071 1482 1202 1515 senatu
1228 1479 1345 1514 uerba
1370 1479 1470 1522 fecit,
1498 1478 1537 1520 Q.
1567 1478 1689 1523 Sulpi-

153 1531 251 1565 cium
283 1531 473 1564 tribunum
506 1531 667 1564 militum
704 1530 750 1564 ad
785 1529 922 1563 Alliam
956 1528 1134 1562 aduersus
1168 1527 1294 1562 Gallos
1326 1528 1579 1571 pugnaturum
1610 1538 1689 1560 rem

153 1578 320 1612 diuinam
347 1578 553 1612 dimicandi
578 1578 699 1622 gratia
725 1577 905 1622 postridie
932 1576 1014 1610 idus
1040 1575 1189 1610 fecisse:
1223 1576 1304 1608 tum
1330 1574 1532 1608 exercitum
1558 1573 1689 1618 populi

152 1625 311 1659 Romani
343 1625 534 1659 occidione
560 1625 724 1659 occisum
751 1627 788 1658 et
819 1625 904 1669 post
933 1624 1029 1658 diem
1059 1623 1209 1657 tertium
1236 1621 1314 1656 eius
1342 1622 1401 1655 die
1427 1621 1556 1655 urbem
1584 1631 1689 1665 prae-

152 1674 208 1707 ter
235 1672 460 1717 Capitolium
488 1675 638 1717 captam
664 1683 755 1714 esse,
783 1671 1065 1716 compluresque
1092 1670 1157 1704 alii
1183 1671 1371 1704 senatores
1397 1669 1583 1703 recordari
1611 1680 1690 1703 sese

153 1721 342 1759 dixerunt,
375 1720 546 1763 quotiens
579 1720 669 1753 belli
701 1719 855 1763 gerendi
887 1719 1012 1764 gratia
1043 1730 1100 1752 res
1128 1717 1256 1751 diuina
1287 1716 1471 1761 postridie
1497 1716 1688 1758 kalendas,

152 1779 280 1810 nonas,
308 1767 390 1801 idus
418 1778 439 1801 3
462 1767 684 1812 magistratu
710 1766 840 1812 populi
861 1766 1019 1800 Romani
1045 1766 1145 1799 facta
1165 1766 1272 1806 esset,
1300 1764 1377 1798 eius
1404 1763 1495 1798 belli
1521 1764 1689 1808 proximo

153 1815 328 1859 deinceps
351 1814 491 1859 proelio
511 1826 589 1849 rem
609 1814 800 1859 publicam
821 1814 919 1848 male
940 1816 1086 1858 gestam
1102 1823 1191 1847 esse.
1228 1812 1322 1845 Tum
1344 1814 1494 1845 senatus
1516 1822 1597 1845 eam
1612 1822 1689 1845 rem

155 1863 203 1897 ad
229 1862 423 1907 pontifices
448 1862 594 1902 reiecit,
627 1864 670 1896 ut
695 1862 767 1905 ipsi
794 1862 893 1906 quod
919 1862 1120 1900 uideretur,
1147 1861 1365 1895 statuerent.
1404 1859 1602 1893 Pontifices
1629 1859 1691 1892 de-

154 1912 358 1952 creuerunt,
385 1909 530 1944 nullum
556 1910 614 1944 his
642 1910 773 1944 diebus
795 1909 1017 1944 sacrificium
1043 1909 1144 1942 recte
1170 1907 1347 1941 futurum.
1386 1908 1464 1941 uid.
1488 1907 1691 1941 Mommsen

156 1959 276 1993 chron.
293 1970 331 2002 p.
346 1961 396 1992 26
414 1970 450 1992 n.
467 1961 523 1992 32.

251 2005 317 2039 21.
347 2004 385 2049 Q
422 2006 609 2040 Marcium
642 2005 873 2049 Pleiliypmn,
906 2005 970 2048 qui
1001 2016 1034 2038 (ι.
1055 2006 1137 2038 281.
1164 2005 1236 2037 473
1267 2002 1393 2036 consul
1426 2001 1501 2043 fuit
1531 2012 1611 2035 cum
1644 2001 1690 2035 L.

155 2054 310 2087 Aemilio
336 2053 525 2094 Barbula,
557 2053 833 2097 intelleyendwn
861 2063 932 2086 esse
957 2051 1131 2085 uiderunt
1157 2051 1312 2084 Harless
1338 2049 1412 2091 (De
1432 2049 1526 2083 Fab.
1549 2053 1581 2083 et
1599 2049 1690 2091 Auf.

149 2102 265 2144 1154)
293 2104 325 2134 et
347 2100 483 2134 Vahlen
510 2101 675 2143 (quae-stt.
697 2098 820 2134 Eme.g
836 2111 874 2143 p.
894 2099 1192 2142 CLXXVIsq.).
1232 2097 1274 2131 de
1306 2107 1404 2131 a‘rmo
1437 2107 1505 2139 quo
1532 2097 1690 2140 proleta-

154 2149 228 2182 rios
255 2148 466 2190 armauera‘t,
492 2147 577 2181 uide
601 2147 747 2189 010314,
763 2150 794 2189 1,
811 2150 849 2180 1:
875 2147 981 2180 Anno
1004 2146 1049 2179 ab
1070 2145 1161 2178 urbe
1183 2145 1334 2179 condita
1355 2142 1599 2178 CCCCLXIIH
1620 2143 1691 2176 Ta-

154 2194 291 2228 rentini
306 2194 514 2228 Romanam
533 2194 689 2228 classem
708 2194 801 2228 forte
822 2193 1120 2237 praetereuntem
1138 2191 1352 2236 spectaculo
1366 2190 1505 2225 theatri
1519 2201 1691 2234 prospec-

155 2244 232 2277 tam
254 2242 441 2276 hostiliter
460 2241 690 2284 iuuaserunt,
712 2241 875 2284 quinque
896 2242 1040 2274 tantum
1062 2239 1223 2273 nauibus
1244 2239 1307 2272 uix
1326 2249 1393 2282 per
1412 2239 1541 2282 fugam
1556 2237 1692 2282 elapsis

157 2292 280 2324 cetera
312 2291 473 2323 retracta
505 2289 542 2322 in
575 2290 723 2333 portum
757 2288 885 2323 classis
919 2289 956 2322 et
986 2287 1186 2332 profligata
1218 2288 1289 2328 est,
1326 2285 1507 2329 praefecti
1538 2285 1691 2319 nauium

156 2336 345 2379 trucidati,
374 2347 499 2371 omnes
526 2336 623 2370 bello
644 2336 753 2370 utiles
774 2336 884 2377 03631,
911 2335 1046 2378 reliqui
1074 2334 1193 2379 pretio
1213 2333 1359 2367 uenditi
1379 2334 1466 2367 sunt
1516 2333 1691 2367 continuo

156 2384 260 2418 missi
281 2384 482 2418 Tarentum
502 2395 524 2418 3
543 2384 721 2418 Romanis
745 2383 872 2428 legati,
896 2385 934 2416 ut
954 2383 998 2416 de
1020 2382 1149 2416 inlatis
1170 2383 1413 2425 quererentur
1432 2380 1589 2422 iniuriis,
1609 2379 1692 2424 pul-

158 2432 230 2466 sati
264 2431 310 2465 ab
342 2431 476 2465 iisdem
509 2435 638 2465 auctas
674 2431 827 2475 insuper
860 2430 1014 2464 iniurias
1046 2429 1263 2463 retulerunt.
1309 2428 1366 2461 his
1400 2427 1520 2462 causis
1553 2427 1693 2461 bellum

252 2559 270 2593 1
300 2556 418 2593 toties
444 2556 584 2593 Bamb.
709 2557 731 2592 ‘2
761 2555 981 2602 aruspicem
1007 2554 1136 2590 Paris.
1254 2553 1279 2589 4
1308 2551 1477 2589 aduersu
1502 2552 1632 2589 Paris.

163 2617 215 2653 10
241 2612 383 2663 filiales
408 2616 537 2652 Paris.
601 2627 728 2662 neque
747 2616 839 2660 post
863 2614 955 2662 puri
981 2626 1051 2650 om.
1078 2613 1119 2650 in
1146 2612 1288 2649 Bamb.
1316 2614 1404 2649 ante
1430 2611 1572 2647 emmd.

251 2668 325 2720 21,
356 2676 406 2711 12
434 2675 556 2711 thunc
583 2674 619 2710 L
681 2685 835 2710 marcus
864 2673 954 2710 libri
980 2671 1151 2708 Marcius
1178 2671 1343 2718 Lipsius
1369 2672 1453 2707 tum
1482 2669 1522 2707 O.
1542 2670 1693 2707 Marius

161 2733 295 2771 consul
329 2734 480 2781 primus
515 2733 758 2770 Freinsheim
793 2732 845 2769 ad
877 2731 1049 2778 1‹'lor.3‚
1073 2733 1109 2778 1,
1132 2732 1183 2767 13
1257 2742 1399 2778 praeco
1432 2730 1468 2766 L
1503 2727 1577 2777 pco
1613 2729 1697 2767 GF

159 2794 318 2841 praetor
342 2792 491 2839 Popma
511 2793 684 2839 Lipsius.
711 2792 847 2829 malim
873 2803 943 2839 pro
970 2790 1128 2828 consule
1156 2789 1216 2835 (m
1245 2791 1386 2827 textum
1412 2800 1483 2825 ree.
1505 2788 1693 2829 Mueller)

160 2851 240 2889 uid.
268 2851 394 2888 adnot.
457 2851 692 2900 prolaterios
719 2846 773 2887 L¹
804 2850 1038 2899 protelarios
1064 2845 1123 2885 ΓΙ
1150 2849 1410 2897 prolaetarios
1437 2847 1484 2885 H
