<?xml version="1.0" encoding="UTF-8"?>
<!DOCTYPE html PUBLIC "-//W3C//DTD XHTML 1.0 Transitional//EN"
    "http://www.w3.org/TR/xhtml1/DTD/xhtml1-transitional.dtd">
<html xmlns="http://www.w3.org/1999/xhtml" xml:lang="en" lang="en">
 <head>
  <title>
</title>
<meta http-equiv="Content-Type" content="text/html;charset=utf-8" />
  <meta name='ocr-system' content='tesseract 3.04.00' />
  <meta name='ocr-capabilities' content='ocr_page ocr_carea ocr_par ocr_line ocrx_word'/>
</head>
<body>
  <div class='ocr_page' id='page_1' title='image "./historicorumroma01peteuoft_0624.png"; bbox 0 0 2002 3342; ppageno 0'>
   <div class='ocr_carea' id='block_1_1' title="bbox 316 207 1206 251">
    <p class='ocr_par' dir='ltr' id='par_1_1' title="bbox 316 207 1206 251">
     <span class='ocr_line' id='line_1_1' title="bbox 316 207 1206 251; baseline -0.012 0"><span class='ocrx_word' id='word_1_1' title='bbox 316 211 401 251; x_wconf 72' lang='grc'>230</span> <span class='ocrx_word' id='word_1_2' title='bbox 948 207 1206 249; x_wconf 81' lang='lat' dir='ltr'><strong>RELIQVIAE</strong></span> 
     </span>
    </p>
   </div>
   <div class='ocr_carea' id='block_1_2' title="bbox 220 298 284 327">
    <p class='ocr_par' dir='ltr' id='par_1_2' title="bbox 220 298 284 327">
     <span class='ocr_line' id='line_1_2' title="bbox 220 298 284 327; baseline 0 0"><span class='ocrx_word' id='word_1_3' title='bbox 220 298 284 327; x_wconf 75' lang='lat'>160</span> 
     </span>
    </p>
   </div>
   <div class='ocr_carea' id='block_1_3' title="bbox 220 318 1843 386">
    <p class='ocr_par' dir='ltr' id='par_1_3' title="bbox 220 318 1843 386">
     <span class='ocr_line' id='line_1_3' title="bbox 220 318 1843 386; baseline -0.003 -26"><span class='ocrx_word' id='word_1_4' title='bbox 220 357 286 386; x_wconf 66' lang='lat'>585</span> <span class='ocrx_word' id='word_1_5' title='bbox 403 318 507 360; x_wconf 75' lang='lat'><strong>67=÷=.</strong></span> <span class='ocrx_word' id='word_1_6' title='bbox 541 321 628 359; x_wconf 68' lang='lat' dir='ltr'>Lim.</span> <span class='ocrx_word' id='word_1_7' title='bbox 645 320 711 369; x_wconf 72' lang='grc'>44,</span> <span class='ocrx_word' id='word_1_8' title='bbox 729 320 795 368; x_wconf 84' lang='grc'>14,</span> <span class='ocrx_word' id='word_1_9' title='bbox 812 319 849 358; x_wconf 87' lang='grc'>8.</span> <span class='ocrx_word' id='word_1_10' title='bbox 888 318 1028 357; x_wconf 83' lang='lat' dir='ltr'>Rhodii</span> <span class='ocrx_word' id='word_1_11' title='bbox 1056 319 1225 370; x_wconf 77' lang='lat' dir='ltr'>superbe</span> <span class='ocrx_word' id='word_1_12' title='bbox 1250 321 1564 357; x_wconf 85' lang='lat' dir='ltr'>commemoratis</span> <span class='ocrx_word' id='word_1_13' title='bbox 1585 321 1740 358; x_wconf 64' lang='lat' dir='ltr'>meritis</span> <span class='ocrx_word' id='word_1_14' title='bbox 1758 323 1843 357; x_wconf 68' lang='lat' dir='ltr'>suis</span> 
     </span>
    </p>
   </div>
   <div class='ocr_carea' id='block_1_4' title="bbox 313 383 1907 1608">
    <p class='ocr_par' dir='ltr' id='par_1_4' title="bbox 313 383 1907 1608">
     <span class='ocr_line' id='line_1_4' title="bbox 315 383 1846 437; baseline -0.001 -14"><span class='ocrx_word' id='word_1_15' title='bbox 315 399 405 437; x_wconf 83' lang='lat' dir='ltr'>erga</span> <span class='ocrx_word' id='word_1_16' title='bbox 426 385 613 437; x_wconf 89' lang='lat' dir='ltr'>populum</span> <span class='ocrx_word' id='word_1_17' title='bbox 633 385 850 423; x_wconf 84' lang='lat' dir='ltr'>Romanum</span> <span class='ocrx_word' id='word_1_18' title='bbox 873 390 911 423; x_wconf 89' lang='lat' dir='ltr'>et</span> <span class='ocrx_word' id='word_1_19' title='bbox 932 397 1056 435; x_wconf 83' lang='lat' dir='ltr'>paene</span> <span class='ocrx_word' id='word_1_20' title='bbox 1078 385 1279 435; x_wconf 88' lang='lat' dir='ltr'>uictoriae,</span> <span class='ocrx_word' id='word_1_21' title='bbox 1305 385 1440 435; x_wconf 86' lang='lat' dir='ltr'>utique</span> <span class='ocrx_word' id='word_1_22' title='bbox 1464 383 1509 422; x_wconf 92' lang='lat' dir='ltr'>de</span> <span class='ocrx_word' id='word_1_23' title='bbox 1531 385 1719 423; x_wconf 74' lang='lat' dir='ltr'>Antiocho</span> <span class='ocrx_word' id='word_1_24' title='bbox 1744 396 1846 435; x_wconf 85' lang='lat' dir='ltr'>rege,</span> 
     </span>
     <span class='ocr_line' id='line_1_5' title="bbox 315 449 1843 501; baseline -0.001 -12"><span class='ocrx_word' id='word_1_25' title='bbox 315 452 460 489; x_wconf 88' lang='lat' dir='ltr'>maiore</span> <span class='ocrx_word' id='word_1_26' title='bbox 487 456 597 501; x_wconf 88' lang='lat' dir='ltr'>parte</span> <span class='ocrx_word' id='word_1_27' title='bbox 624 449 671 488; x_wconf 89' lang='lat' dir='ltr'>ad</span> <span class='ocrx_word' id='word_1_28' title='bbox 698 462 739 488; x_wconf 88' lang='lat' dir='ltr'>se</span> <span class='ocrx_word' id='word_1_29' title='bbox 766 449 964 488; x_wconf 88' lang='lat' dir='ltr'>uindicata</span> <span class='ocrx_word' id='word_1_30' title='bbox 991 449 1236 499; x_wconf 88' lang='lat' dir='ltr'>adiecerunt,</span> <span class='ocrx_word' id='word_1_31' title='bbox 1270 461 1357 487; x_wconf 88' lang='lat' dir='ltr'>cum</span> <span class='ocrx_word' id='word_1_32' title='bbox 1385 462 1458 500; x_wconf 85' lang='lat' dir='ltr'>pax</span> <span class='ocrx_word' id='word_1_33' title='bbox 1485 451 1589 487; x_wconf 88' lang='lat' dir='ltr'>inter</span> <span class='ocrx_word' id='word_1_34' title='bbox 1612 449 1843 488; x_wconf 87' lang='lat' dir='ltr'>Macedonas</span> 
     </span>
     <span class='ocr_line' id='line_1_6' title="bbox 315 514 1845 566; baseline -0.001 -13"><span class='ocrx_word' id='word_1_35' title='bbox 315 516 588 566; x_wconf 77' lang='lat' dir='ltr'>Romanosque</span> <span class='ocrx_word' id='word_1_36' title='bbox 621 520 741 564; x_wconf 86' lang='lat' dir='ltr'>esset,</span> <span class='ocrx_word' id='word_1_37' title='bbox 775 514 849 552; x_wconf 88' lang='lat' dir='ltr'>sibi</span> <span class='ocrx_word' id='word_1_38' title='bbox 880 515 1091 552; x_wconf 75' lang='lat' dir='ltr'>amicitiam</span> <span class='ocrx_word' id='word_1_39' title='bbox 1120 526 1208 552; x_wconf 86' lang='lat' dir='ltr'>cum</span> <span class='ocrx_word' id='word_1_40' title='bbox 1236 526 1327 564; x_wconf 88' lang='lat' dir='ltr'>rege</span> <span class='ocrx_word' id='word_1_41' title='bbox 1354 514 1497 552; x_wconf 84' lang='lat' dir='ltr'>Perseo</span> <span class='ocrx_word' id='word_1_42' title='bbox 1526 519 1720 566; x_wconf 82' lang='lat' dir='ltr'>coeptam3</span> <span class='ocrx_word' id='word_1_43' title='bbox 1761 527 1845 553; x_wconf 90' lang='lat' dir='ltr'>eam</span> 
     </span>
     <span class='ocr_line' id='line_1_7' title="bbox 315 578 1882 631; baseline 0 -13"><span class='ocrx_word' id='word_1_44' title='bbox 315 593 356 619; x_wconf 84' lang='lat' dir='ltr'>se</span> <span class='ocrx_word' id='word_1_45' title='bbox 384 582 542 631; x_wconf 89' lang='lat' dir='ltr'>inuitos,</span> <span class='ocrx_word' id='word_1_46' title='bbox 569 580 674 618; x_wconf 91' lang='lat' dir='ltr'>nullo</span> <span class='ocrx_word' id='word_1_47' title='bbox 703 580 786 617; x_wconf 81' lang='lat' dir='ltr'>eius</span> <span class='ocrx_word' id='word_1_48' title='bbox 814 581 852 617; x_wconf 92' lang='lat' dir='ltr'>in</span> <span class='ocrx_word' id='word_1_49' title='bbox 881 592 922 617; x_wconf 91' lang='lat' dir='ltr'>se</span> <span class='ocrx_word' id='word_1_50' title='bbox 950 580 1108 629; x_wconf 75' lang='lat' dir='ltr'>merim,</span> <span class='ocrx_word' id='word_1_51' title='bbox 1136 580 1319 629; x_wconf 86' lang='lat' dir='ltr'>quoniam</span> <span class='ocrx_word' id='word_1_52' title='bbox 1346 580 1398 617; x_wconf 90' lang='lat' dir='ltr'>ita</span> <span class='ocrx_word' id='word_1_53' title='bbox 1425 578 1608 617; x_wconf 87' lang='lat' dir='ltr'>Romanis</span> <span class='ocrx_word' id='word_1_54' title='bbox 1634 580 1766 618; x_wconf 91' lang='lat' dir='ltr'>uisum</span> <span class='ocrx_word' id='word_1_55' title='bbox 1794 580 1844 617; x_wconf 92' lang='lat' dir='ltr'>sit</span> <span class='ocrx_word' id='word_1_56' title='bbox 1865 593 1882 618; x_wconf 86' lang='lat'>5</span> 
     </span>
     <span class='ocr_line' id='line_1_8' title="bbox 315 643 1842 694; baseline -0.001 -10"><span class='ocrx_word' id='word_1_57' title='bbox 315 648 354 684; x_wconf 86' lang='lat' dir='ltr'>in</span> <span class='ocrx_word' id='word_1_58' title='bbox 382 647 609 684; x_wconf 86' lang='lat' dir='ltr'>societatem</span> <span class='ocrx_word' id='word_1_59' title='bbox 631 657 672 683; x_wconf 89' lang='grc'>56</span> <span class='ocrx_word' id='word_1_60' title='bbox 699 644 792 682; x_wconf 90' lang='lat' dir='ltr'>belli</span> <span class='ocrx_word' id='word_1_61' title='bbox 817 644 987 694; x_wconf 85' lang='lat' dir='ltr'>trabere,</span> <span class='ocrx_word' id='word_1_62' title='bbox 1012 645 1284 694; x_wconf 74' lang='lat' dir='ltr'>interrupisse,</span> <span class='ocrx_word' id='word_1_63' title='bbox 1314 645 1470 682; x_wconf 87' lang='lat' dir='ltr'>tertium</span> <span class='ocrx_word' id='word_1_64' title='bbox 1492 656 1533 682; x_wconf 89' lang='lat' dir='ltr'>se</span> <span class='ocrx_word' id='word_1_65' title='bbox 1555 656 1700 682; x_wconf 91' lang='lat' dir='ltr'>annum</span> <span class='ocrx_word' id='word_1_66' title='bbox 1721 643 1842 682; x_wconf 88' lang='lat' dir='ltr'>multa</span> 
     </span>
     <span class='ocr_line' id='line_1_9' title="bbox 313 708 1843 760; baseline -0.001 -11"><span class='ocrx_word' id='word_1_67' title='bbox 313 712 398 749; x_wconf 89' lang='lat' dir='ltr'>eius</span> <span class='ocrx_word' id='word_1_68' title='bbox 425 710 669 749; x_wconf 87' lang='lat' dir='ltr'>incommoda</span> <span class='ocrx_word' id='word_1_69' title='bbox 702 709 794 748; x_wconf 89' lang='lat' dir='ltr'>belli</span> <span class='ocrx_word' id='word_1_70' title='bbox 821 710 967 748; x_wconf 88' lang='lat' dir='ltr'>sentire</span> <span class='ocrx_word' id='word_1_71' title='bbox 995 710 1094 748; x_wconf 89' lang='lat' dir='ltr'>mari</span> <span class='ocrx_word' id='word_1_72' title='bbox 1126 710 1285 747; x_wconf 87' lang='lat' dir='ltr'>interim</span> <span class='ocrx_word' id='word_1_73' title='bbox 1313 708 1539 748; x_wconf 84' lang='lat' dir='ltr'>intercluso.</span> <span class='ocrx_word' id='word_1_74' title='bbox 1577 710 1707 760; x_wconf 88' lang='lat' dir='ltr'>inopia</span> <span class='ocrx_word' id='word_1_75' title='bbox 1734 710 1843 748; x_wconf 91' lang='lat' dir='ltr'>insu-</span> 
     </span>
     <span class='ocr_line' id='line_1_10' title="bbox 316 774 1842 828; baseline -0.003 -13"><span class='ocrx_word' id='word_1_76' title='bbox 316 776 391 815; x_wconf 88' lang='lat' dir='ltr'>lam</span> <span class='ocrx_word' id='word_1_77' title='bbox 415 774 445 828; x_wconf 79' lang='lat'>†</span> <span class='ocrx_word' id='word_1_78' title='bbox 472 777 629 827; x_wconf 88' lang='lat' dir='ltr'>inopem</span> <span class='ocrx_word' id='word_1_79' title='bbox 656 776 776 813; x_wconf 87' lang='lat' dir='ltr'>misso</span> <span class='ocrx_word' id='word_1_80' title='bbox 798 805 955 813; x_wconf 91' lang='grc'><strong>......</strong></span> <span class='ocrx_word' id='word_1_81' title='bbox 978 775 1120 812; x_wconf 88' lang='lat' dir='ltr'>ritimis</span> <span class='ocrx_word' id='word_1_82' title='bbox 1141 775 1301 812; x_wconf 82' lang='lat' dir='ltr'>iuuetur</span> <span class='ocrx_word' id='word_1_83' title='bbox 1322 774 1474 813; x_wconf 89' lang='lat' dir='ltr'>colendi</span> <span class='ocrx_word' id='word_1_84' title='bbox 1497 775 1628 825; x_wconf 85' lang='lat' dir='ltr'>itaque</span> <span class='ocrx_word' id='word_1_85' title='bbox 1649 785 1842 812; x_wconf 86' lang='lat' dir='ltr'>commea-</span> 
     </span>
     <span class='ocr_line' id='line_1_11' title="bbox 314 839 1843 891; baseline -0.001 -12"><span class='ocrx_word' id='word_1_86' title='bbox 314 841 429 880; x_wconf 85' lang='lat' dir='ltr'>tibus.</span> <span class='ocrx_word' id='word_1_87' title='bbox 476 853 565 879; x_wconf 88' lang='lat' dir='ltr'>cum</span> <span class='ocrx_word' id='word_1_88' title='bbox 598 839 637 878; x_wconf 92' lang='lat' dir='ltr'>id</span> <span class='ocrx_word' id='word_1_89' title='bbox 668 839 771 879; x_wconf 88' lang='lat' dir='ltr'>ultra</span> <span class='ocrx_word' id='word_1_90' title='bbox 803 841 883 891; x_wconf 85' lang='lat' dir='ltr'>pati</span> <span class='ocrx_word' id='word_1_91' title='bbox 915 852 993 878; x_wconf 91' lang='lat' dir='ltr'>non</span> <span class='ocrx_word' id='word_1_92' title='bbox 1024 844 1201 890; x_wconf 75' lang='lat' dir='ltr'>possent,</span> <span class='ocrx_word' id='word_1_93' title='bbox 1237 839 1383 890; x_wconf 85' lang='lat' dir='ltr'>legatos</span> <span class='ocrx_word' id='word_1_94' title='bbox 1417 839 1512 877; x_wconf 84' lang='lat' dir='ltr'>alios</span> <span class='ocrx_word' id='word_1_95' title='bbox 1545 839 1593 878; x_wconf 91' lang='lat' dir='ltr'>ad</span> <span class='ocrx_word' id='word_1_96' title='bbox 1624 839 1769 877; x_wconf 90' lang='lat' dir='ltr'>Persea</span> <span class='ocrx_word' id='word_1_97' title='bbox 1801 840 1843 877; x_wconf 91' lang='lat' dir='ltr'>in</span> 
     </span>
     <span class='ocr_line' id='line_1_12' title="bbox 313 903 1898 956; baseline -0.001 -12"><span class='ocrx_word' id='word_1_98' title='bbox 313 905 578 945; x_wconf 86' lang='lat' dir='ltr'>Macedoniam</span> <span class='ocrx_word' id='word_1_99' title='bbox 600 906 768 956; x_wconf 79' lang='lat' dir='ltr'>misisse,</span> <span class='ocrx_word' id='word_1_100' title='bbox 795 906 862 955; x_wconf 81' lang='lat' dir='ltr'>qui</span> <span class='ocrx_word' id='word_1_101' title='bbox 883 906 918 943; x_wconf 90' lang='lat' dir='ltr'>ei</span> <span class='ocrx_word' id='word_1_102' title='bbox 941 903 1217 943; x_wconf 79' lang='lat' dir='ltr'>denuntiarent</span> <span class='ocrx_word' id='word_1_103' title='bbox 1237 903 1399 943; x_wconf 85' lang='lat' dir='ltr'>Rhodiis</span> <span class='ocrx_word' id='word_1_104' title='bbox 1420 904 1573 955; x_wconf 89' lang='lat' dir='ltr'>placere</span> <span class='ocrx_word' id='word_1_105' title='bbox 1593 916 1731 956; x_wconf 88' lang='lat' dir='ltr'>pacem</span> <span class='ocrx_word' id='word_1_106' title='bbox 1753 916 1843 942; x_wconf 90' lang='lat' dir='ltr'>eum</span> <span class='ocrx_word' id='word_1_107' title='bbox 1864 918 1898 942; x_wconf 83' lang='grc' dir='ltr'>ιο</span> 
     </span>
     <span class='ocr_line' id='line_1_13' title="bbox 314 968 1845 1022; baseline -0.001 -13"><span class='ocrx_word' id='word_1_108' title='bbox 314 983 549 1022; x_wconf 89' lang='lat' dir='ltr'>componere</span> <span class='ocrx_word' id='word_1_109' title='bbox 576 983 666 1009; x_wconf 90' lang='lat' dir='ltr'>cum</span> <span class='ocrx_word' id='word_1_110' title='bbox 686 969 888 1022; x_wconf 82' lang='lat' dir='ltr'>Romanis3</span> <span class='ocrx_word' id='word_1_111' title='bbox 919 982 960 1008; x_wconf 89' lang='lat' dir='ltr'>se</span> <span class='ocrx_word' id='word_1_112' title='bbox 982 969 1143 1008; x_wconf 87' lang='lat' dir='ltr'>Romam</span> <span class='ocrx_word' id='word_1_113' title='bbox 1169 968 1304 1008; x_wconf 89' lang='lat' dir='ltr'>eadem</span> <span class='ocrx_word' id='word_1_114' title='bbox 1331 970 1553 1008; x_wconf 87' lang='lat' dir='ltr'>nuntiatum</span> <span class='ocrx_word' id='word_1_115' title='bbox 1579 970 1732 1008; x_wconf 90' lang='lat' dir='ltr'>missos.</span> <span class='ocrx_word' id='word_1_116' title='bbox 1772 981 1845 1020; x_wconf 87' lang='lat' dir='ltr'>per</span> 
     </span>
     <span class='ocr_line' id='line_1_14' title="bbox 314 1033 1847 1087; baseline -0.002 -12"><span class='ocrx_word' id='word_1_117' title='bbox 314 1049 412 1087; x_wconf 88' lang='lat' dir='ltr'>quos</span> <span class='ocrx_word' id='word_1_118' title='bbox 439 1037 630 1086; x_wconf 83' lang='lat' dir='ltr'>stetisset,</span> <span class='ocrx_word' id='word_1_119' title='bbox 663 1048 739 1086; x_wconf 87' lang='lat' dir='ltr'>quo</span> <span class='ocrx_word' id='word_1_120' title='bbox 772 1036 903 1073; x_wconf 89' lang='lat' dir='ltr'>minus</span> <span class='ocrx_word' id='word_1_121' title='bbox 934 1034 1027 1073; x_wconf 88' lang='lat' dir='ltr'>belli</span> <span class='ocrx_word' id='word_1_122' title='bbox 1054 1035 1142 1073; x_wconf 82' lang='lat' dir='ltr'>finis</span> <span class='ocrx_word' id='word_1_123' title='bbox 1169 1035 1297 1085; x_wconf 86' lang='lat' dir='ltr'>fieret,</span> <span class='ocrx_word' id='word_1_124' title='bbox 1331 1034 1522 1073; x_wconf 88' lang='lat' dir='ltr'>aduersus</span> <span class='ocrx_word' id='word_1_125' title='bbox 1555 1047 1621 1073; x_wconf 89' lang='lat' dir='ltr'>eos</span> <span class='ocrx_word' id='word_1_126' title='bbox 1649 1033 1743 1085; x_wconf 90' lang='lat' dir='ltr'>quid</span> <span class='ocrx_word' id='word_1_127' title='bbox 1770 1033 1847 1073; x_wconf 90' lang='lat' dir='ltr'>sibi</span> 
     </span>
     <span class='ocr_line' id='line_1_15' title="bbox 314 1097 1845 1151; baseline -0.001 -12"><span class='ocrx_word' id='word_1_128' title='bbox 314 1101 537 1139; x_wconf 81' lang='lat' dir='ltr'>faciendum</span> <span class='ocrx_word' id='word_1_129' title='bbox 564 1106 679 1151; x_wconf 85' lang='lat' dir='ltr'>esset,</span> <span class='ocrx_word' id='word_1_130' title='bbox 705 1100 876 1138; x_wconf 84' lang='lat' dir='ltr'>Rhodios</span> <span class='ocrx_word' id='word_1_131' title='bbox 897 1099 1213 1139; x_wconf 76' lang='lat' dir='ltr'>consideraturos</span> <span class='ocrx_word' id='word_1_132' title='bbox 1235 1112 1333 1138; x_wconf 87' lang='lat' dir='ltr'>esse.</span> <span class='ocrx_word' id='word_1_133' title='bbox 1369 1113 1419 1139; x_wconf 81' lang='lat' dir='ltr'>ne</span> <span class='ocrx_word' id='word_1_134' title='bbox 1439 1112 1544 1138; x_wconf 91' lang='lat' dir='ltr'>nunc</span> <span class='ocrx_word' id='word_1_135' title='bbox 1565 1099 1725 1151; x_wconf 89' lang='lat' dir='ltr'>quidem</span> <span class='ocrx_word' id='word_1_136' title='bbox 1744 1097 1845 1138; x_wconf 88' lang='lat' dir='ltr'>haec</span> 
     </span>
     <span class='ocr_line' id='line_1_16' title="bbox 315 1164 1850 1217; baseline -0.001 -13"><span class='ocrx_word' id='word_1_137' title='bbox 315 1167 399 1205; x_wconf 86' lang='lat' dir='ltr'>sine</span> <span class='ocrx_word' id='word_1_138' title='bbox 425 1166 694 1217; x_wconf 80' lang='lat' dir='ltr'>indignatione</span> <span class='ocrx_word' id='word_1_139' title='bbox 721 1165 798 1216; x_wconf 84' lang='lat' dir='ltr'>legi</span> <span class='ocrx_word' id='word_1_140' title='bbox 824 1165 1002 1204; x_wconf 82' lang='lat' dir='ltr'>audiriue</span> <span class='ocrx_word' id='word_1_141' title='bbox 1028 1177 1143 1216; x_wconf 89' lang='lat' dir='ltr'>posse</span> <span class='ocrx_word' id='word_1_142' title='bbox 1165 1171 1316 1203; x_wconf 89' lang='lat' dir='ltr'>certum</span> <span class='ocrx_word' id='word_1_143' title='bbox 1342 1165 1478 1204; x_wconf 86' lang='lat' dir='ltr'>habeo.</span> <span class='ocrx_word' id='word_1_144' title='bbox 1518 1164 1609 1203; x_wconf 86' lang='lat' dir='ltr'>inde</span> <span class='ocrx_word' id='word_1_145' title='bbox 1631 1165 1850 1203; x_wconf 89' lang='lat' dir='ltr'>existimari</span> 
     </span>
     <span class='ocr_line' id='line_1_17' title="bbox 314 1229 1907 1282; baseline -0.001 -12"><span class='ocrx_word' id='word_1_146' title='bbox 314 1237 453 1282; x_wconf 88' lang='lat' dir='ltr'>potest,</span> <span class='ocrx_word' id='word_1_147' title='bbox 481 1232 549 1282; x_wconf 85' lang='lat' dir='ltr'>qui</span> <span class='ocrx_word' id='word_1_148' title='bbox 573 1231 729 1269; x_wconf 88' lang='lat' dir='ltr'>habitus</span> <span class='ocrx_word' id='word_1_149' title='bbox 750 1232 971 1269; x_wconf 86' lang='lat' dir='ltr'>animorum</span> <span class='ocrx_word' id='word_1_150' title='bbox 992 1229 1242 1269; x_wconf 76' lang='lat' dir='ltr'>audient-ibus</span> <span class='ocrx_word' id='word_1_151' title='bbox 1264 1243 1306 1269; x_wconf 86' lang='lat' dir='ltr'>ea</span> <span class='ocrx_word' id='word_1_152' title='bbox 1327 1230 1504 1281; x_wconf 88' lang='lat' dir='ltr'>patribus</span> <span class='ocrx_word' id='word_1_153' title='bbox 1531 1231 1660 1269; x_wconf 85' lang='lat' dir='ltr'>fuerit.</span> <span class='ocrx_word' id='word_1_154' title='bbox 1696 1231 1749 1277; x_wconf 77' lang='lat' dir='ltr'>(c.</span> <span class='ocrx_word' id='word_1_155' title='bbox 1772 1229 1847 1277; x_wconf 79' lang='lat'>15)</span> <span class='ocrx_word' id='word_1_156' title='bbox 1873 1243 1907 1268; x_wconf 82' lang='lat'>15</span> 
     </span>
     <span class='ocr_line' id='line_1_18' title="bbox 315 1295 1848 1347; baseline -0.001 -13"><span class='ocrx_word' id='word_1_157' title='bbox 315 1296 500 1335; x_wconf 75' lang='lat' dir='ltr'>Claudius</span> <span class='ocrx_word' id='word_1_158' title='bbox 526 1296 624 1334; x_wconf 90' lang='lat' dir='ltr'>nibil</span> <span class='ocrx_word' id='word_1_159' title='bbox 645 1308 878 1347; x_wconf 88' lang='lat' dir='ltr'>responsum</span> <span class='ocrx_word' id='word_1_160' title='bbox 899 1302 1035 1334; x_wconf 84' lang='lat' dir='ltr'>auctor</span> <span class='ocrx_word' id='word_1_161' title='bbox 1055 1302 1125 1346; x_wconf 84' lang='lat' dir='ltr'>est,</span> <span class='ocrx_word' id='word_1_162' title='bbox 1153 1301 1303 1334; x_wconf 86' lang='lat' dir='ltr'>tantum</span> <span class='ocrx_word' id='word_1_163' title='bbox 1324 1300 1483 1334; x_wconf 86' lang='lat' dir='ltr'>senatus</span> <span class='ocrx_word' id='word_1_164' title='bbox 1504 1295 1726 1334; x_wconf 86' lang='lat' dir='ltr'>consultum</span> <span class='ocrx_word' id='word_1_165' title='bbox 1750 1296 1848 1333; x_wconf 87' lang='lat' dir='ltr'>reci-</span> 
     </span>
     <span class='ocr_line' id='line_1_19' title="bbox 315 1360 1847 1413; baseline -0.001 -13"><span class='ocrx_word' id='word_1_166' title='bbox 315 1367 455 1410; x_wconf 91' lang='lat' dir='ltr'>tatum,</span> <span class='ocrx_word' id='word_1_167' title='bbox 489 1375 565 1413; x_wconf 90' lang='lat' dir='ltr'>quo</span> <span class='ocrx_word' id='word_1_168' title='bbox 593 1361 710 1400; x_wconf 86' lang='lat' dir='ltr'>Caras</span> <span class='ocrx_word' id='word_1_169' title='bbox 737 1366 774 1399; x_wconf 90' lang='grc'>61</span> <span class='ocrx_word' id='word_1_170' title='bbox 800 1360 939 1412; x_wconf 85' lang='lat' dir='ltr'>Lycios</span> <span class='ocrx_word' id='word_1_171' title='bbox 972 1360 1116 1399; x_wconf 86' lang='lat' dir='ltr'>liberos</span> <span class='ocrx_word' id='word_1_172' title='bbox 1149 1373 1235 1399; x_wconf 87' lang='lat' dir='ltr'>esse</span> <span class='ocrx_word' id='word_1_173' title='bbox 1267 1360 1423 1399; x_wconf 88' lang='lat' dir='ltr'>iuberet</span> <span class='ocrx_word' id='word_1_174' title='bbox 1454 1360 1622 1411; x_wconf 86' lang='lat' dir='ltr'>populus</span> <span class='ocrx_word' id='word_1_175' title='bbox 1648 1360 1847 1398; x_wconf 83' lang='lat' dir='ltr'>Romanus</span> 
     </span>
     <span class='ocr_line' id='line_1_20' title="bbox 314 1425 1844 1478; baseline -0.001 -13"><span class='ocrx_word' id='word_1_176' title='bbox 314 1427 544 1478; x_wconf 81' lang='lat' dir='ltr'>litterasque</span> <span class='ocrx_word' id='word_1_177' title='bbox 571 1426 765 1477; x_wconf 85' lang='lat' dir='ltr'>extemplo</span> <span class='ocrx_word' id='word_1_178' title='bbox 791 1425 839 1464; x_wconf 91' lang='lat' dir='ltr'>ad</span> <span class='ocrx_word' id='word_1_179' title='bbox 864 1432 1072 1477; x_wconf 85' lang='lat' dir='ltr'>utramque</span> <span class='ocrx_word' id='word_1_180' title='bbox 1099 1431 1255 1476; x_wconf 82' lang='lat' dir='ltr'>gentem</span> <span class='ocrx_word' id='word_1_181' title='bbox 1277 1432 1320 1464; x_wconf 79' lang='lat' dir='ltr'>ut</span> <span class='ocrx_word' id='word_1_182' title='bbox 1341 1427 1461 1464; x_wconf 87' lang='lat' dir='ltr'>sciret</span> <span class='ocrx_word' id='word_1_183' title='bbox 1487 1425 1702 1464; x_wconf 89' lang='lat' dir='ltr'>indicatum</span> <span class='ocrx_word' id='word_1_184' title='bbox 1722 1426 1844 1476; x_wconf 80' lang='lat' dir='ltr'>mitti3</span> 
     </span>
     <span class='ocr_line' id='line_1_21' title="bbox 315 1490 1847 1543; baseline -0.001 -13"><span class='ocrx_word' id='word_1_185' title='bbox 315 1505 390 1543; x_wconf 88' lang='lat' dir='ltr'>qua</span> <span class='ocrx_word' id='word_1_186' title='bbox 417 1491 548 1530; x_wconf 87' lang='lat' dir='ltr'>audita</span> <span class='ocrx_word' id='word_1_187' title='bbox 573 1504 614 1530; x_wconf 91' lang='lat' dir='ltr'>re</span> <span class='ocrx_word' id='word_1_188' title='bbox 635 1492 856 1542; x_wconf 92' lang='lat' dir='ltr'>principem</span> <span class='ocrx_word' id='word_1_189' title='bbox 877 1491 1094 1542; x_wconf 83' lang='lat' dir='ltr'>legationis,</span> <span class='ocrx_word' id='word_1_190' title='bbox 1122 1492 1234 1529; x_wconf 89' lang='lat' dir='ltr'>cuius</span> <span class='ocrx_word' id='word_1_191' title='bbox 1255 1490 1629 1541; x_wconf 81' lang='lat' dir='ltr'>magniloquentiam</span> <span class='ocrx_word' id='word_1_192' title='bbox 1648 1491 1715 1528; x_wconf 89' lang='lat' dir='ltr'>uix</span> <span class='ocrx_word' id='word_1_193' title='bbox 1737 1491 1847 1528; x_wconf 87' lang='lat' dir='ltr'>curia</span> 
     </span>
     <span class='ocr_line' id='line_1_22' title="bbox 314 1555 1902 1608; baseline -0.001 -12"><span class='ocrx_word' id='word_1_194' title='bbox 314 1557 428 1608; x_wconf 89' lang='lat' dir='ltr'>paulo</span> <span class='ocrx_word' id='word_1_195' title='bbox 456 1562 544 1596; x_wconf 87' lang='lat' dir='ltr'>ante</span> <span class='ocrx_word' id='word_1_196' title='bbox 571 1561 744 1608; x_wconf 82' lang='lat' dir='ltr'>ceperat,</span> <span class='ocrx_word' id='word_1_197' title='bbox 777 1557 987 1595; x_wconf 85' lang='lat' dir='ltr'>corruisse.</span> <span class='ocrx_word' id='word_1_198' title='bbox 1026 1556 1091 1595; x_wconf 89' lang='lat' dir='ltr'>alii</span> <span class='ocrx_word' id='word_1_199' title='bbox 1124 1568 1359 1607; x_wconf 86' lang='lat' dir='ltr'>responsum</span> <span class='ocrx_word' id='word_1_200' title='bbox 1386 1568 1472 1595; x_wconf 90' lang='lat' dir='ltr'>esse</span> <span class='ocrx_word' id='word_1_201' title='bbox 1500 1555 1660 1594; x_wconf 85' lang='lat' dir='ltr'>tradunt</span> <span class='ocrx_word' id='word_1_202' title='bbox 1688 1560 1726 1594; x_wconf 89' lang='lat' dir='ltr'>et</span> <span class='ocrx_word' id='word_1_203' title='bbox 1752 1568 1788 1606; x_wconf 86' lang='lat' dir='ltr'>q.</span> <span class='ocrx_word' id='word_1_204' title='bbox 1816 1568 1846 1594; x_wconf 88' lang='grc'>5.</span> <span class='ocrx_word' id='word_1_205' title='bbox 1867 1570 1902 1594; x_wconf 84' lang='lat'>20</span> 
     </span>
    </p>
   </div>
   <div class='ocr_carea' id='block_1_5' title="bbox 313 1729 1853 1964">
    <p class='ocr_par' dir='ltr' id='par_1_5' title="bbox 313 1729 1853 1964">
     <span class='ocr_line' id='line_1_23' title="bbox 409 1729 1850 1774; baseline -0.002 -9"><span class='ocrx_word' id='word_1_206' title='bbox 409 1730 473 1765; x_wconf 69' lang='lat'>87.</span> <span class='ocrx_word' id='word_1_207' title='bbox 502 1731 559 1765; x_wconf 85' lang='lat' dir='ltr'>De</span> <span class='ocrx_word' id='word_1_208' title='bbox 584 1731 651 1764; x_wconf 82' lang='lat' dir='ltr'>hac</span> <span class='ocrx_word' id='word_1_209' title='bbox 676 1741 714 1764; x_wconf 72' lang='lat' dir='ltr'>vre</span> <span class='ocrx_word' id='word_1_210' title='bbox 740 1731 887 1764; x_wconf 76' lang='lat' dir='ltr'>turbata</span> <span class='ocrx_word' id='word_1_211' title='bbox 913 1731 957 1772; x_wconf 81' lang='lat' dir='ltr'>cf.</span> <span class='ocrx_word' id='word_1_212' title='bbox 981 1731 1116 1764; x_wconf 66' lang='lat' dir='ltr'>Nissen</span> <span class='ocrx_word' id='word_1_213' title='bbox 1132 1732 1255 1774; x_wconf 65' lang='lat'>12261</span> <span class='ocrx_word' id='word_1_214' title='bbox 1282 1733 1314 1764; x_wconf 83' lang='lat' dir='ltr'>et</span> <span class='ocrx_word' id='word_1_215' title='bbox 1338 1729 1592 1764; x_wconf 59' lang='lat' dir='ltr'>Weissenborn</span> <span class='ocrx_word' id='word_1_216' title='bbox 1618 1741 1650 1763; x_wconf 82' lang='lat' dir='ltr'>a.</span> <span class='ocrx_word' id='word_1_217' title='bbox 1671 1730 1704 1763; x_wconf 86' lang='lat' dir='ltr'>h.</span> <span class='ocrx_word' id='word_1_218' title='bbox 1725 1730 1760 1771; x_wconf 75' lang='grc'>1,,</span> <span class='ocrx_word' id='word_1_219' title='bbox 1786 1730 1850 1772; x_wconf 75' lang='lat' dir='ltr'>qai</span> 
     </span>
     <span class='ocr_line' id='line_1_24' title="bbox 313 1776 1850 1821; baseline -0.001 -9"><span class='ocrx_word' id='word_1_220' title='bbox 313 1779 405 1820; x_wconf 74' lang='lat' dir='ltr'>iare,</span> <span class='ocrx_word' id='word_1_221' title='bbox 430 1790 519 1812; x_wconf 77' lang='lat' dir='ltr'>nam</span> <span class='ocrx_word' id='word_1_222' title='bbox 543 1778 631 1821; x_wconf 72' lang='lat' dir='ltr'>fides</span> <span class='ocrx_word' id='word_1_223' title='bbox 653 1778 806 1813; x_wconf 78' lang='lat' dir='ltr'>Claudio</span> <span class='ocrx_word' id='word_1_224' title='bbox 825 1778 873 1811; x_wconf 76' lang='lat' dir='ltr'>sit</span> <span class='ocrx_word' id='word_1_225' title='bbox 897 1777 1075 1818; x_wconf 82' lang='lat' dir='ltr'>habenda,</span> <span class='ocrx_word' id='word_1_226' title='bbox 1100 1777 1251 1811; x_wconf 70' lang='lat' dir='ltr'>maltam</span> <span class='ocrx_word' id='word_1_227' title='bbox 1277 1777 1467 1818; x_wconf 69' lang='lat' dir='ltr'>dnbitant;</span> <span class='ocrx_word' id='word_1_228' title='bbox 1494 1776 1671 1821; x_wconf 68' lang='lat' dir='ltr'>Polybius</span> <span class='ocrx_word' id='word_1_229' title='bbox 1696 1777 1774 1818; x_wconf 78' lang='lat'>(28,</span> <span class='ocrx_word' id='word_1_230' title='bbox 1790 1779 1850 1813; x_wconf 81' lang='lat'>14)</span> 
     </span>
     <span class='ocr_line' id='line_1_25' title="bbox 315 1824 1853 1868; baseline -0.002 -8"><span class='ocrx_word' id='word_1_231' title='bbox 315 1826 393 1860; x_wconf 74' lang='lat' dir='ltr'>alia</span> <span class='ocrx_word' id='word_1_232' title='bbox 424 1826 466 1860; x_wconf 82' lang='lat' dir='ltr'>de</span> <span class='ocrx_word' id='word_1_233' title='bbox 498 1826 677 1868; x_wconf 76' lang='lat' dir='ltr'>oratione,</span> <span class='ocrx_word' id='word_1_234' title='bbox 713 1836 821 1868; x_wconf 73' lang='lat' dir='ltr'>qnam</span> <span class='ocrx_word' id='word_1_235' title='bbox 848 1825 986 1860; x_wconf 73' lang='lat' dir='ltr'>Rhodii</span> <span class='ocrx_word' id='word_1_236' title='bbox 1019 1825 1083 1859; x_wconf 80' lang='lat' dir='ltr'>hoc</span> <span class='ocrx_word' id='word_1_237' title='bbox 1117 1836 1216 1858; x_wconf 86' lang='lat' dir='ltr'>anno</span> <span class='ocrx_word' id='word_1_238' title='bbox 1250 1825 1478 1866; x_wconf 67' lang='lat' dir='ltr'>habuissent,</span> <span class='ocrx_word' id='word_1_239' title='bbox 1512 1824 1708 1858; x_wconf 75' lang='lat' dir='ltr'>rettulerat.</span> <span class='ocrx_word' id='word_1_240' title='bbox 1752 1824 1853 1868; x_wconf 73' lang='lat' dir='ltr'>Quae</span> 
     </span>
     <span class='ocr_line' id='line_1_26' title="bbox 314 1871 1853 1917; baseline -0.003 -10"><span class='ocrx_word' id='word_1_241' title='bbox 314 1885 350 1908; x_wconf 85' lang='lat' dir='ltr'>u.</span> <span class='ocrx_word' id='word_1_242' title='bbox 371 1884 398 1908; x_wconf 88' lang='lat' dir='ltr'>s.</span> <span class='ocrx_word' id='word_1_243' title='bbox 419 1874 652 1917; x_wconf 75' lang='lat' dir='ltr'>transcriptis</span> <span class='ocrx_word' id='word_1_244' title='bbox 684 1873 890 1907; x_wconf 72' lang='lat' dir='ltr'>adnectitur</span> <span class='ocrx_word' id='word_1_245' title='bbox 921 1884 944 1907; x_wconf 90' lang='lat' dir='ltr'>a</span> <span class='ocrx_word' id='word_1_246' title='bbox 971 1871 1084 1907; x_wconf 80' lang='lat' dir='ltr'>Liuio</span> <span class='ocrx_word' id='word_1_247' title='bbox 1109 1872 1278 1906; x_wconf 76' lang='lat' dir='ltr'>narratio</span> <span class='ocrx_word' id='word_1_248' title='bbox 1307 1871 1507 1912; x_wconf 50' lang='lat' dir='ltr'>‘aliorumij</span> <span class='ocrx_word' id='word_1_249' title='bbox 1533 1871 1686 1913; x_wconf 82' lang='lat' dir='ltr'>fortasse</span> <span class='ocrx_word' id='word_1_250' title='bbox 1714 1871 1853 1906; x_wconf 68' lang='lat' dir='ltr'>Valerii</span> 
     </span>
     <span class='ocr_line' id='line_1_27' title="bbox 315 1920 1851 1964; baseline -0.001 -10"><span class='ocrx_word' id='word_1_251' title='bbox 315 1921 482 1956; x_wconf 64' lang='lat' dir='ltr'>Antiatis</span> <span class='ocrx_word' id='word_1_252' title='bbox 507 1925 556 1955; x_wconf 79' lang='lat' dir='ltr'>est</span> <span class='ocrx_word' id='word_1_253' title='bbox 584 1921 735 1959; x_wconf 78' lang='lat' dir='ltr'>(Nissen</span> <span class='ocrx_word' id='word_1_254' title='bbox 757 1931 794 1964; x_wconf 78' lang='lat' dir='ltr'>p.</span> <span class='ocrx_word' id='word_1_255' title='bbox 809 1922 889 1954; x_wconf 69' lang='lat'>261.</span> <span class='ocrx_word' id='word_1_256' title='bbox 917 1922 1085 1963; x_wconf 75' lang='lat' dir='ltr'>275sq.)‚</span> <span class='ocrx_word' id='word_1_257' title='bbox 1117 1924 1227 1963; x_wconf 63' lang='lat' dir='ltr'>quem*</span> <span class='ocrx_word' id='word_1_258' title='bbox 1248 1920 1355 1954; x_wconf 66' lang='lat' dir='ltr'>etiam</span> <span class='ocrx_word' id='word_1_259' title='bbox 1381 1921 1598 1960; x_wconf 48' lang='lat' dir='ltr'>msto—24</span> <span class='ocrx_word' id='word_1_260' title='bbox 1622 1922 1765 1953; x_wconf 80' lang='lat' dir='ltr'>secatus</span> <span class='ocrx_word' id='word_1_261' title='bbox 1790 1923 1851 1953; x_wconf 82' lang='lat' dir='ltr'>est.</span> 
     </span>
    </p>
   </div>
   <div class='ocr_carea' id='block_1_6' title="bbox 1989 1366 1998 1888">
    <p class='ocr_par' dir='ltr' id='par_1_6' title="bbox 1989 1366 1998 1888">
     <span class='ocr_line' id='line_1_28' title="bbox 1989 1366 1998 1888; baseline 0 0"><span class='ocrx_word' id='word_1_262' title='bbox 1989 1366 1998 1888; x_wconf 95' lang='lat' dir='ltr'> </span> 
     </span>
    </p>
   </div>
   <div class='ocr_carea' id='block_1_7' title="bbox 415 2019 604 2022">
    <p class='ocr_par' dir='ltr' id='par_1_7' title="bbox 415 2019 604 2022">
     <span class='ocr_line' id='line_1_29' title="bbox 415 2019 604 2022; baseline 0 0"><span class='ocrx_word' id='word_1_263' title='bbox 415 2019 604 2022; x_wconf 95' lang='lat' dir='ltr'> </span> 
     </span>
    </p>
   </div>
   <div class='ocr_carea' id='block_1_8' title="bbox 316 2087 1854 2913">
    <p class='ocr_par' dir='ltr' id='par_1_8' title="bbox 316 2087 1854 2913">
     <span class='ocr_line' id='line_1_30' title="bbox 406 2087 1854 2141; baseline -0.001 -12"><span class='ocrx_word' id='word_1_264' title='bbox 406 2087 484 2141; x_wconf 73' lang='grc'>67,</span> <span class='ocrx_word' id='word_1_265' title='bbox 515 2094 535 2129; x_wconf 98' lang='grc'>1</span> <span class='ocrx_word' id='word_1_266' title='bbox 570 2091 658 2129; x_wconf 83' lang='lat' dir='ltr'>rodi</span> <span class='ocrx_word' id='word_1_267' title='bbox 683 2091 847 2138; x_wconf 74' lang='lat' dir='ltr'>L(am·.)</span> <span class='ocrx_word' id='word_1_268' title='bbox 911 2092 1161 2129; x_wconf 85' lang='lat' dir='ltr'>commoratis</span> <span class='ocrx_word' id='word_1_269' title='bbox 1189 2090 1226 2127; x_wconf 91' lang='lat' dir='ltr'><em>L</em></span> <span class='ocrx_word' id='word_1_270' title='bbox 1288 2090 1439 2128; x_wconf 81' lang='lat' dir='ltr'>meritis</span> <span class='ocrx_word' id='word_1_271' title='bbox 1467 2089 1545 2127; x_wconf 89' lang='lat' dir='ltr'>suis</span> <span class='ocrx_word' id='word_1_272' title='bbox 1572 2091 1661 2127; x_wconf 75' lang='lat' dir='ltr'>add.</span> <span class='ocrx_word' id='word_1_273' title='bbox 1681 2090 1854 2138; x_wconf 73' lang='lat' dir='ltr'>IlIadaiy</span> 
     </span>
     <span class='ocr_line' id='line_1_31' title="bbox 408 2149 1793 2198; baseline -0.001 -10"><span class='ocrx_word' id='word_1_274' title='bbox 408 2154 430 2189; x_wconf 85' lang='lat'>2</span> <span class='ocrx_word' id='word_1_275' title='bbox 460 2152 643 2188; x_wconf 78' lang='lat' dir='ltr'>anthioco</span> <span class='ocrx_word' id='word_1_276' title='bbox 668 2152 706 2188; x_wconf 90' lang='lat' dir='ltr'><em>L</em></span> <span class='ocrx_word' id='word_1_277' title='bbox 794 2153 817 2188; x_wconf 86' lang='lat'><strong>3</strong></span> <span class='ocrx_word' id='word_1_278' title='bbox 847 2163 869 2187; x_wconf 89' lang='lat' dir='ltr'>a</span> <span class='ocrx_word' id='word_1_279' title='bbox 889 2151 927 2188; x_wconf 98' lang='lat' dir='ltr'><em>L</em></span> <span class='ocrx_word' id='word_1_280' title='bbox 953 2150 1003 2187; x_wconf 83' lang='lat' dir='ltr'>ad</span> <span class='ocrx_word' id='word_1_281' title='bbox 1028 2150 1156 2198; x_wconf 70' lang='lat' dir='ltr'>Siyon.</span> <span class='ocrx_word' id='word_1_282' title='bbox 1243 2151 1269 2186; x_wconf 81' lang='lat'>4</span> <span class='ocrx_word' id='word_1_283' title='bbox 1297 2149 1371 2187; x_wconf 84' lang='lat' dir='ltr'>sibi</span> <span class='ocrx_word' id='word_1_284' title='bbox 1397 2149 1729 2187; x_wconf 86' lang='lat' dir='ltr'>maceamicitiam</span> <span class='ocrx_word' id='word_1_285' title='bbox 1754 2149 1793 2186; x_wconf 90' lang='lat' dir='ltr'><em>L</em></span> 
     </span>
     <span class='ocr_line' id='line_1_32' title="bbox 319 2205 1851 2260; baseline -0.002 -12"><span class='ocrx_word' id='word_1_286' title='bbox 319 2214 340 2248; x_wconf 83' lang='lat'><strong>7</strong></span> <span class='ocrx_word' id='word_1_287' title='bbox 370 2211 785 2248; x_wconf 83' lang='lat' dir='ltr'>mariinteriminclnso</span> <span class='ocrx_word' id='word_1_288' title='bbox 806 2211 984 2258; x_wconf 85' lang='lat' dir='ltr'>inopiam</span> <span class='ocrx_word' id='word_1_289' title='bbox 1003 2209 1173 2246; x_wconf 85' lang='lat' dir='ltr'>insulam</span> <span class='ocrx_word' id='word_1_290' title='bbox 1202 2205 1205 2260; x_wconf 90' lang='grc' dir='ltr'>Ι</span> <span class='ocrx_word' id='word_1_291' title='bbox 1235 2209 1393 2257; x_wconf 87' lang='lat' dir='ltr'>inopem</span> <span class='ocrx_word' id='word_1_292' title='bbox 1417 2210 1535 2246; x_wconf 89' lang='lat' dir='ltr'>misso</span> <span class='ocrx_word' id='word_1_293' title='bbox 1557 2238 1684 2247; x_wconf 92' lang='grc'><strong>.....</strong></span> <span class='ocrx_word' id='word_1_294' title='bbox 1704 2208 1851 2245; x_wconf 87' lang='lat' dir='ltr'>ritimis</span> 
     </span>
     <span class='ocr_line' id='line_1_33' title="bbox 317 2267 1851 2317; baseline -0.002 -10"><span class='ocrx_word' id='word_1_295' title='bbox 317 2271 476 2308; x_wconf 82' lang='lat' dir='ltr'>iuuetur</span> <span class='ocrx_word' id='word_1_296' title='bbox 507 2269 660 2317; x_wconf 79' lang='lat' dir='ltr'>colendi</span> <span class='ocrx_word' id='word_1_297' title='bbox 692 2272 725 2306; x_wconf 81' lang='lat' dir='ltr'>et</span> <span class='ocrx_word' id='word_1_298' title='bbox 750 2281 783 2317; x_wconf 76' lang='lat' dir='ltr'>q.</span> <span class='ocrx_word' id='word_1_299' title='bbox 804 2281 833 2306; x_wconf 81' lang='lat' dir='ltr'>s.</span> <span class='ocrx_word' id='word_1_300' title='bbox 859 2270 897 2306; x_wconf 92' lang='lat' dir='ltr'><em>L</em></span> <span class='ocrx_word' id='word_1_301' title='bbox 935 2269 1079 2306; x_wconf 86' lang='lat' dir='ltr'>sentire</span> <span class='ocrx_word' id='word_1_302' title='bbox 1111 2269 1213 2306; x_wconf 83' lang='lat' dir='ltr'>mari</span> <span class='ocrx_word' id='word_1_303' title='bbox 1242 2268 1402 2305; x_wconf 80' lang='lat' dir='ltr'>interim</span> <span class='ocrx_word' id='word_1_304' title='bbox 1433 2267 1658 2306; x_wconf 84' lang='lat' dir='ltr'>intercluso.</span> <span class='ocrx_word' id='word_1_305' title='bbox 1689 2267 1851 2317; x_wconf 83' lang='lat' dir='ltr'>inopem</span> 
     </span>
     <span class='ocr_line' id='line_1_34' title="bbox 316 2324 1850 2380; baseline -0.003 -13"><span class='ocrx_word' id='word_1_306' title='bbox 316 2330 487 2367; x_wconf 86' lang='lat' dir='ltr'>insulam</span> <span class='ocrx_word' id='word_1_307' title='bbox 514 2325 719 2380; x_wconf 84' lang='lat' dir='ltr'>mess[ium</span> <span class='ocrx_word' id='word_1_308' title='bbox 741 2324 973 2379; x_wconf 83' lang='lat' dir='ltr'>ma]ritimis</span> <span class='ocrx_word' id='word_1_309' title='bbox 994 2328 1124 2365; x_wconf 82' lang='lat' dir='ltr'>iuuari</span> <span class='ocrx_word' id='word_1_310' title='bbox 1151 2328 1392 2365; x_wconf 80' lang='lat' dir='ltr'>commerciis</span> <span class='ocrx_word' id='word_1_311' title='bbox 1420 2329 1539 2376; x_wconf 83' lang='lat' dir='ltr'>atque</span> <span class='ocrx_word' id='word_1_312' title='bbox 1566 2327 1850 2364; x_wconf 78' lang='lat' dir='ltr'>commeatibus</span> 
     </span>
     <span class='ocr_line' id='line_1_35' title="bbox 318 2386 1852 2437; baseline -0.003 -10"><span class='ocrx_word' id='word_1_313' title='bbox 318 2390 376 2427; x_wconf 86' lang='lat' dir='ltr'>M.</span> <span class='ocrx_word' id='word_1_314' title='bbox 390 2389 553 2437; x_wconf 66' lang='lat' dir='ltr'>Seyffert</span> <span class='ocrx_word' id='word_1_315' title='bbox 571 2390 613 2425; x_wconf 69' lang='lat' dir='ltr'>in</span> <span class='ocrx_word' id='word_1_316' title='bbox 632 2389 746 2426; x_wconf 76' lang='lat' dir='ltr'>Jahn.</span> <span class='ocrx_word' id='word_1_317' title='bbox 769 2400 859 2425; x_wconf 79' lang='lat' dir='ltr'>ann.</span> <span class='ocrx_word' id='word_1_318' title='bbox 881 2389 937 2425; x_wconf 75' lang='lat'>33</span> <span class='ocrx_word' id='word_1_319' title='bbox 952 2400 993 2435; x_wconf 71' lang='lat' dir='ltr'>p.</span> <span class='ocrx_word' id='word_1_320' title='bbox 1010 2389 1096 2425; x_wconf 76' lang='lat'>839</span> <span class='ocrx_word' id='word_1_321' title='bbox 1122 2387 1279 2435; x_wconf 82' lang='lat' dir='ltr'>inopem</span> <span class='ocrx_word' id='word_1_322' title='bbox 1305 2386 1477 2423; x_wconf 88' lang='lat' dir='ltr'>insulam</span> <span class='ocrx_word' id='word_1_323' title='bbox 1504 2398 1585 2424; x_wconf 87' lang='lat' dir='ltr'>esse</span> <span class='ocrx_word' id='word_1_324' title='bbox 1612 2398 1741 2434; x_wconf 84' lang='lat' dir='ltr'>suam3</span> <span class='ocrx_word' id='word_1_325' title='bbox 1767 2398 1852 2423; x_wconf 88' lang='lat' dir='ltr'>ma-</span> 
     </span>
     <span class='ocr_line' id='line_1_36' title="bbox 318 2446 1708 2495; baseline -0.001 -10"><span class='ocrx_word' id='word_1_326' title='bbox 318 2448 462 2486; x_wconf 85' lang='lat' dir='ltr'>ritimis</span> <span class='ocrx_word' id='word_1_327' title='bbox 496 2447 630 2485; x_wconf 84' lang='lat' dir='ltr'>uiuere</span> <span class='ocrx_word' id='word_1_328' title='bbox 662 2447 876 2485; x_wconf 74' lang='lat' dir='ltr'>incolentes</span> <span class='ocrx_word' id='word_1_329' title='bbox 910 2446 1204 2484; x_wconf 79' lang='lat' dir='ltr'>commeatibus.</span> <span class='ocrx_word' id='word_1_330' title='bbox 1248 2446 1383 2495; x_wconf 87' lang='lat' dir='ltr'>itaque</span> <span class='ocrx_word' id='word_1_331' title='bbox 1417 2458 1506 2482; x_wconf 85' lang='lat' dir='ltr'>eum</span> <span class='ocrx_word' id='word_1_332' title='bbox 1538 2446 1708 2492; x_wconf 66' lang='lat' dir='ltr'>DIadniq</span> 
     </span>
     <span class='ocr_line' id='line_1_37' title="bbox 321 2501 1852 2557; baseline -0.001 -13"><span class='ocrx_word' id='word_1_333' title='bbox 321 2509 357 2544; x_wconf 85' lang='lat'>7.</span> <span class='ocrx_word' id='word_1_334' title='bbox 374 2508 397 2544; x_wconf 81' lang='lat'>8</span> <span class='ocrx_word' id='word_1_335' title='bbox 425 2508 582 2557; x_wconf 88' lang='lat' dir='ltr'>inopem</span> <span class='ocrx_word' id='word_1_336' title='bbox 607 2506 779 2544; x_wconf 88' lang='lat' dir='ltr'>insulam</span> <span class='ocrx_word' id='word_1_337' title='bbox 806 2519 898 2554; x_wconf 83' lang='lat' dir='ltr'>esse,</span> <span class='ocrx_word' id='word_1_338' title='bbox 925 2506 1001 2543; x_wconf 90' lang='lat' dir='ltr'>nisi</span> <span class='ocrx_word' id='word_1_339' title='bbox 1022 2506 1231 2543; x_wconf 75' lang='lat' dir='ltr'>maritimis</span> <span class='ocrx_word' id='word_1_340' title='bbox 1250 2506 1410 2542; x_wconf 82' lang='lat' dir='ltr'>iuuetur</span> <span class='ocrx_word' id='word_1_341' title='bbox 1430 2501 1459 2555; x_wconf 85' lang='lat'>†</span> <span class='ocrx_word' id='word_1_342' title='bbox 1482 2537 1487 2542; x_wconf 88' lang='lat'>.</span> <span class='ocrx_word' id='word_1_343' title='bbox 1510 2534 1518 2541; x_wconf 93' lang='lat'><strong>.</strong></span> <span class='ocrx_word' id='word_1_344' title='bbox 1540 2535 1547 2542; x_wconf 87' lang='lat'>.</span> <span class='ocrx_word' id='word_1_345' title='bbox 1569 2504 1852 2542; x_wconf 68' lang='lat' dir='ltr'>commeatibus</span> 
     </span>
     <span class='ocr_line' id='line_1_38' title="bbox 319 2558 1851 2615; baseline -0.003 -11"><span class='ocrx_word' id='word_1_346' title='bbox 319 2567 372 2604; x_wconf 86' lang='lat' dir='ltr'>H.</span> <span class='ocrx_word' id='word_1_347' title='bbox 384 2567 418 2603; x_wconf 89' lang='lat' dir='ltr'>I.</span> <span class='ocrx_word' id='word_1_348' title='bbox 434 2567 602 2604; x_wconf 65' lang='lat' dir='ltr'>Mueller</span> <span class='ocrx_word' id='word_1_349' title='bbox 713 2567 735 2603; x_wconf 86' lang='lat'>9</span> <span class='ocrx_word' id='word_1_350' title='bbox 764 2567 868 2614; x_wconf 84' lang='lat' dir='ltr'>parti</span> <span class='ocrx_word' id='word_1_351' title='bbox 892 2565 931 2602; x_wconf 89' lang='lat' dir='ltr'><em>L</em></span> <span class='ocrx_word' id='word_1_352' title='bbox 1055 2567 1108 2604; x_wconf 87' lang='lat'>10</span> <span class='ocrx_word' id='word_1_353' title='bbox 1134 2565 1239 2602; x_wconf 84' lang='lat' dir='ltr'>rodis</span> <span class='ocrx_word' id='word_1_354' title='bbox 1265 2565 1303 2602; x_wconf 88' lang='lat' dir='ltr'><em>L</em></span> <span class='ocrx_word' id='word_1_355' title='bbox 1410 2567 1459 2601; x_wconf 92' lang='lat'>11</span> <span class='ocrx_word' id='word_1_356' title='bbox 1489 2558 1851 2615; x_wconf 70' lang='lat' dir='ltr'>1·omani{seromam</span> 
     </span>
     <span class='ocr_line' id='line_1_39' title="bbox 319 2622 1733 2673; baseline -0.002 -11"><span class='ocrx_word' id='word_1_357' title='bbox 319 2626 356 2662; x_wconf 87' lang='lat' dir='ltr'><em>L</em></span> <span class='ocrx_word' id='word_1_358' title='bbox 420 2639 465 2663; x_wconf 85' lang='lat' dir='ltr'>ea</span> <span class='ocrx_word' id='word_1_359' title='bbox 497 2625 773 2663; x_wconf 85' lang='lat' dir='ltr'>denuntiatum</span> <span class='ocrx_word' id='word_1_360' title='bbox 802 2625 915 2663; x_wconf 66' lang='lat' dir='ltr'>Cobet</span> <span class='ocrx_word' id='word_1_361' title='bbox 1038 2627 1088 2662; x_wconf 75' lang='lat'>12</span> <span class='ocrx_word' id='word_1_362' title='bbox 1124 2623 1377 2673; x_wconf 82' lang='lat' dir='ltr'>quostetisset</span> <span class='ocrx_word' id='word_1_363' title='bbox 1402 2624 1439 2660; x_wconf 92' lang='lat' dir='ltr'><em>L</em></span> <span class='ocrx_word' id='word_1_364' title='bbox 1502 2622 1671 2671; x_wconf 87' lang='lat' dir='ltr'>quissibi</span> <span class='ocrx_word' id='word_1_365' title='bbox 1695 2623 1733 2660; x_wconf 91' lang='lat' dir='ltr'><em>L</em></span> 
     </span>
     <span class='ocr_line' id='line_1_40' title="bbox 323 2678 1854 2722; baseline -0.003 0"><span class='ocrx_word' id='word_1_366' title='bbox 323 2686 374 2722; x_wconf 83' lang='lat'>13</span> <span class='ocrx_word' id='word_1_367' title='bbox 408 2685 538 2722; x_wconf 81' lang='lat' dir='ltr'>rodios</span> <span class='ocrx_word' id='word_1_368' title='bbox 565 2685 602 2722; x_wconf 91' lang='lat' dir='ltr'><em>L</em></span> <span class='ocrx_word' id='word_1_369' title='bbox 665 2696 747 2722; x_wconf 88' lang='lat' dir='ltr'>esse</span> <span class='ocrx_word' id='word_1_370' title='bbox 779 2696 881 2721; x_wconf 89' lang='lat' dir='ltr'>nunc</span> <span class='ocrx_word' id='word_1_371' title='bbox 906 2685 944 2721; x_wconf 94' lang='lat' dir='ltr'><em>L</em></span> <span class='ocrx_word' id='word_1_372' title='bbox 1006 2696 1053 2721; x_wconf 88' lang='lat' dir='ltr'>ne</span> <span class='ocrx_word' id='word_1_373' title='bbox 1086 2684 1175 2721; x_wconf 78' lang='lat' dir='ltr'>add.</span> <span class='ocrx_word' id='word_1_374' title='bbox 1203 2683 1258 2720; x_wconf 80' lang='lat' dir='ltr'>ed.</span> <span class='ocrx_word' id='word_1_375' title='bbox 1279 2683 1374 2720; x_wconf 87' lang='lat' dir='ltr'>Bas.</span> <span class='ocrx_word' id='word_1_376' title='bbox 1500 2683 1552 2720; x_wconf 81' lang='lat'>14</span> <span class='ocrx_word' id='word_1_377' title='bbox 1586 2678 1787 2720; x_wconf 80' lang='lat' dir='ltr'>audireiue</span> <span class='ocrx_word' id='word_1_378' title='bbox 1814 2682 1854 2718; x_wconf 90' lang='lat' dir='ltr'><em>L</em></span> 
     </span>
     <span class='ocr_line' id='line_1_41' title="bbox 414 2740 1854 2793; baseline -0.002 -12"><span class='ocrx_word' id='word_1_379' title='bbox 414 2746 464 2782; x_wconf 80' lang='lat'>15</span> <span class='ocrx_word' id='word_1_380' title='bbox 493 2740 586 2793; x_wconf 83' lang='lat' dir='ltr'>quia</span> <span class='ocrx_word' id='word_1_381' title='bbox 612 2744 648 2780; x_wconf 95' lang='lat' dir='ltr'><em>L</em></span> <span class='ocrx_word' id='word_1_382' title='bbox 773 2745 825 2781; x_wconf 85' lang='grc'>18</span> <span class='ocrx_word' id='word_1_383' title='bbox 859 2743 1137 2793; x_wconf 86' lang='lat' dir='ltr'>gentemseiret</span> <span class='ocrx_word' id='word_1_384' title='bbox 1161 2742 1381 2779; x_wconf 82' lang='lat' dir='ltr'>indicatum</span> <span class='ocrx_word' id='word_1_385' title='bbox 1406 2741 1443 2778; x_wconf 88' lang='lat' dir='ltr'><em>L</em></span> <span class='ocrx_word' id='word_1_386' title='bbox 1481 2743 1527 2778; x_wconf 86' lang='lat' dir='ltr'>ut</span> <span class='ocrx_word' id='word_1_387' title='bbox 1554 2742 1672 2779; x_wconf 82' lang='lat' dir='ltr'>sciret</span> <span class='ocrx_word' id='word_1_388' title='bbox 1704 2740 1854 2778; x_wconf 85' lang='lat' dir='ltr'>iudica-</span> 
     </span>
     <span class='ocr_line' id='line_1_42' title="bbox 321 2800 1853 2851; baseline -0.001 -12"><span class='ocrx_word' id='word_1_389' title='bbox 321 2804 420 2851; x_wconf 80' lang='lat' dir='ltr'>tum,</span> <span class='ocrx_word' id='word_1_390' title='bbox 445 2803 627 2850; x_wconf 58' lang='lat' dir='ltr'>Siponins</span> <span class='ocrx_word' id='word_1_391' title='bbox 688 2815 716 2840; x_wconf 91' lang='grc'>5.</span> <span class='ocrx_word' id='word_1_392' title='bbox 742 2815 773 2840; x_wconf 85' lang='lat' dir='ltr'>c.</span> <span class='ocrx_word' id='word_1_393' title='bbox 799 2803 1019 2840; x_wconf 87' lang='lat' dir='ltr'>indicatum</span> <span class='ocrx_word' id='word_1_394' title='bbox 1042 2802 1186 2840; x_wconf 76' lang='lat' dir='ltr'>Vahlen</span> <span class='ocrx_word' id='word_1_395' title='bbox 1221 2803 1339 2839; x_wconf 87' lang='lat' dir='ltr'>sciret</span> <span class='ocrx_word' id='word_1_396' title='bbox 1369 2800 1589 2838; x_wconf 84' lang='lat' dir='ltr'>indicatum</span> <span class='ocrx_word' id='word_1_397' title='bbox 1621 2801 1691 2838; x_wconf 79' lang='lat' dir='ltr'>del.</span> <span class='ocrx_word' id='word_1_398' title='bbox 1712 2800 1853 2838; x_wconf 80' lang='lat' dir='ltr'>Hartel</span> 
     </span>
     <span class='ocr_line' id='line_1_43' title="bbox 414 2857 1200 2913; baseline -0.003 -13"><span class='ocrx_word' id='word_1_399' title='bbox 414 2864 465 2900; x_wconf 83' lang='lat'>19</span> <span class='ocrx_word' id='word_1_400' title='bbox 494 2862 834 2912; x_wconf 83' lang='lat' dir='ltr'>magniloquentia</span> <span class='ocrx_word' id='word_1_401' title='bbox 862 2857 866 2913; x_wconf 84' lang='grc' dir='ltr'>Ι</span> <span class='ocrx_word' id='word_1_402' title='bbox 895 2861 963 2898; x_wconf 81' lang='lat' dir='ltr'>uix</span> <span class='ocrx_word' id='word_1_403' title='bbox 989 2861 1137 2899; x_wconf 82' lang='lat' dir='ltr'>curiam</span> <span class='ocrx_word' id='word_1_404' title='bbox 1163 2861 1200 2898; x_wconf 92' lang='lat' dir='ltr'><em>L</em></span> 
     </span>
    </p>
   </div>
   <div class='ocr_carea' id='block_1_9' title="bbox 1967 1303 2002 3342">
    <p class='ocr_par' dir='ltr' id='par_1_9' title="bbox 1967 1303 2002 3342">
     <span class='ocr_line' id='line_1_44' title="bbox 1967 1303 2002 3342; baseline 0 0"><span class='ocrx_word' id='word_1_405' title='bbox 1967 1303 2002 3342; x_wconf 95' lang='lat' dir='ltr'> </span> 
     </span>
    </p>
   </div>
   <div class='ocr_carea' id='block_1_10' title="bbox 1971 2619 1984 3306">
    <p class='ocr_par' dir='ltr' id='par_1_10' title="bbox 1971 2619 1984 3306">
     <span class='ocr_line' id='line_1_45' title="bbox 1971 2619 1984 3306; baseline 0 0"><span class='ocrx_word' id='word_1_406' title='bbox 1971 2619 1984 3306; x_wconf 95' lang='lat' dir='ltr'> </span> 
     </span>
    </p>
   </div>
  </div>
 </body>
</html>
