2002 3342
284 209 453 240 CCXfflv
616 194 678 229 DE
707 189 1014 231 SCRIPTOR'VM
1041 196 1163 230 VITIS
1190 196 1251 230 ΕΤ
1279 195 1486 232 SCRIPTIS

282 307 548 358 intellegimus
575 312 830 358 spretumque
858 319 947 346 eum
976 319 1061 345 esse
1088 309 1128 345 in
1156 307 1357 346 rhetorum
1386 307 1529 345 scholis
1551 312 1590 345 et
1610 307 1655 345 ab
1678 319 1812 346 eorum

283 372 557 411 imitatoribus.

372 437 426 476 De
459 439 783 488 inscriptione
817 442 946 475 autem
980 438 1111 488 operis
1145 437 1218 476 1100
1251 436 1410 488 quidem
1443 449 1490 475 ex
1523 439 1647 489 ipsius
1680 437 1814 477 uerbis

285 499 349 556 (11.
371 499 413 554 1)
436 508 542 541 certo
565 508 728 553 constat,
755 502 993 541 Asellionem
1014 502 1135 540 libros
1157 514 1248 540 suos
1269 515 1345 540 non
1369 503 1621 554 inscripsisse
1643 503 1815 554 annales,

284 580 412 618 neque
439 580 624 618 umquam
652 567 725 606 hoc
747 568 905 606 nomine
928 568 1035 605 citati
1057 572 1158 605 sunt.
1198 566 1267 605 sed
1286 571 1420 605 utrum
1446 580 1584 607 rerum
1608 573 1815 616 yestctrum

284 634 410 672 libros
436 645 484 671 an
510 634 702 672 historicis
727 633 1013 683 praeferamus,
1041 633 1182 670 incerti
1208 632 1427 671 haeremus.
1472 637 1683 684 utrumque
1711 634 1815 672 enim

284 697 388 737 haud
421 697 655 749 spernendis
687 699 925 736 testimoniis
957 698 1114 747 nititur,
1154 696 1249 735 illud
1283 696 1397 735 Gellii
1431 693 1495 750 (fr.
1519 695 1556 736 6.
1580 695 1734 736 1011.
1769 698 1815 737 cf.

285 765 402 801 etiam
429 763 577 802 Charis.
600 763 645 800 fr.
670 758 756 816 13),
782 762 855 801 hoc
882 762 1050 801 Charisii
1077 758 1184 822 (12),
1211 761 1328 800 Nonii
1356 757 1529 816 (4.21),
1563 762 1693 801 Seruii
1720 760 1816 816 (14)

286 833 325 866 et
348 828 468 867 schol.
489 827 702 866 Bernensis
724 824 803 881 (9),
829 827 1022 866 Prisciani
1043 822 1121 880 (3)
1134 823 1165 881 1)
1212 840 1301 866 cum
1328 833 1458 866 autem
1483 827 1626 867 Asellio
1655 828 1699 866 sr.
1724 827 1745 867 1
1775 840 1817 867 se

288 905 424 932 eorum
451 894 700 943 sententiam,
728 894 795 944 qui
823 890 921 931 ‘res
948 890 1127 943 gestas'
1157 905 1175 930 a
1201 891 1388 931 Romanis
1414 892 1662 944 perscribere
1690 894 1819 932 conati

286 964 430 1010 essent,
457 958 679 1010 amplexum
701 970 788 997 esse
810 958 1094 1008 significauerit
1120 962 1236 1008 atque
1258 956 1406 996 Gellius
1432 959 1561 1009 ipsum
1582 958 1818 997 Asellionem

287 1025 327 1062 in
354 1024 536 1063 manibus
562 1024 749 1062 habuisse
775 1023 969 1073 uideatur,
996 1024 1120 1073 magis
1149 1023 1296 1061 inclino
1323 1022 1370 1061 ad
1397 1035 1482 1062 eam
1508 1025 1818 1074 inscriptionem,

286 1102 403 1140 quam
430 1091 641 1128 auctoritas
669 1094 818 1138 tuetur,
852 1101 967 1139 quam
995 1087 1041 1126 ad
1068 1088 1270 1138 historias,
1307 1100 1403 1139 quas
1430 1090 1590 1127 testium
1617 1101 1818 1128 numerus.

286 1155 450 1193 forsitan
478 1167 611 1193 10111111
639 1160 836 1205 gestarum
864 1153 986 1191 libros
1006 1152 1229 1192 inscribens
1250 1158 1407 1192 uertere
1428 1155 1467 1192 in
1489 1155 1618 1192 animo
1639 1153 1821 1192 habuerit

289 1219 528 1258 Graecorum
554 1214 909 1272 npayuavec'ocv.2>

377 1285 537 1323 Sermo
570 1284 761 1322 librorum
795 1285 869 1322 fuit
899 1285 1051 1335 patrius
1079 1278 1145 1337 (fr.
1170 1281 1294 1322 1—6.
1319 1280 1523 1338 10—14).
1568 1296 1645 1323 non
1682 1296 1819 1322 omnes

290 1357 419 1389 autem
447 1362 511 1388 res
538 1362 557 1388 a
583 1349 770 1388 Romanis
797 1355 926 1399 gestas
954 1348 1194 1387 enarrandas
1222 1350 1407 1400 suscepit,
1434 1348 1503 1388 sed
1529 1362 1549 1387 a
1576 1350 1726 1388 ratione
1753 1361 1820 1388 ue-

287 1421 416 1454 terum
452 1414 649 1454 annalium
682 1416 922 1466 scriptorum
956 1414 1072 1452 etiam
1105 1415 1146 1452 in
1177 1414 1247 1463 hac
1274 1426 1316 1453 re
1344 1414 1545 1465 digressus
1573 1413 1821 1465 Graecosque

288 1481 465 1519 imitatus
499 1492 563 1519 eas
596 1485 747 1519 tantum
781 1479 908 1530 modo,
942 1477 1101 1530 ‘quibus
1129 1478 1311 1529 gerendis
1345 1481 1429 1530 ipse
1455 1477 1648 1518 interfuit’
1677 1476 1743 1532 (fr.
1764 1476 1822 1532 6),

290 1547 342 1584 ita
369 1551 513 1596 tamen,
540 1552 583 1584 ut
609 1545 765 1584 illorum
794 1544 972 1595 exemplo
1000 1546 1212 1583 terminum
1239 1544 1349 1583 illum
1375 1544 1477 1583 ultra
1499 1557 1590 1583 suae
1611 1546 1715 1583 uitae
1737 1557 1822 1596 spa-

288 1612 387 1649 tium
420 1616 644 1649 remoueret
677 1616 716 1649 et
749 1610 794 1648 de
826 1609 964 1661 Lepidi
999 1609 1202 1648 consulatu
1236 1623 1267 1648 3.
1298 1607 1391 1649 137.
1420 1607 1503 1648 617
1533 1606 1599 1663 (fr.
1620 1607 1665 1662 4)
1700 1615 1738 1648 et
1775 1609 1822 1649 de

294 1677 482 1714 extremis
513 1675 606 1714 belli
639 1675 868 1714 Numantini
901 1676 1013 1713 annis
1047 1671 1145 1728 (uid.
1167 1675 1211 1713 fr.
1235 1673 1260 1714 5
1288 1688 1376 1714 cum
1404 1672 1510 1730 adn.)
1544 1677 1621 1714 iam
1654 1677 1693 1714 in
1723 1675 1823 1715 libro

289 1747 427 1792 quarto
456 1747 608 1793 ageret3
636 1747 719 1779 tum
741 1742 877 1791 quinto
902 1740 1002 1778 libro
1023 1740 1080 1778 Ti.
1102 1739 1265 1779 Gracchi
1291 1745 1457 1779 mortem
1479 1742 1658 1792 exposuit
1679 1737 1744 1793 (fr.
1768 1738 1823 1795 7),

290 1812 427 1857 quarto
456 1806 625 1857 decimo,
659 1807 692 1845 si
718 1805 849 1844 Rothii
878 1807 1144 1844 coniecturam
1177 1805 1385 1844 admodum
1418 1805 1660 1856 probabilem
1693 1807 1822 1857 sequi-

290 1883 390 1921 mur,
417 1871 464 1910 M.
487 1871 590 1910 Liuii
615 1871 734 1910 Drusi
760 1883 898 1909 necem
920 1871 986 1923 (fr.
1012 1866 1097 1924 11).
1138 1870 1208 1920 sed
1234 1870 1337 1921 quod
1364 1870 1565 1909 Charisius
1592 1883 1676 1909 rem
1702 1883 1823 1922 quan-

293 1936 380 1975 dam
405 1950 451 1976 ex
473 1937 770 1988 quadragesimo
791 1936 890 1974 libro
913 1949 953 1975 se
976 1937 1193 1987 sumpsisse
1214 1935 1393 1974 adfirmat
1414 1931 1522 1989 (13),
1548 1935 1686 1987 procul
1707 1935 1824 1975 dubio

292 2008 358 2041 aut
382 2003 466 2054 ipse
495 2009 560 2041 aut
586 2002 738 2041 librarii
772 2013 948 2040 errorem
976 2002 1269 2040 commiserunt.
1308 2013 1397 2039 nam
1426 2002 1510 2040 siue
1537 2001 1602 2040 illa
1629 2001 1675 2040 ad
1702 2013 1734 2039 a.
1756 1999 1824 2041 86.

291 2065 376 2106 668
399 2069 483 2106 siue
505 2067 553 2106 ad
574 2080 605 2106 a.
623 2065 690 2107 83.
707 2065 806 2116 671,
827 2066 929 2106 ultra
951 2079 1047 2118 quos
1069 2079 1190 2105 annos
1210 2071 1374 2117 propter
1394 2071 1560 2105 aetatem
1581 2067 1645 2105 uix
1664 2065 1824 2105 deseen-

292 2132 385 2172 dere
412 2134 556 2184 potuit,
592 2134 765 2184 pertinet
792 2128 860 2185 (cs.
883 2131 969 2170 adn.
990 2131 1037 2170 ad
1060 2132 1102 2170 11.
1128 2128 1218 2185 13),
1255 2132 1361 2182 quis,
1399 2144 1487 2170 cum
1520 2137 1631 2170 antea
1665 2132 1826 2170 circiter

294 2204 577 2249 quaternorum
605 2210 797 2237 annorum
827 2209 889 2236 res
917 2196 1082 2248 singulis
1107 2196 1219 2235 libris
1241 2196 1467 2248 complexus
1489 2202 1605 2247 esset,
1632 2202 1726 2235 tunc
1746 2198 1825 2235 sin-

293 2263 473 2314 gulorum
501 2276 694 2302 annorum
722 2263 840 2302 rebus
868 2264 985 2301 etiam
1012 2267 1146 2300 ternos
1167 2261 1288 2301 libros
1309 2275 1399 2301 eum
1420 2261 1641 2313 expleuisse
1663 2259 1825 2300 credat?

293 2330 424 2367 minus
456 2329 554 2367 mihi
586 2334 629 2367 ut
664 2330 703 2367 in
741 2341 783 2367 re
820 2330 969 2366 incerta
1006 2339 1092 2365 esse
1120 2327 1362 2378 exploratum
1389 2326 1563 2376 uidetur,
1600 2338 1676 2377 quo
1709 2325 1823 2364 modo

293 2406 483 2432 numerus
509 2394 573 2432 ille
602 2399 810 2445 corruptus
838 2392 1106 2431 restituendus
1134 2388 1237 2445 sit.³)

382 2458 435 2497 De
470 2459 565 2498 side
593 2459 801 2497 Asellionis
831 2458 930 2497 nihil
957 2463 1201 2509 compertum
1228 2456 1428 2496 habemus.
1474 2468 1563 2494 nam
1591 2468 1826 2507 quamquam

293 2523 437 2574 quibus
471 2524 588 2563 rebus
622 2523 806 2575 gerendis
838 2529 904 2562 aut
936 2525 1019 2574 ipse
1052 2523 1297 2562 interfuisset
1329 2527 1395 2560 aut
1421 2534 1517 2572 quas
1544 2520 1590 2560 ab
1618 2521 1721 2573 aliis,
1757 2521 1825 2572 qui

391 2646 423 2688 1)
451 2643 573 2677 Minus
589 2645 762 2678 accurate
777 2642 938 2678 Gellium
953 2643 996 2677 fr.
1011 2646 1031 2676 5
1053 2643 1169 2677 citare
1184 2641 1346 2676 uoluisse
1360 2653 1425 2686 per
1445 2652 1483 2675 se
1503 2640 1742 2675 manifestum
1757 2642 1825 2675 est.

391 2700 424 2738 2)
451 2697 574 2731 Etiam
602 2696 773 2731 Stelkens
800 2709 835 2741 p.
859 2700 901 2730 14
927 2696 1023 2730 hanc
1047 2695 1323 2739 inscriptionem
1350 2694 1529 2739 praefert,
1556 2694 1607 2728 sic
1634 2705 1715 2729 eam
1741 2704 1826 2728 con-

294 2750 455 2784 stituens
481 2751 678 2785 Asellionis
704 2762 823 2785 rerum
851 2761 874 2783 a
901 2749 1081 2784 Romanis
1105 2754 1286 2794 qestarum
1313 2749 1398 2783 libri
1418 2748 1524 2782 XIV
1546 2748 1621 2791 (uel
1641 2747 1681 2781 X
1689 2747 1743 2785 V).

391 2806 426 2847 3)
452 2803 626 2838 Muenzer
657 2803 794 2847 (Herm.
815 2802 951 2837 XXXII
976 2814 1012 2846 p.
1033 2804 1115 2845 472)
1148 2802 1247 2836 hunc
1278 2812 1471 2835 numerum
1502 2800 1672 2835 uanitate
1703 2810 1826 2845 gram-

295 2857 424 2891 matici
450 2856 606 2891 alicuius
634 2856 760 2890 fictum
788 2867 868 2890 esse
895 2855 1064 2890 0011100111.
