2002 3342
273 217 384 247 xxiv
830 197 1231 235 PROLEGOMENON

274 309 527 365 trabinmr1)3
567 312 733 362 denique
768 311 868 361 quod
900 308 963 357 10,
988 308 1022 359 1,
1043 307 1070 347 4
1103 308 1149 347 ad
1182 308 1306 359 legem
1336 308 1590 348 Terentiliam
1629 322 1801 361 pergens

273 379 376 416 inter
401 386 535 415 uetera
561 382 716 427 patruni
743 375 1039 425 consularisque
1068 374 1223 424 imperii
1251 373 1440 412 describit,
1472 375 1639 413 maxime
1672 372 1799 426 ὀλίγα

272 441 370 481 τινὰ
397 439 443 481 ἐι·
472 440 606 492 ιἐραῑς
632 440 813 492 βύβλοις
840 437 1121 488 ἀποκείμενα,
1155 435 1180 476 ἃ
1206 437 1355 490 νόμων
1381 433 1468 490 εἶχε
1495 437 1705 490 δύναμιν,
1736 433 1801 478 ὧν

273 507 317 546 01‘
345 506 565 558 πατρίκιοι
594 505 674 557 τὴν
702 511 867 556 γνῶσιν
893 498 1012 555 εἶχον
1043 502 1171 554 μόνοι
1203 501 1276 541 διὰ
1309 501 1384 549 τὰς
1416 499 1464 541 ἐν
1490 501 1609 543 ἄστει
1636 503 1799 555 διατρι-

272 571 349 622 βὰς
376 573 483 621 mit..
522 571 673 609 dierum
708 572 894 608 fastorum
933 569 1251 618 net'astorumque
1290 567 1440 606 tabulas
1475 567 1584 619 dicit⁷
1617 581 1713 619 quas
1753 581 1799 607 ex

272 638 500 687 pontitirum
517 635 784 687 penetralibus
801 634 1015 672 decemuiri
1029 632 1172 684 populo
1188 633 1470 684 patefecerunt,
1485 645 1585 671 anno
1600 632 1697 672 304.
1712 631 1801 672 450

272 703 339 740 Cn.
361 702 518 739 Flauius
547 701 672 739 denuo
700 695 875 750 edidit.2)
910 698 984 736 l'er
1009 710 1106 748 quos
1132 709 1227 735 uero
1248 697 1437 748 Vopiscus
1464 695 1529 750 (fr.
1551 694 1609 750 2),
1636 711 1734 749 quae
1760 699 1799 736 in

272 767 476 805 annalibus
498 778 596 804 max.
619 788 672 792 —
695 765 734 802 bi
756 766 860 802 enim
882 765 965 801 sine
989 762 1104 801 dubio
1126 762 1228 813 apud
1249 775 1338 801 eum
1359 762 1611 813 intellegendi
1631 769 1723 802 sunt
1743 785 1799 790 -

273 831 318 870 de
346 834 572 880 interregno
599 830 663 868 illo
690 835 779 880 post
803 828 1011 867 Romulum
1039 829 1136 865 inito
1162 829 1374 866 memoriae
1400 827 1540 866 tradita
1568 833 1711 879 essent,
1738 841 1800 867 ac-

273 898 433 947 ceperit⁷
461 908 538 934 non
565 896 699 946 liquet.
751 896 885 944 utique
913 895 996 944 ipse
1024 905 1090 931 eos
1117 905 1193 931 non
1220 891 1331 931 uidit.

361 962 465 1006 Quae
499 962 539 998 in
574 961 873 998 commentarios
907 964 1110 1009 poetarum
1142 957 1406 996 Romanorum
1440 970 1574 996 eorum
1610 959 1800 997 memoria

271 1031 480 1077 propagata
498 1031 567 1076 est,
584 1026 806 1063 continetur
821 1025 888 1074 eis,
904 1035 1001 1074 quae
1017 1023 1180 1061 Seruius
1196 1021 1243 1061 ad
1259 1022 1418 1073 Vergilii
1431 1035 1593 1061 uersum
1609 1020 1666 1075 (1,
1681 1019 1799 1076 373),

272 1104 347 1141 quo
368 1092 518 1129 Aeneas
546 1092 713 1129 cznnales
739 1089 915 1127 laborum
944 1100 1104 1126 suorum
1133 1093 1504 1126 commemorantem
1531 1088 1638 1138 facit,
1666 1089 1803 1126 nescio

272 1168 317 1194 ex
345 1169 420 1206 quo
448 1157 701 1205 grammatico
730 1154 941 1204 adnotauit,
976 1155 1110 1204 eisque
1138 1164 1236 1203 quae
1262 1151 1489 1203 Porphyrio,
1515 1153 1582 1203 qui
1608 1152 1655 1191 ad
1681 1152 1800 1191 Hora-

271 1223 367 1259 tium
395 1223 434 1258 in
463 1220 627 1271 epistula
660 1218 697 1270 2,
723 1218 758 1270 1,
780 1217 847 1267 26,
886 1224 927 1257 ut
955 1224 1137 1257 ueterum
1164 1218 1334 1256 fautores
1373 1217 1582 1268 inrideret,
1622 1217 1698 1256 illis
1736 1217 1801 1256 uel

272 1285 477 1324 duodecim
513 1285 682 1335 tabulas,
720 1284 950 1335 pontificum
990 1283 1128 1334 libros,
1164 1294 1309 1320 annosa
1347 1282 1548 1321 uolumina
1585 1288 1720 1321 uatum
1753 1295 1798 1321 ex

271 1351 468 1389 Musarum
501 1362 568 1388 ore
601 1349 761 1388 fluxisse
795 1351 1006 1387 iocantem:
1045 1354 1180 1387 utrum
1207 1350 1376 1387 annales
1403 1360 1455 1386 an
1483 1351 1545 1387 ius
1561 1351 1804 1397 pontificale

269 1419 476 1464 se‘fflzifical
486 1418 503 1453 Ρ
519 1412 552 1469 3)

361 1480 435 1518 Sed
461 1486 504 1518 ut
529 1479 633 1518 unde
661 1490 818 1530 egressa
843 1485 901 1518 est
930 1479 1141 1530 disputatio
1167 1490 1253 1517 mea
1280 1477 1433 1517 redeat:
1466 1490 1545 1516 non
1572 1478 1696 1517 solum
1724 1491 1804 1529 res,

271 1558 368 1596 quae
396 1545 625 1596 pontificum
651 1544 795 1583 tabulis
823 1551 861 1583 et
892 1543 1098 1582 annalibus
1126 1544 1324 1594 expositae
1359 1548 1487 1594 erant,
1527 1543 1572 1582 ab
1599 1544 1801 1582 historicis

272 1610 454 1648 Romanis
486 1612 526 1648 in
559 1609 679 1648 libros
713 1622 804 1648 suos
840 1608 1182 1648 transferebantur
1218 1614 1255 1647 et
1291 1607 1337 1646 ab
1372 1620 1450 1647 uno
1490 1608 1601 1647 alteri
1633 1608 1801 1648 traditae

270 1675 597 1727 propagabantur,
624 1687 763 1714 uerum
790 1676 908 1713 etiam
937 1674 1141 1725 dispositio
1170 1679 1208 1712 et
1235 1673 1447 1724 descriptio
1475 1678 1513 1712 et
1538 1675 1715 1712 ieiunum
1744 1674 1799 1712 di-

272 1740 384 1779 cendi
417 1753 540 1791 genus
573 1742 685 1791 quasi
718 1740 939 1791 exemplum
973 1741 1030 1778 eis
1060 1745 1172 1778 erant
1197 1739 1396 1790 proposita
1424 1734 1522 1791 (Cic.
1550 1738 1573 1778 l.
1600 1739 1709 1790 p.111
1735 1740 1800 1778 cit.

272 1805 317 1844 de
346 1812 439 1843 orat.
468 1803 506 1856 2,
536 1803 600 1856 1⁶2,
628 1801 759 1859 52).4)
819 1806 949 1856 itaque
977 1805 1122 1843 factum
1149 1810 1219 1854 est,
1245 1809 1290 1842 ut.
1314 1803 1354 1841 hi
1380 1804 1612 1854 pontificum
1638 1804 1803 1843 annales-

272 1872 390 1909 etiam
418 1872 528 1908 initia
556 1871 680 1921 ipsius
706 1870 894 1909 historiae
921 1870 1119 1908 Romanae
1145 1869 1267 1908 fuisse
1295 1865 1669 1923 existimal'entur.⁵)

370 1963 402 2004 1)
431 1960 489 1994 Sic
514 1960 589 1994 iam
616 1959 756 1994 Becker
784 1960 905 2003 Antiq.
927 1960 941 1994 Ι
964 1963 1018 2002 12,
1044 1972 1079 1994 n.
1103 1962 1156 1994 18.
1195 1958 1394 1993 Hulleman
1420 1971 1454 2003 p.
1477 1963 1564 2002 Ssq.

366 2015 399 2056 2)
426 2012 630 2047 Mommsen
657 2012 825 2048 Chronol.
853 2025 889 2057 p.
910 2017 990 2048 210.
1036 2013 1072 2047 C.
1093 2013 1117 2047 I.
1139 2012 1178 2047 L.
1206 2011 1239 2046 Ι2
1265 2024 1300 2056 p.
1323 2015 1401 2046 283.
1430 2033 1474 2037 —
1501 2011 1679 2046 Maschke
1705 2013 1806 2056 (Das

271 2067 409 2101 aelteste
435 2066 637 2111 Frayment
661 2067 724 2102 der
748 2066 1006 2101 Stadtehmnik
1031 2066 1069 2100 in
1089 2065 1222 2100 Philol.
1244 2065 1325 2099 LIV
1351 2078 1386 2110 p.
1410 2068 1476 2100 150
1488 2067 1610 2108 —162)
1635 2065 1800 2099 Plinium

271 2130 366 2163 quae
386 2119 423 2153 in
443 2121 517 2153 nat.
537 2119 622 2153 hist.
646 2122 699 2162 33,
718 2123 854 2154 17—20
876 2119 921 2154 de
942 2119 1005 2154 Cn.
1027 2119 1159 2154 Flauio
1179 2119 1293 2164 Appii
1315 2118 1458 2153 Claudii
1479 2118 1600 2153 scriba
1619 2120 1804 2160 narraret,

272 2184 314 2206 ex
329 2172 476 2206 Valerio
491 2173 642 2206 Antiate
662 2173 873 2218 sumpsisse,
894 2173 993 2207 hunc
1011 2184 1100 2207 uero
1121 2172 1274 2207 annales
1294 2183 1391 2207 max.
1413 2183 1608 2206 exornasse
1629 2172 1804 2215 coniecit,

271 2237 389 2269 neque
414 2227 541 2259 tamen
566 2225 740 2269 feliciter,
767 2226 807 2260 id
833 2227 932 2270 quod
958 2227 1132 2261 Muenzer
1161 2226 1271 2271 Quell.
1299 2226 1332 2260 d.
1361 2226 1461 2260 Ptin.
1488 2237 1524 2269 p.
1546 2229 1614 2259 2⁶25
1629 2236 1708 2270 sqq.
1737 2225 1802 2260 de-

271 2279 503 2313 monstrauit.

367 2334 400 2375 3)
426 2331 523 2373 Quos
552 2333 736 2376 ‘antiquos
762 2333 928 2368 anrnazes’
958 2332 1099 2368 Gellius
1123 2336 1153 2374 7,
1176 2337 1194 2367 7
1222 2333 1267 2366 de
1293 2333 1393 2366 Acca,
1412 2331 1588 2366 Larentia
1614 2333 1651 2366 et
1677 2331 1713 2366 C.
1729 2331 1802 2365 Ta-

271 2385 372 2419 racia
399 2385 538 2427 citavit,
566 2396 638 2420 non
658 2385 808 2420 fuerunt
834 2397 917 2421 ann.
938 2397 1047 2429 max,
1074 2388 1116 2420 ut
1134 2386 1221 2420 Pais
1242 2386 1275 2420 h.
1298 2386 1339 2420 R.
1361 2386 1376 2419 I
1398 2389 1415 2419 1
1443 2397 1479 2429 p.
1500 2389 1545 2419 30
1570 2384 1702 2427 uoluit,
1736 2384 1802 2419 sedt

271 2439 457 2473 inferioris
485 2438 694 2483 scriptoris,
726 2441 770 2473 ut
796 2439 937 2473 Valerii
962 2439 1126 2474 Antiatis
1153 2450 1175 2473 a
1200 2439 1363 2474 Masurio
1390 2438 1528 2473 Sabino
1555 2437 1672 2472 citati.
1723 2438 1803 2472 uid.

271 2491 467 2525 Mercklini
497 2492 711 2527 Citiermeth.
737 2504 771 2536 p.
794 2496 872 2526 645.

366 2546 401 2588 4>
429 2544 480 2579 Cf.
507 2545 570 2579 Ph.
593 2545 708 2579 Fabia
733 2545 772 2579 in
797 2546 927 2580 Journ.
952 2546 1012 2581 des
1037 2546 1196 2581 Savcmts
1223 2549 1314 2581 1900
1340 2558 1375 2590 p.
1397 2548 1583 2579 433—443
1613 2545 1690 2588 (La
1708 2546 1805 2590 reyze

271 2599 517 2641 annalistique
543 2598 636 2633 dans
662 2598 985 2644 l'historioyraphie
1011 2600 1132 2643 Rom.)

368 2652 402 2691 5)
430 2650 501 2685 Cic.
531 2651 575 2684 de
602 2651 698 2696 legg.
723 2656 752 2694 1,
775 2656 805 2690 2.
828 2656 858 2686 6.
899 2652 1052 2694 Quintil.
1075 2656 1129 2695 10,
1151 2656 1183 2695 2,
1206 2657 1235 2687 7.
1259 2673 1300 2678 —-
1329 2651 1436 2693 Quod
1463 2651 1578 2686 Seeck
1603 2663 1639 2696 p.
1660 2654 1704 2685 85
1719 2662 1800 2695 sqq.

273 2704 464 2738 annalium
499 2715 593 2739 max.
621 2704 733 2739 libros
767 2705 958 2749 octoginta,
991 2717 1012 2740 a
1044 2706 1131 2740 solis
1159 2706 1331 2740 Cicerone
1358 2706 1396 2739 et
1421 2704 1549 2739 Verrio
1575 2704 1708 2739 Flacco
1742 2704 1801 2738 in—

273 2759 432 2802 spectos,
461 2757 498 2791 in
525 2757 715 2802 publicum
741 2769 814 2792 non
840 2758 960 2793 editos
987 2769 1066 2793 esse
1090 2759 1232 2803 posuit,
1265 2761 1365 2793 recte
1389 2758 1459 2793 hoc
1485 2757 1614 2792 Soltau
1638 2756 1800 2791 maxime

273 2822 398 2845 eorum
435 2811 641 2845 ieiunitatis
678 2811 888 2855 indolisque
925 2812 1138 2856 pontificiae
1176 2812 1216 2846 in
1247 2811 1404 2846 historia
1429 2811 1598 2845 Romana
1629 2809 1805 2854 uestigiis

274 2863 534 2898 demonstratis
560 2864 740 2899 refutauit
766 2872 812 2909 sp.
835 2868 901 2899 ‘266
917 2867 1021 2909 sqq).
