2002 3342
190 363 257 393 326

188 411 257 453 2123

188 564 254 593 321

188 611 257 652 433'

289 219 374 259 214
923 218 1181 259 RELIQVIAE

377 324 448 368 16.
487 330 580 367 Gell.
596 341 633 367 η.
649 330 729 367 Art.
746 330 783 377 2,
801 329 867 378 19,
885 329 920 366 7.
960 328 1144 367 Claudius
1159 328 1439 379 Quadrigarius
1461 331 1499 368 in
1521 332 1647 381 primo
1669 331 1815 370 annali:

287 393 337 430 Ea
368 393 513 432 Lucani
540 393 607 432 ubi
635 395 896 443 resciuerunt,
924 393 999 432 sibi
1025 406 1096 445 per
1123 380 1292 433 fallacias
1318 394 1439 433 uerba
1467 394 1552 433 data
1579 407 1666 434 esse
1687 427 1695 434 .
1718 428 1725 434 .
1747 426 1755 434 .

377 455 448 497 17.
494 460 586 497 Gell.
608 472 645 497 η.
668 459 974 508 Αίτ.17,2,18.
1020 458 1143 497 Verba
1180 471 1227 498 ex
1261 459 1302 504 Q.
1337 459 1472 497 Claudi
1509 461 1635 510 primo
1667 460 1815 499 annali:

285 545 338 548 ——
368 535 472 573 sese,
507 525 649 574 inquit,
683 536 730 561 ne
757 523 797 561 id
824 536 996 575 quoque,
1030 523 1134 574 quod
1161 530 1242 563 tum
1270 524 1465 575 suader,et
1494 525 1686 564 facturum
1714 538 1813 564 esse.

375 583 446 626 18.
480 589 569 627 Lm.
591 589 670 637 9‚5
672 589 734 637 ‚.1
768 588 958 627 Consules
978 586 1048 640 [T.
1073 590 1259 628 Ietme'us
1286 590 1479 628 Caluinus
1500 591 1564 638 Sp.
1588 591 1851 630 Postumium

283 651 472 705 Albenus]
499 654 664 704 profecti
691 654 737 692 ad
757 654 939 692 Pontium
966 655 1006 692 in
1034 653 1296 705 conloquium,
1323 667 1411 693 cum
1440 654 1485 693 de
1507 654 1666 694 foedere
1686 656 1817 694 uictor

283 719 459 769 agitaret,
487 724 680 769 negarunt
706 720 860 758 iniussu
892 718 1024 770 populi
1053 718 1188 757 foedus
1216 720 1301 757 fieri
1327 732 1443 770 posse
1469 732 1542 758 nec
1563 721 1648 758 sine
1675 720 1814 758 fetiali-

282 783 354 822 bus
382 785 696 834 caerimoniaque
718 784 791 822 alia
812 784 1003 822 sollemni.
1042 785 1174 835 itaque
1196 797 1285 835 non,
1311 790 1355 823 ut
1374 784 1491 831 uulgo
1513 784 1679 823 credunt
1699 785 1812 824 Clau-

283 848 448 900 diusque
471 850 587 887 etiam
610 849 758 899 scribit,
780 849 936 888 foedere
958 862 1031 900 pax
1053 848 1238 900 Caudina,
1260 849 1328 888 sed
1348 862 1420 900 per
1440 851 1691 900 sponsionem
1714 850 1814 888 facta

282 919 352 952 est.
392 914 485 965 quid
513 916 618 953 enim
646 920 711 953 aut
732 914 988 965 sponsoribus
1015 916 1054 952 in
1083 913 1239 953 foedere
1267 927 1364 965 opus
1386 920 1490 953 esset
1511 921 1576 954 aut
1596 914 1814 968 obsidum,
1834 927 1868 952 10

280 979 348 1017 ubi
375 981 599 1030 precatione
628 992 691 1018 res
720 981 966 1030 transigitur,
999 992 1070 1030 per
1102 991 1218 1030 quem
1246 979 1430 1030 populum
1463 980 1544 1030 fiat,
1578 993 1654 1031 quo
1680 981 1813 1018 minus

282 1044 435 1094 legibus
464 1044 578 1082 dictis
611 1049 748 1092 stetur,
775 1050 818 1082 ut
844 1056 933 1082 eum
960 1045 1013 1082 ita
1034 1044 1210 1095 Iuppiter
1237 1045 1360 1095 feriat,
1388 1057 1505 1095 quem
1532 1044 1579 1083 ad
1605 1045 1765 1083 modum
1791 1058 1812 1084 a

281 1109 478 1148 fetialibus
499 1122 642 1160 porcus
664 1108 858 1148 feriatur?
896 1109 1191 1160 spoponderunt
1212 1110 1405 1161 consules,
1421 1110 1547 1161 legati,
1570 1115 1812 1161 quaestores,

280 1174 428 1212 tribuni
455 1174 635 1225 militum,
663 1177 899 1226 nominaque
927 1175 1101 1212 omnium
1129 1176 1195 1225 qui
1222 1175 1518 1226 spoponderunt
1539 1181 1702 1225 exstant,
1728 1174 1809 1225 ubi,

279 1241 311 1277 si
339 1252 385 1278 ex
413 1239 570 1278 foedere
598 1245 682 1278 acta
709 1252 772 1278 res
794 1246 909 1290 esset,
936 1245 1211 1291 praeterquam
1234 1239 1400 1278 duorum
1428 1239 1618 1278 fetialium
1645 1252 1722 1278 non
1744 1252 1811 1278 ex·
1833 1252 1867 1277 15

279 1310 439 1343 starent.
486 1310 522 1343 et
553 1310 716 1356 propter
748 1306 1014 1343 necessariam
1048 1304 1218 1343 foederis
1253 1304 1477 1343 dilationem
1505 1303 1662 1343 obsides
1690 1305 1808 1343 etiam

279 1371 451 1408 sescenti
478 1371 630 1421 equites
656 1371 850 1421 imperati,
879 1371 944 1421 qui
973 1371 1097 1421 capite
1125 1369 1296 1420 luerent7
1324 1370 1357 1408 si
1383 1376 1496 1421 pacto
1522 1382 1600 1408 non
1628 1374 1811 1408 staretur.

371 1432 443 1475 19.
476 1437 570 1474 Gell.
587 1448 624 1474 η.
640 1438 719 1474 All.
735 1435 898 1484 2,19,8.
926 1435 1022 1474 Item
1037 1435 1319 1485 Quadrigarius
1340 1436 1379 1473 in
1396 1434 1532 1474 eodem
1546 1432 1592 1487 [ι’.
1607 1448 1639 1473 6.
1651 1431 1812 1487 primo]

275 1573 391 1618 uirgis
419 1584 501 1607 cum
530 1584 683 1618 corpora
709 1573 810 1607 nuda
836 1572 1052 1607 intulissent
1077 1573 1115 1606 in
1143 1573 1279 1606 ciuium
1308 1575 1470 1613 coetum
1501 1571 1698 1606 uociferati
1724 1573 1812 1605 sunt

276 1632 326 1664 se,
335 1603 452 1664 C'quod
479 1622 601 1655 castra
627 1621 797 1655 Romana
823 1620 969 1665 ingredi
997 1620 1077 1654 ausi
1104 1622 1238 1664 essent,
1265 1631 1286 1654 a
1310 1620 1525 1655 oonsulibus
1547 1619 1661 1664 uirgis
1682 1629 1810 1653 caesos

276 1679 319 1701 ac
344 1679 458 1721 prope
485 1669 603 1702 securi
623 1679 816 1713 percussos
838 1679 925 1702 esse
963 1667 1139 1702 deformis
1160 1670 1292 1712 suapte
1313 1670 1447 1702 natura
1466 1678 1524 1702 res
1545 1678 1627 1701 cum
1650 1667 1811 1711 speciem

276 1716 434 1749 iniuriae
461 1716 581 1760 magis
608 1726 721 1759 quam
748 1715 824 1750 doli
850 1726 939 1759 prae
966 1726 1005 1750 se
1030 1715 1153 1758 ferret,
1180 1715 1356 1749 concitati
1383 1715 1551 1749 homines
1578 1716 1716 1759 cogunt
1736 1713 1811 1747 cla-

275 1773 376 1797 more
402 1774 466 1797 suo
494 1762 737 1808 magistratus
764 1765 932 1797 senatum
960 1774 1110 1805 uocaiffe
1142 1764 1179 1796 et
1208 1762 1272 1796 alii
1300 1763 1583 1797 circumstantes
1610 1761 1807 1796 concilium

274 1810 414 1844 bellum
441 1811 477 1844 in
501 1811 685 1844 Romanos
712 1812 881 1854 poscunt,
910 1810 975 1844 alii
999 1810 1045 1843 ad
1068 1810 1357 1844 concitandam'
1347 1822 1386 1843 m
1407 1821 1508 1843 arma
1528 1808 1809 1842 multitudinem

276 1857 479 1903 agrestium
506 1858 728 1900 discurrunt,
755 1857 993 1901 tumultuque
1020 1857 1133 1891 etiam
1160 1869 1269 1891 sanos
1296 1858 1555 1892 consternante
1583 1856 1725 1890 animos
1746 1856 1810 1889 de-

275 1905 448 1948 cernitur,
476 1908 517 1939 ut
537 1905 694 1940 societas
716 1917 798 1939 cum
820 1905 1049 1939 Samnitibus
1069 1907 1321 1947 renouaretur,
1349 1905 1539 1948 legatique
1561 1904 1608 1937 ad
1628 1914 1711 1938 eam
1730 1914 1808 1937 rem

274 1953 484 1987 mittuntur.
517 1953 713 1997 repentina
738 1963 795 1986 res
823 1952 910 1996 quia
937 1963 1049 1995 quam
1076 1963 1226 1986 causam
1252 1953 1394 1986 nullam
1421 1954 1497 1986 tam
1523 1962 1569 1986 ne
1595 1951 1705 1984 fidem
1727 1950 1809 1994 qui-

275 2001 357 2034 ‹lem
385 2000 559 2042 habebat,
587 2000 707 2034 coacti
733 2011 754 2034 a
775 1999 1004 2034 Samnitibus
1031 2000 1068 2034 et
1094 1999 1240 2033 obsides
1268 2000 1355 2034 dare
1383 2001 1419 2033 et
1443 1998 1635 2043 praesidia
1660 1999 1698 2032 in
1725 1998 1809 2032 loca

274 2047 420 2082 munita
441 2048 625 2092 accipere:
647 2048 748 2082 caeci
768 2047 899 2081 fraude
920 2049 957 2081 et
976 2047 1032 2081 ira
1052 2046 1147 2080 nihil
1160 2049 1388 2081 recusarunt.
1417 2047 1621 2080 dilucere
1643 2045 1808 2080 deinde

274 2095 401 2129 breui
430 2096 552 2129 fraus
580 2095 749 2139 coepit,
775 2097 974 2139 postquam
1001 2095 1196 2129 criminum
1218 2094 1394 2129 falsorum
1418 2096 1586 2128 auctores
1607 2093 1809 2127 Tarentum

274 2143 582 2187 commigrauere,
616 2143 679 2176 sed
713 2143 850 2176 amissa
882 2142 983 2177 omni
1015 2142 1060 2176 de
1087 2153 1124 2176 se
1151 2144 1338 2186 potestate
1364 2141 1460 2175 nihil
1488 2141 1601 2184 ultra,
1627 2151 1740 2184 quam
1766 2143 1809 2174 ut

275 2190 486 2234 paeniteret
511 2191 659 2232 frustra,
686 2190 862 2224 restabat.

371 2238 416 2272 17
445 2239 502 2273 hic
521 2239 650 2282 positi,
676 2240 764 2281 quia
790 2250 822 2272 a
846 2240 926 2272 321
948 2239 1019 2271 433
1044 2238 1159 2272 dicere
1178 2237 1301 2281 potunt
1322 2238 1494 2277 Pontius,
1520 2248 1601 2270 cum
1626 2237 1732 2270 etiam
1756 2236 1808 2269 al-

274 2290 389 2320 terum
415 2287 619 2328 consillum,
645 2286 741 2330 quod
760 2285 909 2320 dederat
928 2289 1036 2328 pater
1055 2285 1097 2318 (Ie
1118 2285 1296 2319 Romam
1319 2284 1421 2328 apud
1442 2284 1625 2319 Gaudium
1644 2284 1807 2324 inclusis,

274 2334 492 2377 repudiaret.
519 2334 596 2367 uid.
609 2313 704 2367 'Lm
728 2335 762 2375 9,
777 2336 879 2367 3—4.

371 2380 433 2415 18.
467 2382 587 2415 Antea
620 2381 728 2415 etiam
759 2381 860 2424 apud
886 2380 1041 2414 Liuium
1073 2380 1114 2413 de
1138 2379 1278 2421 foedere
1303 2390 1438 2422 semper
1462 2389 1574 2412 sermo
1600 2379 1740 2420 fuerat,
1766 2381 1807 2411 ut

274 2429 375 2471 apud
401 2429 493 2463 alios
519 2432 681 2462 auctores
707 2429 829 2462 (etiam
854 2428 895 2461 1η
916 2428 1087 2471 periocha
1116 2426 1278 2460 ‘foedere
1298 2437 1379 2460 cum
1403 2425 1632 2459 Samnitibus
1653 2425 1802 2468 fact0'>;

273 2487 373 2509 omme
398 2477 651 2519 anaqam-itam
677 2476 831 2519 aliquem
857 2476 1030 2518 sequitur.

372 2523 433 2557 15).
456 2524 527 2558 Res
545 2527 625 2566 post
643 2523 810 2564 furculas
832 2523 1022 2557 Caudinas
1043 2522 1179 2556 Romae
1197 2525 1314 2566 yestas
1333 2520 1590 2565 iutelleyendas
1608 2531 1679 2554 esse
1698 2519 1806 2562 facile

275 2575 437 2614 apparet.
472 2572 595 2605 minus
625 2571 766 2604 clarum
798 2574 863 2612 est,
897 2581 969 2614 qua
1000 2580 1037 2603 re
1065 2569 1195 2603 aitdita
1220 2569 1419 2612 propinqui
1445 2568 1610 2602 obsidum
1636 2568 1676 2601 ¹in
1702 2569 1805 2602 uiam

370 2689 443 2744 16,
475 2698 494 2732 1
526 2694 685 2731 Gladius
712 2695 748 2731 P
867 2696 889 2730 Ξ.)
919 2693 1096 2731 fallatias
1121 2694 1159 2731 R

369 2748 443 2802 17,
472 2755 496 2789 4
525 2749 626 2803 sese]
653 2760 696 2790 ee
726 2754 756 2800 Q
787 2765 868 2791 esse
896 2753 931 2789 Z
961 2765 999 2790 se
1027 2753 1147 2790 Hertz

368 2807 440 2861 18,
471 2814 492 2849 6
522 2813 651 2861 federe
680 2812 820 2849 Medic.
939 2813 962 2849 8
991 2814 1034 2850 ut
1060 2812 1152 2861 ulgo
1178 2805 1303 2848 Med}
1422 2812 1472 2847 13
1503 2807 1571 2847 cos
1595 2811 1686 2848 Par.
1720 2809 1806 2848 coss

275 2872 381 2909 Med.
