2002 3342
188 994 257 1024 490

188 1043 258 1085 26}

291 194 371 234 154
925 192 1181 234 RELIQVIAE

284 303 391 350 νοὺς
423 301 493 342 καὶ
530 303 799 352 Καμπανοὺς
834 299 905 341 καὶ
938 301 986 341 τὸ
1026 301 1300 352 καλούμενον
1335 303 1626 353 Πωμεντῖνον
1662 301 1816 342 πεδίον

285 375 408 407 σῖτον
442 366 548 407 ὅσον
583 365 637 407 ἂν
676 365 887 406 δύναιντο
927 369 1135 407 πλεῖστον
1174 364 1497 419 ὠνησομένους·
1539 367 1737 414 Πόπλιος
1769 363 1816 406 δὲ

286 431 529 486 Οὐαλέριος
567 432 637 472 καὶ
677 432 866 479 Λεύκιος
910 431 1118 484 Γεγάνιος
1154 432 1215 479 εἰς
1251 433 1462 472 Σικελίαν
1500 430 1816 487 ἀπεστάλησαν,

286 496 528 550 Οὐαλέριος
554 496 634 549 μὲν
660 496 757 545 υίὸς
783 494 845 537 ὢν
873 498 1148 549 Ποπλικόλα,
1184 497 1396 549 Γεγάνιος
1429 496 1476 537 δὲ
1508 495 1703 550 θατέρου
1729 502 1817 536 τῶν

284 561 464 602 ὑπάτων
491 562 693 615 ἀδελφός.
733 561 945 614 τύραννοι
974 559 1020 602 δὲ
1048 564 1144 603 τότε
1170 563 1277 603 κατὰ
1303 563 1452 611 πόλεις
1479 559 1559 615 μὲν
1580 557 1706 614 ἦσαν,
1728 560 1814 601 ε’πι-
1843 576 1858 602 5

285 626 555 682 φανέστατος
583 626 631 667 δὲ
659 625 809 668 Γέλων
837 625 858 667 ὁ
887 626 1186 678 Δεινομένους
1212 625 1369 667 νεωστὶ
1403 627 1483 680 τὴν
1503 624 1818 679 Ἱπποκράτους

284 699 362 734 τοῦ
390 692 586 747 ἀδελφοῦ
613 692 858 745 τυραννίδα
884 692 1184 745 παρειληφώς,
1221 690 1319 745 οὐχὶ
1347 692 1590 740 Διονύσιος
1621 690 1642 732 ὁ
1672 694 1817 745 Συρα-

284 758 482 811 κούσιος,
516 758 574 806 ὡς
607 758 835 806 Λικίννιος
868 756 1061 810 γέγραφε
1094 757 1166 798 καὶ
1195 755 1375 806 Γέλλιος
1407 755 1479 798 καὶ
1512 756 1636 798 ἄλλοι
1663 756 1818 810 συχνοὶ

283 831 372 864 τῶν
387 821 608 877 Ῥωμαίων
623 821 931 876 συγγραφέων,
947 822 1086 864 οὐθὲν
1101 821 1349 876 ἐξητακότες
1369 829 1457 863 τῶν
1476 821 1576 876 περὶ
1596 822 1700 870 τοὺς
1720 822 1819 875 χρό-

284 905 390 937 νους
417 887 626 942 ἀκριβῶς,
654 887 712 936 ὡς
738 887 845 929 αὐτὸ
873 888 1001 941 δηλοῖ
1027 884 1232 941 τοῦργον,
1259 885 1354 928 άλλ7
1383 888 1474 940 εἰκῆ
1501 887 1549 928 τὸ
1570 886 1817 941 προστυχὸν
1844 903 1878 926 10

285 953 651 1008 ἀποφαινόμενοι.

377 1017 480 1060 213.
532 1021 610 1060 Cic.
649 1023 698 1059 de
731 1023 857 1059 dium.
893 1022 929 1061 J,
957 1021 1024 1070 26,
1047 1022 1113 1059 55.
1166 1020 1312 1059 Omnes
1351 1021 1423 1058 hoc
1462 1020 1658 1069 historici,
1697 1018 1818 1068 Fabii,

286 1086 401 1125 Gellii
435 1086 504 1125 sed
539 1087 717 1137 proxime
745 1085 918 1124 Coelius:
953 1087 1049 1124 Cum
1081 1085 1183 1124 bello
1211 1086 1347 1124 Latino
1380 1085 1461 1124 ludi
1494 1085 1620 1124 uotiui
1646 1085 1818 1122 maxumi

285 1153 457 1203 primum
485 1152 642 1201 fierent,
680 1152 820 1190 ciuitas
854 1150 901 1189 ad
929 1163 1036 1189 arma
1064 1156 1227 1202 repente
1255 1156 1314 1189 est
1340 1152 1517 1189 excitata.
1558 1151 1687 1200 itaque
1716 1148 1817 1187 ludis

284 1218 524 1255 intermissis
551 1218 803 1255 instauratiui
830 1217 1034 1255 constituti
1061 1221 1162 1255 sunt.
1200 1218 1267 1267 qui
1294 1220 1502 1266 antequam
1529 1215 1680 1264 fierent,
1711 1225 1817 1252 eum-
1844 1226 1876 1252 15

285 1295 359 1333 que
388 1284 463 1320 iam
492 1282 660 1333 populus
688 1281 942 1332 consedisset,
971 1294 1110 1320 seruus
1138 1293 1209 1332 per
1235 1283 1400 1332 circum,
1425 1293 1513 1319 eum
1534 1281 1660 1330 uirgis
1681 1278 1817 1317 eaede-

284 1354 405 1397 1·61111·,
434 1349 584 1387 furcam
612 1348 742 1386 serens
772 1347 911 1386 duetus
939 1352 1009 1385 est.
1050 1348 1139 1385 exin
1167 1346 1321 1385 cuidam
1356 1347 1501 1385 rustico
1528 1345 1702 1384 Romano
1731 1344 1817 1382 dor-

284 1415 424 1452 mienti
437 1415 548 1452 uisus
564 1419 624 1452 651
637 1414 788 1463 uenire7
810 1414 877 1463 qui
894 1412 1043 1450 diceret
1065 1412 1285 1463 praesulem
1301 1412 1377 1450 sihi
1396 1424 1473 1450 non
1488 1411 1682 1463 placuisse
1704 1410 1818 1460 ludis,

284 1479 401 1530 idque
436 1478 482 1517 ab
510 1478 647 1517 eodem
674 1480 829 1517 iussum
856 1490 942 1516 esse
970 1490 1059 1516 eum
1087 1479 1240 1516 senatui
1266 1479 1467 1516 nuntiare:
1494 1477 1603 1515 illum
1628 1489 1705 1514 non
1733 1488 1818 1515 esse

284 1557 434 1583 ausum.
472 1545 614 1582 iterum
636 1556 723 1582 esse
751 1543 854 1582 idem
877 1545 1028 1582 iussum
1051 1549 1089 1581 61
1108 1545 1312 1592 monitum,
1339 1555 1387 1582 ne
1408 1544 1490 1581 uim
1512 1555 1622 1581 5113111
1647 1542 1817 1592 experiri
1845 1554 1878 1579 20

283 1609 419 1648 uellet:
447 1622 495 1648 ne
523 1615 606 1647 tum
635 1608 792 1660 quidem
822 1621 908 1647 esse
937 1621 1087 1647 ausum.
1127 1610 1216 1647 exin
1245 1608 1369 1647 filium
1391 1609 1475 1647 eius
1500 1620 1586 1646 esse
1609 1612 1818 1657 mortuum,

284 1674 449 1713 eandem
483 1676 522 1713 in
557 1676 705 1713 somnis
739 1674 1048 1713 admonitionem
1082 1675 1202 1712 fuisse
1237 1675 1404 1713 tertiam.
1445 1679 1527 1712 tum
1563 1672 1673 1711 illum
1701 1674 1818 1710 etiam

285 1740 454 1779 debilem
483 1741 627 1778 factum
655 1752 739 1778 rem
766 1739 812 1777 ad
841 1740 987 1777 amieos
1017 1739 1222 1789 detulisse,
1250 1751 1417 1790 quorum
1446 1738 1492 1777 de
1520 1739 1713 1776 sententia
1741 1737 1817 1775 lee-

284 1805 403 1844 ticula
440 1807 479 1844 in
513 1807 660 1844 curiam
697 1817 782 1843 esse
818 1804 1005 1855 (1613111111,
1042 1817 1208 1855 eumque
1243 1805 1396 1843 senatui
1430 1805 1625 1842 somnium
1662 1814 1818 1841 enarra-

284 1873 426 1921 1115561,
452 1870 620 1922 pedibus
642 1872 723 1909 suis
749 1870 900 1909 saluum
923 1871 1147 1909 reuertisse.
1186 1871 1317 1923 itaque
1346 1870 1497 1908 somnio
1526 1868 1776 1919 comprobato
1799 1880 1817 1905 3
1845 1880 1878 1906 25

285 1942 423 1975 senatu
450 1935 562 1974 ludos
590 1936 676 1974 illos
704 1937 847 1974 iterum
875 1937 1113 1974 instauratos
1140 1937 1353 1973 memoriae
1380 1934 1579 1985 proditum
1608 1939 1677 1972 651.

891 2068 961 2104 EX
989 2066 1147 2104 LIBRO
1176 2067 1211 2102 V

375 2152 448 2194 2⁸2.
488 2157 643 2195 Charis.
673 2157 696 2193 I
716 2168 760 2205 p.
784 2157 902 2194 54l1‘.
937 2155 1084 2193 Gellius
1113 2177 1167 2180 —
1197 2156 1235 2192 111
1265 2155 1307 2192 V:
1337 2153 1555 2192 Puellabus.
1579 2185 1585 2191 .
1608 2184 1645 2191 ..

870 2287 939 2323 EX
965 2285 1124 2324 LIBRO
1154 2286 1230 2323 VH

376 2372 450 2414 23.
485 2376 640 2414 Clmrt‘s.
663 2375 686 2413 1
712 2388 751 2424 p.
773 2376 893 2413 54112
941 2373 1089 2412 Gellius
1116 2397 1173 2400 —
1201 2375 1240 2412 in
1267 2373 1352 2412 Vll:
1379 2374 1453 2411 Pro
1482 2371 1631 2411 duabus
1660 2371 1817 2422 pudiea-

285 2441 367 2479 11115.
393 2471 400 2478 .
423 2472 430 2478 .
453 2471 461 2479 .

876 2513 945 2549 EX
972 2511 1130 2550 LIBRO
1158 2512 1229 2548 XV

376 2591 474 2634 [242⁴.
509 2596 691 2634 Macrob.
718 2600 792 2634 sat.
822 2596 859 2643 1,
881 2594 919 2642 8,
942 2595 978 2632 l.
1014 2593 1093 2632 Nec
1119 2606 1181 2632 me
1210 2594 1307 2644 sug-it
1335 2593 1501 2632 Gellium
1529 2592 1723 2637 seribere,
1757 2604 1816 2630 se-

381 2720 444 2755 21.
481 2721 560 2756 Vz'd.
591 2721 629 2766 Q.
654 2721 745 2755 Fab.
767 2722 859 2755 Pict.
881 2732 932 2765 qr.
955 2733 987 2754 α,
1008 2721 1053 2763 fr.
1077 2722 1123 2754 15
1155 2731 1232 2754 cum
1268 2719 1389 2754 adnot.
1417 2723 1449 2753 et
1476 2730 1590 2762 supra
1614 2731 1648 2763 p.
1672 2728 1805 2761 (v'll'sq

377 2839 450 2882 21.
482 2844 539 2891 Cf.
567 2857 705 2892 appar.
732 2845 784 2882 ad
810 2845 907 2881 Fal).
934 2845 984 2891 fr.
1009 2844 1063 2881 15
