2002 3342
470 240 507 274 L.
535 239 677 274 CINCII
704 238 939 273 ALIMENTI
966 238 1237 274 HISTORIAE.
1276 239 1319 273 fr.
1344 242 1432 273 1-6
1667 240 1720 279 41

285 345 339 392 [2.
360 346 461 382 Sera.
472 348 632 389 (auctus)
642 346 691 380 ad
706 346 805 391 Very.
815 357 932 392 yeorq.
942 350 974 388 1,
985 349 1041 380 10.
1057 344 1204 379 Cincius
1219 347 1255 379 et
1264 344 1410 380 Cassius
1425 345 1531 380 aiunt
1545 344 1592 379 ab
1602 345 1725 379 Euan-

190 400 255 434 dro
270 399 438 434 Faunum
453 399 563 433 deum
578 398 823 443 appellatum,
844 399 1003 443 ideoque
1025 398 1136 433 aedes
1157 409 1281 432 sacras
1302 399 1434 433 saunas
1455 399 1574 443 primo
1597 398 1724 443 appel-

189 452 297 494 latas,
323 455 453 497 postea
474 452 561 486 fana
582 452 694 494 dicta,
721 454 758 487 et
781 463 825 486 ex
846 462 888 486 eo
910 452 972 495 qui
992 451 1120 485 futura
1139 452 1397 495 praecinerent
1418 452 1601 486 fanaticos
1623 452 1723 498 dici]

280 507 323 551 3.
363 511 527 559 Dionys.
556 510 594 558 1,
629 510 695 548 79.
745 508 858 560 Περὶ
897 507 945 548 δὲ
983 513 1073 548 τῶν
1111 506 1158 547 ἐκ
1195 513 1270 560 τῆς
1302 506 1434 556 Ἰλίας
1472 506 1724 561 γενομένων

153 590 167 616 5
190 575 378 622 Κόιντος
398 570 480 625 μὲν
503 572 668 626 Φάβιος
690 572 712 614 ὁ
734 573 912 625 Πίκτωρ
935 573 1185 626 λεγόμενος,
1212 567 1246 628 ᾦ
1267 572 1454 621 Λεύκιός
1475 588 1519 613 τε
1541 574 1723 625 Κίγκιος

187 639 259 679 καὶ
292 638 451 679 Κάτων
478 639 672 691 Πόρκιος
698 636 770 678 καὶ
798 638 975 679 Πείσων
1004 637 1316 691 Καλπούρνιος
1350 638 1421 679 καὶ
1453 645 1542 678 τῶν
1574 638 1724 679 ἄλλων

187 702 481 757 συγγραφέων
519 703 560 743 οἱ
598 703 778 752 πλείους
812 703 1146 757 ἠκολούθησαν,
1183 701 1406 756 γέγραφεν
1432 719 1467 743 κ.
1481 718 1515 744 τ.
1534 705 1570 744 λ.
1620 707 1724 744 haec

186 773 311 810 habes
333 772 406 809 sub
433 771 559 809 Fabio
586 772 750 809 Pictore
771 771 826 820 fr.
855 771 881 808 5
891 768 915 821 ‘²7
932 783 977 820 Ρ.
1005 770 1164 808 8-19.

276 832 321 876 4.
354 837 518 884 Dionys.
537 840 572 884 1,
590 836 656 884 74,
674 836 710 874 1.
767 832 855 874 Τὸν
888 833 936 875 δὲ
968 836 1221 874 τελευταῖον
1254 835 1495 886 γενόμενον
1527 831 1720 887 τῆςῬώ-

132 915 167 940 ιο
185 915 268 952 μης
299 898 501 952 οἰκισμὸν
532 897 557 952 ἢ
590 901 736 939 κτίσιν
768 897 793 951 ἦ
827 898 894 939 ὅτι
932 899 1094 952 δήποτε
1130 899 1210 953 χρὴ
1244 901 1394 939 καλεῖν
1428 923 1480 927 —
1508 899 1718 952 γενέσθαι

186 964 293 1017 φησὶ
320 988 375 993 -
403 963 590 1012 Λεύκιος
627 963 675 1004 δὲ
708 965 912 1016 Κίγκιος,
950 963 1061 1018 ἀνὴρ
1101 970 1190 1004 τῶν
1228 962 1274 1005 ἐκ
1308 969 1388 1004 τοῦ
1429 966 1718 1011 βουλευτικοῦ

186 1029 436 1083 συνεδρίου,
462 1027 560 1082 περὶ
588 1029 636 1070 τὸ
664 1027 872 1082 τέταρτον
898 1030 991 1078 ἔτος
1016 1035 1092 1082 τῆς
1119 1029 1368 1082 δωδεκάτης
1396 1028 1677 1080 ὀλυμπιάδος.

275 1093 318 1135 5.
359 1097 523 1145 Dionys.
544 1096 583 1144 2,
597 1095 666 1144 38,
681 1096 719 1134 3.
758 1094 847 1134 Καὶ
874 1093 1012 1147 αὐτὴν
1041 1093 1324 1148 [Τάρπειαν],
1358 1094 1414 1142 ὡς
1440 1091 1521 1147 μὲν
1554 1094 1719 1147 Φάβιός

184 1174 228 1200 τε
254 1158 324 1200 καὶ
351 1159 532 1212 Κίγκιος
558 1158 821 1212 γράφουσιν,
847 1157 955 1213 ἔρως
982 1158 1220 1213 εἰσέρχεται
1247 1167 1336 1200 τῶν
1362 1161 1553 1209 ψελλίων
1581 1175 1617 1200 κ.
1632 1175 1666 1200 τ.
1683 1162 1717 1200 λ.

130 1241 163 1266 15
185 1228 236 1273 (c.
264 1227 339 1274 39)
374 1224 419 1265 οἱ
449 1221 495 1265 δὲ
527 1224 625 1278 περὶ
659 1224 736 1265 τὸν
766 1223 939 1277 Φάβιόν
970 1240 1016 1266 τε
1047 1223 1119 1266 καὶ
1153 1226 1343 1278 Κίγκιον
1376 1221 1511 1266 οὐδὲν
1542 1231 1717 1266 τοιοῦτο

183 1288 410 1342 γεγονέναι
444 1288 651 1342 λέγουσιν
682 1305 718 1330 κ.
740 1305 774 1330 τ.
794 1292 829 1330 λ.
883 1294 976 1331 uide
1007 1294 1110 1331 haec
1140 1294 1213 1331 sub
1246 1293 1373 1331 Fabio
1408 1294 1572 1331 Pictore
1600 1292 1654 1341 fr.
1678 1292 1715 1342 8,

177 1370 217 1406 p.
246 1357 432 1395 19—21.

271 1419 316 1462 6.
349 1423 514 1471 Dionys
533 1422 599 1470 12,
620 1423 659 1470 4,
682 1422 808 1461 2—5.
859 1419 907 1461 Οἱ
941 1418 1023 1472 μὲν
1055 1421 1109 1474 δὴ
1142 1421 1194 1461 τὰ
1226 1420 1516 1462 πιθανώτατά
1541 1436 1616 1473 μοι
1643 1421 1715 1461 δο-

182 1491 363 1533 κοῦντες
395 1485 584 1538 γράφειν
615 1485 714 1538 περὶ
747 1491 822 1539 τῆς
849 1487 1049 1527 Μαιλίου
1082 1488 1286 1540 τελευτῆς
1318 1485 1432 1527 οὕτω
1462 1486 1716 1540 παραδεδώ-

182 1635 354 1670 attulisse
381 1638 538 1670 constat.
578 1642 694 1680 quas?
733 1651 756 1671 α
777 1639 799 1683 β
820 1652 838 1682 y
860 1639 882 1672 ὃ
902 1651 917 1672 ε
939 1651 951 1671 ι
972 1652 993 1672 κ
1013 1640 1031 1672 λ
1051 1652 1076 1682 μ
1096 1652 1117 1672 v
1138 1651 1156 1673 ο
1176 1651 1203 1672 π
1225 1652 1243 1681 ρ
1265 1649 1284 1672 σ
1303 1652 1322 1672 τ
1343 1652 1384 1681 υς
1410 1638 1527 1682 iisque
1555 1638 1715 1672 Troiano

181 1683 280 1719 bello
300 1683 537 1718 Palamedem
566 1684 754 1718 addidisse
782 1686 943 1729 quatuor
968 1699 989 1729 η
1010 1693 1040 1729 ψ
1061 1699 1082 1730 χ
1103 1700 1148 1730 φ,
1175 1687 1260 1730 post
1287 1696 1371 1720 eum
1391 1686 1618 1720 Simonidem
1639 1696 1715 1719 me-

180 1730 293 1765 licum
320 1730 523 1766 totidem
505 1747 520 1772 's
541 1732 559 1773 ξ
580 1746 606 1766 ω
627 1734 667 1767 θ
695 1732 765 1766 hae
787 1735 938 1767 auctore
959 1733 1145 1775 Euandiqo
1173 1736 1215 1767 ut
1236 1733 1390 1776 quidam
1415 1733 1559 1777 uolunt,
1585 1735 1628 1767 ut
1649 1733 1714 1767 alii

179 1778 339 1813 Hercule
364 1778 403 1812 in
423 1778 570 1813 Italiam
597 1790 618 1813 a
638 1779 805 1838 Pelasgis
832 1780 983 1815 adlatae
1010 1781 1716 1826 5111115.Βοῆοῑ.αιῑΕιιιιΡΟνεεί.432

172 1837 212 1870 Ρ.
226 1836 309 1883 ΗΡ.
327 1829 396 1861 139
412 1827 506 1861 Dola
532 1823 640 1867 οὗτος
659 1825 678 1862 ὁ
694 1828 924 1872 Παλαμήδης
943 1827 1084 1872 λέγεται
1105 1828 1302 1873 εὑρηκέναι
1323 1828 1372 1870 ιζ’
1387 1842 1583 1873 γραμματα
1607 1827 1713 1872 μήπω

177 1873 258 1908 τότε
278 1872 380 1916 ὄντα,
401 1874 489 1908 ἀλλὰ
513 1873 698 1909 Φοινίκων
713 1874 924 1919 γράμμασιν
939 1875 1096 1920 ἐχρῶντο
1118 1875 1152 1910 οἱ
1163 1875 1375 1919 ἄνθρωποι,
1397 1876 1499 1911 ἄλλοι
1519 1876 1559 1910 δὲ
1579 1875 1712 1916 ἄλλοις

274 1920 311 1955 2.
341 1921 396 1964 Cf.
424 1922 597 1965 (Fronto)
625 1922 667 1957 de
693 1923 772 1965 diff.
798 1934 875 1958 uoc.
906 1924 1040 1968 VHp.
1063 1924 1218 1958 523K.:
1264 1924 1406 1957 Fanum
1433 1924 1559 1958 Fauno
1588 1934 1713 1958 eonse-

179 1970 333 2010 cr‚atum
359 1969 458 2003 unde
481 1969 599 2003 Fauni
625 1969 915 2014 appellabantur
939 1970 1043 2015 prius
1070 1973 1107 2005 et
1132 1971 1189 2005 illi
1215 1971 1279 2014 qui
1307 1971 1615 2005 uaticinabantur
1639 1972 1714 2016 [sic

177 2027 327 2060 scrzpsz;
353 2017 590 2060 uagabantur
612 2017 739 2063 moly]
764 2017 929 2052 fanatici.
970 2019 1078 2054 Prob.
1100 2019 1150 2053 ad
1178 2020 1276 2064 Very.
1304 2023 1548 2064 yeor(1.1,IO:
1575 2018 1712 2052 Existi-

177 2066 301 2097 matur
327 2066 451 2098 autem
478 2063 592 2098 fuisse
618 2064 767 2098 Faunus
794 2076 857 2099 rex
883 2065 1146 2110 Aboriginum,
1180 2066 1244 2109 qui
1277 2066 1376 2100 ciues
1409 2078 1493 2100 suos
1526 2066 1711 2100 mitiorem

177 2111 295 2145 uitam
322 2111 489 2145 docuerit
514 2111 590 2145 ritu
616 2112 778 2146 ferarum
804 2113 975 2147 uiuentes
1002 2116 1040 2147 et
1064 2113 1206 2157 primus
1239 2114 1322 2148 loca
1354 2114 1463 2148 certis
1496 2113 1711 2147 numinibus

179 2158 406 2204 [nominibus
432 2159 549 2205 codd]
578 2161 614 2193 et
647 2159 818 2194 aedificia
850 2160 1035 2203 quaedam
1067 2161 1242 2205 locosque
1272 2161 1494 2203 sacrauerit‚
1527 2172 1547 2194 a
1576 2172 1647 2205 quo
1675 2163 1712 2194 et

176 2206 266 2239 fana
293 2207 378 2239 sunt
404 2206 517 2240 dicta
558 2207 697 2241 Merkel
721 2209 811 2250 prol.
840 2209 889 2242 ad
918 2208 1025 2242 Ouid
1051 2209 1137 2250 fast.
1160 2220 1199 2252 Ρ.
1222 2218 1304 2243 cell.

271 2251 308 2287 4.
337 2254 479 2287 Eadem
507 2265 566 2288 (ex
592 2254 791 2299 Dzonysz'O)
819 2255 1008 2299 Syncellus
1027 2267 1067 2299 Ρ
1089 2258 1160 2290 365
1188 2256 1325 2290 Dum..-
1365 2254 1521 2299 Τίμαιος
1546 2255 1612 2299 μὲν
1638 2256 1710 2299 πρὸ

175 2300 211 2343 η’
236 2301 298 2334 καὶ
325 2302 352 2334 λ’
381 2306 444 2345 τῆς
468 2302 614 2345 πρώτης
641 2300 868 2345 ὀλυμπιαδος
892 2302 1007 2347 λέγων
1034 2304 1125 2337 ἐτῶν
1151 2301 1345 2338 ἐκτισθαι
1350 2304 1491 2347 Ρώμην,
1518 2303 1711 2342 Λεύκιος

176 2347 217 2383 δὲ
243 2347 456 2392 Κίγκλιος
481 2349 588 2394 [51',C]
624 2347 676 2388 εἷς
706 2363 771 2383 του
804 2351 1044 2394 βουλευτικοῦ
1072 2349 1268 2393 συνεδριου
1289 2349 1443 2394 Ρώμης,
1479 2350 1574 2384 κατὰ
1600 2351 1641 2384 τὸ
1669 2350 1708 2384 δ’

176 2395 255 2435 ἔτος
273 2401 337 2440 τῆς
357 2395 408 2439 ιβ’
432 2396 670 2439 ὀλυμπιάδος
698 2397 828 2432 Euseb.
844 2398 964 2432 chron.
980 2409 1019 2441 Ρ.
1036 2400 1105 2432 135
1122 2398 1255 2433 Kar-:st
1282 2398 1440 2432 Leukios
1462 2397 1526 2431 der
1541 2397 1710 2432 Kinklier

175 2442 280 2485 aber,
314 2443 372 2477 ein
399 2443 512 2477 Mann
539 2455 608 2478 von
642 2444 706 2478 der
732 2445 1254 2490 Ratsherrenversammlung‚
1288 2457 1351 2479 um
1385 2445 1450 2479 das
1478 2445 1592 2479 vierte
1618 2445 1709 2479 Jahr

175 2490 240 2524 der
262 2493 315 2523 12.
337 2489 568 2535 Olympiade
607 2491 720 2526 Solia.
743 2495 776 2534 1,
794 2494 862 2526 27.·
889 2491 1044 2527 Cincio
1064 2492 1221 2527 Romam
1249 2493 1469 2527 duodecima
1496 2493 1707 2538 [duodecim

174 2537 353 2583 Sangala]
380 2537 592 2582 olympiade
617 2538 743 2583 placet
769 2540 971 2582 conditam
997 2540 1133 2574 Pictori
1160 2542 1305 2575 octaua
1341 2541 1420 2575 Vzd.
1441 2552 1467 2575 s.
1483 2552 1523 2584 Ρ.
1541 2550 1640 2574 cxli

269 2584 307 2619 (3.
338 2585 416 2619 Vici.
436 2597 603 2631 ειιΡναΡ.
620 2596 697 2621 (Χι
703 2598 752 2631 sq.
792 2589 867 2622 Pzsss
895 2588 942 2629 fr.
963 2591 1020 2622 24.
1061 2593 1170 2622 antea
1196 2589 1403 2633 Dionys-tus
1434 2589 1621 2632 uulgarem
1649 2589 1707 2631 fa-

173 2643 269 2666 mam
294 2633 336 2666 de
360 2633 573 2677 ΒΡ.1ἾΙαεΖι“ι’
603 2635 752 2669 consili)
784 2646 961 2680 reynoque
987 2646 1068 2669 cum
1094 2636 1208 2670 Lzzcco
1236 2638 1285 2678 (4,
1307 2638 1463 2678 13—16)
1492 2636 1708 2680 plerumque

263 2769 289 2811 ‘2
324 2786 368 2811 ex
396 2775 569 2813 Thilonis
596 2777 705 2814 libris
731 2777 836 2814 solus
860 2777 973 2815 habet
998 2777 1177 2814 Lcidens.

261 2828 305 2871 4.
333 2834 378 2879 cf.
407 2846 543 2882 αΡΡαν.
571 2836 623 2872 ad
649 2836 747 2873 Fab.
774 2836 867 2874 Picl.
894 2838 944 2883 fr.
971 2838 995 2873 6

262 2889 307 2942 6,
332 2893 383 2930 18
413 2908 488 2942 μου
515 2895 628 2932 codem
753 2897 804 2933 19
835 2895 1015 2941 Μάλλιος
1042 2896 1103 2933 uel
1122 2894 1280 2941 ,Μάλιος
1306 2897 1531 2933 nominatam·
1555 2894 1599 2932 in
1625 2895 1703 2933 cod.

1750 833 1816 863 729

1766 888 1797 911 a.

1746 922 1827 958 Chr.

1744 1400 1812 1451 42—39

1744 1460 1811 1490 315
