2002 3342
545 210 584 252 Q.
606 210 841 245 CLAVDIVS
870 209 1233 251 QVADRIGARIVS
1470 223 1652 252 (jcxcvn

215 322 292 360 lam
329 335 425 360 uero
462 327 622 372 quartae
659 322 898 372 quintaeque
938 321 1096 359 decadis
1130 321 1426 360 considerantes
1463 326 1655 359 texturam

127 387 392 438 Polyltianani,
420 387 545 438 qualis
573 400 592 425 a
620 386 785 424 Nisseno
814 386 1003 437 explicata
1033 391 1109 436 est,
1141 399 1227 424 raro
1256 386 1330 424 tilis
1358 386 1555 424 annalium
1584 385 1656 423 no-

127 465 330 491 manorum
372 452 613 501 distinctam,
654 464 731 490 non
771 452 904 503 plures
938 453 1218 502 grauioresque
1254 452 1522 491 dissensiones
1555 453 1660 490 inter

127 524 325 555 auctorem
361 517 553 555 Graecum
591 517 828 568 annalesque
863 516 1056 555 Romanos
1091 530 1109 554 a
1147 517 1256 555 Liuio
1291 517 1585 555 animaduersas
1622 523 1660 555 et

127 590 278 621 notatas
306 596 391 621 esse
420 584 620 620 miramur.
662 588 726 621 aut
753 583 874 633 igitur
900 581 1049 619 taeduit
1076 593 1177 631 eum,
1205 587 1457 633 posteaquam
1486 582 1591 620 illius
1613 581 1659 619 de

128 648 246 686 rebus
275 647 435 686 Graecis
463 648 734 686 auctoritatem
757 649 901 686 ceteris
922 646 1044 685 multo
1066 648 1312 698 superiorem
1336 660 1422 686 esse
1448 648 1660 698 perspexit,

128 726 216 752 cum
244 715 369 752 maior
395 725 486 764 pars
519 713 706 751 historiae
734 714 772 751 in
802 725 844 751 ea
873 713 1034 763 regione
1061 718 1304 763 uersaretur,
1332 713 1490 751 annales
1517 712 1661 751 Romae

129 779 327 817 contectos
356 778 564 828 diligenter
592 790 820 829 comparare
850 777 1213 828 discrepantiasque
1238 779 1470 828 consignare
1498 782 1535 815 ct
1562 790 1661 815 36111-

127 856 199 895 per
226 844 352 882 denuo
374 843 567 893 refellere,
595 849 660 882 aut.
681 849 794 882 tenor
814 844 1052 881 narrationis
1074 842 1273 881 annalium
1295 843 1335 881 in
1357 841 1551 893 capitibus
1573 854 1662 880 cum

130 909 286 960 Polybio
310 908 592 959 consentiebat,
612 914 652 947 ut
670 909 805 947 Liuius
827 921 945 959 opera
967 907 1219 958 comparandi
1235 907 1495 958 supersedere
1518 912 1662 957 posset.

130 976 237 1025 atqui
273 976 376 1013 111161
411 987 597 1013 numeros
630 974 778 1025 polybii
815 979 853 1012 et
886 973 1085 1012 annalium
1121 972 1306 1011 notabilis
1341 972 1531 1023 quaedam
1567 973 1664 1010 ratio

130 1041 225 1078 baec
252 1039 478 1078 intercedit:

220 1102 288 1155 33,
304 1103 412 1155 30,S
441 1104 486 1143 de
514 1104 687 1155 pondere
715 1106 867 1155 argenti
894 1103 1099 1154 uectigalis
1126 1103 1312 1141 Romanis
1340 1116 1359 1141 a
1387 1102 1666 1141 Macedonibus

132 1170 310 1209 soluendi
338 1170 512 1209 Valerius
540 1183 628 1208 cum
656 1170 814 1221 Polybio
844 1170 1050 1219 consentit,
1078 1168 1264 1207 Claudius
1293 1167 1529 1218 duplicauit,

221 1234 289 1287 33,
305 1234 370 1286 10,
385 1233 410 1274 9
439 1247 646 1274 11111116111111
667 1235 838 1274 hostium
862 1247 1065 1273 caesorum
1087 1233 1236 1285 polybii
1258 1234 1435 1271 Valerius
1457 1234 1666 1283 quinquies

132 1303 250 1351 auxit,
277 1301 462 1340 Claudius
490 1306 639 1351 quater,
665 1300 732 1339 ubi
761 1312 951 1339 numerus
981 1305 1182 1350 captorum
1210 1299 1325 1350 paulo
1353 1304 1490 1337 auctus
1518 1304 1583 1336 aut
1611 1297 1666 1336 di-

134 1369 308 1406 minutus
336 1372 412 1418 est3

224 1429 291 1482 38,
307 1430 374 1483 23,
391 1430 415 1471 6
437 1444 645 1470 numerum
667 1437 869 1482 captorum
884 1430 1035 1481 Polybii
1052 1426 1127 1483 (40
1142 1425 1249 1482 OOO)
1271 1428 1457 1468 Claudius
1479 1429 1525 1467 ad
1547 1430 1668 1467 inter-

136 1498 257 1535 fectos
284 1496 495 1546 transtulit,
522 1496 705 1535 Valerius
734 1501 869 1547 quarta
898 1501 1009 1546 parte
1037 1499 1243 1533 contentus
1272 1495 1355 1533 11111.

225 1562 372 1607 Quodsi
406 1561 602 1600 annalium
638 1563 851 1612 scriptores
887 1574 931 1599 ex
966 1560 1128 1599 libidine
1163 1573 1231 1598 sua
1260 1572 1456 1611 quemque
1484 1572 1669 1598 numeros

137 1629 297 1666 tinxisse
325 1633 488 1677 constat,
514 1632 557 1666 ut
583 1627 817 1678 plerumque
845 1628 948 1664 inter
975 1638 1015 1664 36
1037 1627 1251 1675 uariarent,
1278 1625 1342 1663 illa
1364 1627 1462 1664 ratio
1484 1637 1556 1663 1166
1577 1637 1671 1663 casu

137 1698 219 1731 orta
249 1705 333 1731 esse
362 1698 491 1743 potest
514 1705 587 1730 1166
611 1705 656 1730 ex
680 1692 927 1731 diuersorum
949 1697 1295 1729 monumentorum
1317 1703 1404 1741 11311,
1431 1690 1499 1729 sed
1521 1703 1564 1729 ex
1587 1703 1671 1729 mu·

139 1759 227 1796 tatis
256 1757 403 1795 eisdem
432 1758 628 1807 numeris,
656 1770 753 1808 quos
781 1756 883 1808 apud
911 1755 1070 1794 eosdem
1097 1757 1344 1795 inuenerant.
1384 1761 1466 1794 tum
1493 1768 1588 1794 uero
1616 1757 1672 1794 eis

139 1822 410 1873 scriptoribus,
438 1824 505 1873 qui
532 1822 736 1861 historiam
759 1822 974 1861 Romanam
1002 1833 1074 1873 per
1100 1820 1220 1859 libros
1246 1833 1370 1871 paene
1397 1826 1553 1859 centum
1579 1820 1671 1859 dila-

138 1893 278 1938 tarent,
293 1894 335 1927 ut
356 1888 553 1926 annalium
576 1889 835 1926 maximorum
857 1888 1102 1926 ieiunitatem
1119 1892 1356 1925 exornarent
1372 1892 1411 1925 et
1431 1886 1674 1937 supplerent,

140 1954 185 1993 ad
200 1953 423 1992 uberiorem
438 1955 654 2004 materiam,
670 1966 745 2004 qua
761 1959 850 1992 ante
873 1966 939 1992 eos
954 1958 1085 2004 partes
1101 1951 1292 2003 quaedam
1313 1951 1533 2003 descriptae
1551 1958 1674 2002 erant,

141 2020 336 2069 refugium
358 2018 524 2069 patebat.
552 2019 684 2070 itaque
701 2032 719 2057 a
735 2018 906 2069 Valerio,
928 2020 1002 2057 etsi
1024 2030 1094 2056 suo
1115 2018 1272 2067 ingenio
1288 2017 1440 2055 abunde
1462 2029 1558 2056 usus
1573 2022 1674 2055 totas

140 2084 233 2123 belli
261 2084 529 2135 expeditiones
557 2085 803 2135 excogitauit,
833 2089 963 2122 tamen
991 2089 1033 2122 ut
1060 2083 1106 2121 ab
1135 2084 1220 2121 elus
1247 2082 1399 2121 aemulo
1427 2082 1538 2121 Liuio
1565 2081 1674 2133 Poly-

141 2149 249 2188 bium
282 2161 359 2187 non
393 2154 567 2200 spretum
602 2161 688 2188 esse
728 2149 929 2200 probabile
963 2154 1039 2199 est,
1070 2148 1253 2199 idemque
1283 2147 1329 2186 de
1357 2147 1534 2198 Claudio,
1570 2152 1675 2198 post·

143 2227 259 2265 quam
281 2213 327 2251 ab
349 2214 470 2252 Acilio
501 2213 710 2253 destitutus
733 2220 802 2265 est,
832 2214 909 2252 dici
930 2219 1069 2265 potest.
1108 2215 1265 2264 ignotus
1287 2217 1393 2251 certe
1416 2214 1471 2251 eis
1493 2225 1569 2250 non
1592 2213 1676 2251 fuit.

234 2279 464 2317 Dissensum
502 2284 631 2317 autem
665 2279 815 2330 Polyhii
851 2285 889 2318 et
925 2279 1123 2317 annalium
1159 2279 1397 2329 scriptorum
1430 2279 1470 2316 in
1501 2279 1678 2316 numeris

147 2344 365 2395 talibusque
392 2345 570 2383 minutiis
599 2344 914 2383 animaduertere
944 2350 982 2382 et
1002 2349 1150 2393 notare,
1175 2343 1249 2381 hoc
1271 2344 1386 2381 etiam
1409 2342 1509 2381 tardi
1530 2344 1679 2392 ingenii

146 2411 230 2460 11111,
257 2409 325 2447 sed
353 2409 490 2447 Liuius
517 2422 566 2448 ne
594 2411 799 2460 grauiores
828 2408 986 2460 quidem
1016 2409 1311 2459 discrepantias,
1338 2409 1505 2446 maxime
1529 2407 1678 2458 Polybii

147 2487 234 2513 611111
262 2474 425 2523 Valerio,
453 2487 493 2512 se
523 2475 670 2524 fugisse
698 2476 781 2526 ipse
810 2474 956 2525 aliquot
982 2474 1079 2512 locis
1107 2478 1271 2512 testatus
1298 2479 1374 2524 est,
1401 2485 1498 2524 quae
1526 2474 1559 2511 si
1585 2485 1678 2524 pau-

149 2542 277 2578 ciores
305 2546 397 2578 sunt
423 2552 538 2591 qnam
567 2552 636 2590 pro
664 2542 814 2578 incerta
843 2552 974 2578 rerum
1010 2540 1108 2577 sama
1137 2544 1175 2576 et.
1206 2538 1318 2588 longa
1346 2550 1537 2576 annorum
1564 2539 1679 2588 serie,

148 2606 373 2643 coniectura
408 2605 455 2643 ad
489 2617 724 2643 consensum
760 2604 930 2643 Graecae
965 2610 1003 2642 et
1028 2604 1224 2642 Romanae
1257 2604 1470 2641 memoriae
1502 2609 1591 2641 ante
1618 2603 1680 2641 Li-

147 2672 256 2709 uium
280 2669 325 2708 de
347 2669 547 2721 plerisque
569 2670 688 2708 rebus
709 2672 967 2708 constitutum
991 2669 1234 2719 deducimur,
1262 2669 1312 2707 ita
1339 2673 1482 2719 tamen,
1508 2674 1551 2707 ut
1571 2667 1679 2707 illum

156 2736 357 2786 puriorem
379 2735 525 2773 sontem
546 2734 809 2774 Romanorum
838 2734 1034 2786 superbia,
1060 2733 1319 2785 neglegentia,
1344 2734 1575 2784 ignorantia,
1600 2740 1682 2771 arte

158 2799 352 2838 rhetorica
388 2800 604 2851 gentilique
640 2799 851 2839 ambitione
883 2801 1072 2838 miserum
1106 2800 1144 2837 in
1178 2799 1337 2838 modum
1369 2798 1567 2837 turbatum
1595 2810 1681 2837 esse

152 2866 421 2916 respiciamus.
462 2865 529 2903 sed
558 2864 604 2903 ad
632 2877 715 2903 eam
744 2867 1014 2916 quaestionem
1043 2864 1323 2903 reuertendum
1352 2865 1437 2902 erit.
