2002 3342
286 218 371 258 226
923 216 1182 258 RELIQVIAE

290 327 530 367 ceciderunt.
557 350 614 355 —
642 350 695 354 ——
732 327 915 366 Claudius
948 340 1104 378 quoque
1139 326 1213 366 duo
1247 332 1285 366 et
1317 329 1475 378 triginta
1509 328 1614 367 milia
1646 329 1819 368 hostium

286 406 397 431 caesa
427 392 575 444 scribit,
603 398 713 444 capta
741 398 925 443 quattuor
950 392 1057 431 milia
1085 397 1123 430 et
1148 397 1356 431 trecentos.

188 434 258 484 Q
376 454 480 496 63³².
516 458 592 496 [Σίν
626 459 682 496 33
709 459 778 496 30.
813 458 961 496 Paucos
997 463 1074 495 Jost
1095 457 1178 495 dies
1201 457 1334 496 decem
1356 457 1472 496 lesrati
1494 457 1539 496 ab
1560 458 1591 496 R
1805 482 1818 487 -

188 493 257 524 558
410 480 419 493 ι
597 490 604 497 .
685 490 694 507 ,
986 471 997 508 1
1395 488 1415 508 e
1595 471 1679 497 orna
1700 471 1800 498 uene

285 529 394 574 runt7
431 535 597 574 quorum
636 535 680 561 ex
719 522 882 561 consilio
914 535 989 573 pax
1024 522 1109 560 data
1142 522 1320 573 Philippo
1353 524 1393 561 111
1426 523 1495 561 1135
1528 523 1634 574 leges
1667 530 1742 575 est,
1776 528 1821 563 ut

285 600 421 626 omnes
443 587 682 626 Graecorum
711 589 903 638 ciuitates,
931 599 1030 638 quae
1057 588 1097 625 in
1118 586 1272 638 Europa
1301 600 1478 639 quaeque
1506 590 1545 626 in
1566 589 1655 627 Asia
1676 595 1819 640 essent,
1839 607 1859 631 5

284 653 504 692 libertatem
533 666 576 691 ac
603 665 692 691 51135
719 653 910 691 haherent
936 653 1060 705 leges3
1089 665 1187 703 quae
1215 665 1348 691 earum
1377 653 1448 692 sub
1477 653 1629 692 dicione
1650 654 1819 706 Philippi

284 719 470 769 fuissent,
502 718 699 769 praesidia
733 731 779 757 ex
811 719 860 756 iis
892 717 1095 768 Philippus
1135 716 1348 756 deduceret
1384 731 1608 769 uacuasque
1646 719 1821 758 traderet

284 783 471 822 Romanis
499 789 587 822 ante
609 783 864 822 Isthmiorum
893 789 1059 833 tenipus.
1098 781 1311 822 deduceret
1331 788 1370 821 et
1391 795 1436 821 ex
1463 784 1522 834 iis,
1550 796 1648 834 quae
1669 784 1710 822 in
1729 784 1819 823 Asia

285 854 428 900 essent,
456 848 627 887 Euromo
654 848 892 899 Pedasisque
921 854 959 886 et
985 847 1176 898 Bargyliis
1209 853 1247 886 et
1272 848 1356 887 Iaso
1390 853 1429 887 et
1453 848 1603 900 Myrina
1630 854 1667 888 et
1686 849 1819 900 Abydo

285 919 325 953 et
344 914 472 952 Thaso
501 919 538 952 et
558 913 762 952 Perintho:
791 926 855 952 eas
877 925 1031 964 quoque
1054 914 1159 952 enim
1186 912 1342 964 placere
1365 913 1508 952 liberas
1529 926 1626 952 esse.
1667 914 1713 953 de
1735 914 1819 953 Cia-
1840 933 1878 956 10

285 992 424 1018 norum
460 979 643 1018 libertate
671 978 897 1024 Quinctium
924 979 1086 1017 Prusiae
1113 978 1371 1029 Bithynorum
1404 980 1488 1029 regi
1521 979 1696 1018 scribere
1727 979 1820 1030 quid

284 1046 439 1083 senatui
466 1050 504 1083 et
533 1044 668 1083 decem
696 1044 833 1095 legatis
860 1044 1084 1095 placuisset.
1124 1045 1300 1094 captiuos
1328 1045 1629 1095 transfugasque
1654 1043 1820 1082 reddere

284 1109 509 1161 Philippum
536 1109 723 1148 Romanis
757 1115 794 1148 et
826 1111 939 1148 nauis
973 1110 1100 1147 omnis
1132 1114 1256 1147 tectas
1281 1108 1437 1147 tradere
1463 1115 1620 1160 praeter
1646 1110 1820 1160 quinque

285 1180 323 1213 et
350 1177 498 1225 regiam
525 1187 643 1213 unam
671 1175 856 1213 inhabilis
883 1187 1005 1226 prope
1029 1173 1323 1224 magnitudinis,
1350 1186 1464 1225 quam
1486 1174 1659 1213 sedecim
1678 1187 1820 1213 uersus

285 1252 484 1278 remorum
518 1239 694 1290 agebant.
734 1252 784 1278 ne
816 1240 904 1290 plus
933 1241 1106 1290 quinque
1134 1238 1240 1277 milia
1267 1244 1505 1278 armatorum
1532 1239 1695 1278 haberet
1719 1252 1820 1278 neue
1842 1256 1878 1281 15

286 1305 538 1356 elephantum
565 1305 702 1344 ullum.
742 1304 889 1343 bellum
918 1311 1026 1343 extra
1053 1303 1303 1342 Macedoniae
1330 1304 1428 1342 fines
1454 1317 1503 1343 ne
1531 1306 1684 1343 iniussu
1711 1317 1821 1343 sena—

283 1376 348 1409 tus
381 1376 546 1421 gereret.
580 1393 635 1397 ——
672 1370 849 1409 Valerius
881 1371 1016 1408 Antias
1053 1375 1288 1420 quaternum
1320 1369 1473 1410 milium
1504 1369 1633 1420 pondo
1671 1371 1823 1420 argenti

284 1435 454 1486 uectigal
486 1437 526 1474 in
561 1435 697 1474 decem
731 1448 853 1474 annos
886 1436 1101 1486 inpositum
1135 1436 1218 1485 regi
1248 1434 1383 1487 tradit3
1421 1435 1605 1474 Claudius
1632 1437 1672 1474 111
1699 1448 1821 1474 3111105

286 1502 446 1552 triginta
483 1506 671 1552 quaterna
703 1501 810 1539 milia
844 1500 972 1552 pondo
1001 1506 1037 1538 et
1066 1499 1232 1550 ducena,
1263 1503 1302 1539 2'72
1331 1512 1519 1551 praesens
1546 1502 1689 1551 uiginti
1714 1501 1822 1539 milia

285 1566 427 1618 pondo.
473 1566 577 1604 idem
609 1567 842 1605 nominatim
875 1566 1072 1604 adiectum
1106 1565 1260 1615 scribit,
1294 1578 1342 1604 ne
1375 1578 1463 1604 cum
1497 1565 1672 1605 Eumene
1704 1565 1822 1605 Attali
1842 1581 1881 1606 20·

286 1632 366 1670 filio
401 1627 548 1685 (nouus
580 1633 614 1669 is
649 1638 731 1670 tum
765 1644 833 1670 rex
861 1629 962 1683 erat)
995 1631 1142 1669 bellum
1175 1636 1340 1681 gereret.
1386 1632 1426 1669 in
1453 1631 1548 1670 haec
1575 1631 1732 1670 obsides
1759 1644 1820 1670 ac-

287 1698 402 1748 cepti,
429 1698 533 1735 inter
559 1709 657 1747 quos
683 1696 906 1735 Demetrius
933 1697 1102 1747 Philippi
1130 1695 1244 1734 filius.

288 1835 595 1879 ἐπιψευσάμενος.
629 1846 797 1869 numeros
825 1834 975 1870 Claudii
1001 1835 1107 1869 etiam
1134 1834 1259 1868 ductos
1284 1845 1355 1868 esse
1380 1845 1424 1868 ecc
1443 1835 1536 1868 hisce
1554 1835 1719 1869 uersibus
1739 1846 1823 1879 per·

284 1895 409 1928 peram
438 1884 625 1918 intellectis
650 1884 859 1926 suspicatur
884 1883 1102 1916 Laclmzann
1128 1882 1170 1916 dc
1194 1883 1284 1925 fio‘nt.
1306 1881 1392 1914 Lm.
1408 1882 1459 1916 ΙΙ
1475 1894 1512 1925 p.
1527 1885 1585 1916 23.
1621 1884 1729 1916 etiam
1752 1883 1822 1916 Va-

287 1932 370 1966 lerii
395 1942 563 1966 ‘numeros
589 1931 651 1973 (fr.
668 1933 729 1974 32)
759 1930 954 1974 adscripsit
980 1930 1128 1971 Liuius,
1153 1933 1294 1963 secutus
1319 1933 1440 1963 tamen
1464 1933 1514 1963 est
1534 1929 1681 1974 Polybzssi
1700 1934 1823 1964 aucto-

287 1980 358 2013 rita
363 1983 438 2013 tem.
1043 1977 1047 1980 ’

385 2027 449 2060 63.
477 2026 588 2060 Pacis
621 2025 865 2066 condiciones,
904 2035 994 2068 quas
1024 2035 1139 2068 supra
1170 2024 1361 2067 exscripsi,
1395 2035 1417 2057 α
1450 2024 1563 2058 Liuio
1595 2034 1638 2058 eae
1669 2024 1826 2069 Polybio

290 2076 363 2116 (18,
377 2077 426 2109 27
445 2074 553 2119 [44])
589 2077 754 2117 sumptae
784 2076 871 2106 smzr'
903 2072 1056 2116 exceptis
1087 2071 1230 2106 duabus
1260 2071 1417 2112 ultimis,
1449 2082 1540 2115 quae
1571 2071 1727 2106 Claudio
1759 2076 1825 2106 aut

297 2122 440 2156 Valerio
468 2122 530 2163 (fr.
553 2123 614 2163 33)
642 2121 824 2155 debemur.
861 2120 906 2163 cf.
929 2120 1080 2161 Nissen,
1108 2118 1326 2152 Untersueh.
1343 2121 1525 2163 1).145sq.
1562 2123 1711 2153 ceterwm
1733 2130 1825 2162 quas

288 2169 466 2214 Polybius
491 2169 677 2210 omiserat,
705 2167 850 2202 addidit
875 2178 918 2201 ex
944 2167 1141 2201 normalibus
1167 2167 1321 2208 Liuius,
1348 2167 1456 2200 etiam
1481 2166 1617 2200 Zonar.
1639 2169 1671 2208 9,
1689 2169 1734 2200 16
1758 2167 1826 2200 ha-

290 2217 361 2250 bet:
393 2216 455 2250 καὶ
486 2216 589 2256 τοὺς
621 2214 871 2259 ἐλέφαντας
899 2213 963 2253 τάς
988 2228 1025 2248 τε
1051 2213 1212 2258 τριήρεις
1236 2213 1331 2258 πλὴν
1356 2213 1464 2248 πέντε
1491 2214 1553 2247 καὶ
1577 2219 1642 2258 τῆς
1669 2225 1821 2257 στρατη-

289 2264 393 2307 γίδος
425 2264 539 2308 αὐτῆς
570 2262 681 2307 οὔσης
713 2262 1002 2306 ἑκκαιδεκήρους
1039 2262 1103 2295 καὶ
1135 2261 1302 2306 χρήματα
1333 2259 1379 2295 τὰ
1411 2259 1477 2304 μὲν
1510 2260 1644 2295 αὐτίκα
1677 2262 1825 2304 δοῦναι,

290 2446 293 2448 ‚
346 2446 353 2448 ξ
381 2395 457 2450 6⁶2,
489 2403 508 2437 1
539 2399 615 2436 duo
643 2401 681 2436 et
706 2399 815 2435 XXX
840 2399 953 2435 milia
978 2398 1185 2445 Bambery.
1309 2398 1332 2433 2
1360 2396 1477 2434 scribi
1502 2397 1642 2434 Bamb.
1707 2398 1827 2445 capta.

291 2459 383 2496 1111.
411 2461 449 2496 et
475 2471 539 2496 666
564 2459 704 2496 anb.

382 2513 460 2567 63,
485 2519 536 2556 15
565 2531 612 2554 ne
638 2518 727 2567 plus
749 2517 796 2554 V.
824 2516 934 2554 milia
961 2517 1226 2553 armentorum
1253 2515 1396 2552 habere
1420 2514 1627 2562 Bambery.
1660 2527 1708 2552 ne
1733 2515 1824 2564 plus

295 2578 522 2628 quingentis
545 2579 787 2614 armatorum
810 2576 973 2613 haberet
989 2576 1162 2623 Zlsofflmt.
1190 2574 1333 2611 Zsmar.
1353 2575 1388 2618 9,
1403 2576 1457 2611 16
1476 2575 1571 2620 facit
1584 2585 1669 2611 cum
1682 2574 1823 2611 Bamb.

387 2639 438 2675 18
466 2638 570 2687 regit
589 2637 729 2674 Bamb.
792 2635 832 2672 in
860 2635 992 2672 decem
1014 2633 1250 2672 annos—in
1274 2645 1395 2670 annos
1415 2629 1541 2683 XXX]
1561 2643 1638 2680 pro
1658 2633 1717 2670 his
1736 2634 1824 2670 Mo-

290 2699 397 2743 yzmt.
426 2697 593 2734 exhibuit
618 2696 659 2732 in
686 2695 817 2733 decem
846 2706 968 2731 annos
994 2693 1173 2743 triginta.
1272 2693 1323 2729 19
1351 2692 1560 2729 ducentum
1587 2692 1727 2729 Bamb.
1755 2691 1824 2728 du-

295 2757 408 2792 centa
443 2757 618 2803 Moqomt.
661 2754 810 2792 ducena
838 2754 1107 2791 Weissenborn
1174 2752 1215 2789 in
1250 2751 1338 2789 add.
1361 2751 1530 2799 Bladuiy
1590 2751 1662 2787 XX
1692 2751 1824 2799 pondo

294 2815 434 2851 Bamb.
565 2816 619 2851 20
652 2827 699 2851 ne
733 2826 821 2850 cum
854 2808 1048 2862 Eumene]
1082 2824 1169 2849 cum
1204 2823 1252 2848 ne
1285 2817 1333 2847 eu
1365 2810 1427 2848 eni
1458 2806 1619 2848 Bamb.¹
1656 2823 1703 2847 ne
1736 2822 1824 2847 cum

294 2868 455 2911 Bansfbfl
491 2886 562 2911 nec
588 2886 677 2911 eum
703 2873 877 2909 Eumene
902 2872 1079 2919 Moytmt.
1203 2872 1269 2908 21.
1286 2871 1338 2907 22
1367 2872 1546 2918 acceptos
1574 2869 1732 2907 Vossius
