2002 3342
259 247 307 275 v1
824 230 1224 266 PROLEGOMENON

260 355 339 383 non
360 346 487 382 solam
503 344 558 381 ad
575 354 671 381 suas
689 345 962 381 caerimonias
980 343 1053 380 sed
1071 345 1192 380 etiam
1213 344 1423 392 adpopuli
1443 346 1553 381 iussa
1574 354 1794 382 accommo-

259 410 486 447 daverunt:
517 409 674 446 habetis
706 410 745 445 in
781 409 1081 446 commentariis
1112 410 1262 445 uestris
1299 408 1336 446 C.
1374 408 1553 446 Cassium
1586 419 1792 446 censorem

259 475 310 512 de
329 476 446 521 siano
473 474 726 511 Concordiae
750 473 977 510 dedicando
1005 473 1061 510 ad
1077 474 1317 520 pontificum
1345 474 1554 520 collegium
1581 474 1794 519 rettulisse,

260 541 378 586 eique
405 538 459 576 M.
481 539 694 576 Aemilium
711 539 948 586 pontificem
974 539 1194 575 maa-imum
1218 548 1299 586 pro
1327 539 1495 585 colleqio
1527 539 1795 586 respondisse,

259 605 341 641 nisi
360 615 448 641 eam
459 604 637 652 populus
658 602 865 640 Romanus
885 604 1121 640 nominatim
1138 601 1413 651 praefecisset
1437 607 1559 649 atque
1579 605 1666 641 eius
1685 605 1795 640 iussu

257 668 429 717 faceret,
456 680 535 706 non
563 669 700 706 uideri
725 679 813 705 eam
830 678 952 716 posse
977 672 1088 705 recte
1109 668 1306 705 dedicari.
1352 667 1484 712 Quid?
1511 678 1600 705 cam
1621 667 1796 714 Licinia,

258 736 379 781 uiryo
410 733 594 781 I'esialiS,
620 743 770 771 summo
797 734 885 771 loco
912 738 1027 780 nata,
1057 734 1311 770 sanctissimo
1336 733 1567 770 sacerdotio
1585 733 1796 781 praedita,

265 798 303 837 T.
326 799 556 836 Flaminino
582 797 624 843 Q.
646 798 806 836 Metello
828 798 1069 844 consulibuS,
1097 808 1213 834 aram
1234 802 1271 835 et
1291 798 1521 835 aediculam
1543 801 1580 835 et
1595 799 1798 846 puluinar

257 864 332 902 sub
352 874 454 902 saxo
478 864 716 910 dedicasset,
743 873 877 900 nonne
897 873 984 900 eam
1004 873 1088 899 rem
1111 873 1163 899 ex
1184 863 1429 900 auctoritate
1451 867 1617 900 senatus
1643 863 1699 900 ad
1721 863 1799 900 hoc

264 930 474 976 colleyimn
496 928 534 966 S.
556 928 686 966 Iulias
697 932 873 976 praetor
893 928 1074 965 rettulit?
1101 937 1190 964 cam
1212 926 1254 964 P.
1278 926 1490 974 Scaeuola,
1501 926 1695 975 pontifex
1714 938 1797 965 ma-

259 996 412 1041 ximus,
436 1004 518 1042 pro
546 994 714 1040 eolleyio
741 993 966 1040 respondit,
1000 992 1109 1039 quod
1132 993 1172 1029 in
1199 993 1286 1029 loeo
1309 992 1473 1039 publico
1500 991 1681 1042 Licinia,
1721 992 1798 1030 Gai

258 1061 359 1106 lilia,
381 1061 536 1096 iniussu
548 1059 694 1107 populi
715 1058 953 1104 dedicasset,
972 1067 1136 1094 sacrum
1157 1067 1236 1094 non
1255 1052 1486 1109 uiderier.¹)
1513 1055 1661 1107 Itaque,
1675 1068 1797 1107 quon-

262 1123 340 1161 iam
361 1123 488 1161 omnis
515 1122 745 1174 pontificum
768 1134 830 1159 ars
856 1122 930 1160 hoc
951 1120 1220 1171 exemplorum
1247 1121 1432 1159 thesauro
1453 1120 1653 1159 nitebatur
1679 1117 1798 1174 (Mar-

263 1187 406 1239 quardt
426 1189 685 1227 Staatsverw.
701 1183 771 1225 1112
790 1199 826 1238 p.
843 1182 962 1240 300),
990 1186 1102 1224 facile
1125 1191 1184 1224 est
1204 1185 1418 1236 intellectu,
1441 1185 1531 1224 dum
1553 1186 1625 1225 soli
1642 1187 1799 1237 patricii

264 1253 311 1291 ad
337 1254 609 1304 pontificatum
643 1252 791 1290 aditum
824 1251 1036 1301 habebant,
1070 1250 1224 1290 clausos
1250 1251 1320 1290 1105
1348 1253 1651 1290 commentarios
1678 1251 1800 1290 fuisse

266 1317 393 1369 plebis
420 1318 561 1368 0011115,
595 1317 634 1356 id
662 1317 765 1368 quod
793 1321 1024 1368 querentem
1051 1317 1144 1355 facit
1171 1316 1209 1355 C.
1233 1316 1462 1355 Canuleium
1491 1316 1694 1355 tribunum
1719 1316 1800 1367 ple-

264 1382 325 1421 bis
353 1383 489 1422 Liuius
517 1378 706 1436 (4‚3,9).
742 1382 783 1420 hi
815 1394 911 1420 uero
946 1383 1219 1420 commentarii
1250 1386 1294 1420 ut
1320 1394 1436 1433 saepe
1465 1394 1554 1420 cum
1586 1381 1716 1432 libris,
1749 1382 1801 1420 ita

265 1460 286 1486 a
317 1447 469 1499 multis,
502 1460 671 1499 quorum
705 1459 862 1486 errores
896 1459 1128 1485 enumerare
1161 1446 1322 1497 longum
1355 1452 1431 1496 est,
1468 1459 1557 1485 cum
1594 1446 1800 1485 annalibus

265 1514 419 1551 confusi
451 1518 553 1552 sunt.
599 1525 689 1550 nam
723 1513 933 1563 perpaucis
966 1512 1062 1550 locis
1096 1513 1271 1563 exceptis
1305 1507 1369 1565 (ut
1395 1512 1559 1551 fortasse
1588 1512 1665 1550 Cic.
1692 1511 1801 1550 Brut.

265 1576 330 1628 15,
346 1576 414 1617 60.
444 1575 509 1629 18,
527 1575 593 1616 72.
620 1577 699 1616 uid.
721 1577 798 1616 uol.
819 1577 852 1615 ll
878 1590 913 1628 p.
935 1576 1037 1615 XXV
1051 1573 1154 1631 sqq.)
1184 1589 1341 1628 semper
1367 1590 1387 1615 a
1413 1577 1617 1628 Romanis,
1655 1578 1689 1616 si
1717 1576 1802 1615 dili-

262 1649 402 1694 genter
421 1643 696 1694 loquebantur,
725 1642 938 1681 discrimen
966 1642 1111 1681 factum
1133 1648 1192 1680 est
1213 1643 1318 1681 inter
1339 1645 1649 1681 commentarios
1670 1647 1707 1681 et
1728 1654 1800 1680 an-

262 1711 376 1748 nales
400 1708 465 1747 1101
489 1710 700 1756 historias,
728 1720 816 1746 cum
851 1720 1066 1758 numquam
1093 1720 1113 1746 a
1141 1707 1476 1746 comminiscendo
1498 1708 1798 1746 commentario-

360 1824 393 1866 1)
420 1822 715 1866 Antiquissimae
740 1824 866 1866 partes
894 1822 1025 1855 horum
1051 1821 1270 1866 pontificum
1297 1821 1530 1866 scriptorum,
1557 1823 1595 1856 et
1620 1821 1803 1856 librorum

264 1877 301 1910 et
327 1876 699 1919 commentariorum,
731 1875 910 1909 uidentur
934 1875 1048 1909 fuisse
1075 1875 1200 1919 leges
1227 1875 1384 1920 regiae
1411 1877 1453 1909 et
1481 1875 1802 1910 commentarii

262 1940 427 1974 regum.
475 1928 688 1974 Schwegler
711 1929 727 1963 Ι
760 1941 794 1973 p.
818 1932 860 1962 26
877 1940 929 1972 sq.
976 1928 1120 1962 Teuffel
1154 1929 1276 1963 Roem.
1302 1928 1642 1974 Litteratai·9eseh.⁵
1667 1940 1702 1973 p.
1725 1932 1803 1962 116.

264 1983 470 2017 Mommsen
490 1982 645 2018 Staatsr.
659 1982 711 2016 11³
732 1986 749 2016 1
772 1995 806 2027 p.
823 1986 866 2016 41
884 1994 962 2026 sqq.
1002 1982 1121 2016 Bruns
1142 1983 1277 2031 Fontes
1296 1983 1366 2017 iar.
1384 1983 1487 2017 Rom.
1509 1982 1605 2016 ant.⁵
1624 1994 1660 2026 p.
1678 1985 1803 2016 1—14.

264 2036 335 2070 hoc
362 2036 459 2070 enim
487 2038 524 2070 et
549 2047 615 2080 per
641 2046 679 2070 50
706 2037 762 2070 051
788 2035 867 2069 11011
893 2035 1125 2070 simillimum
1152 2037 1188 2069 et
1214 2046 1256 2070 eo
1278 2035 1527 2078 confirmatur,
1555 2035 1654 2079 quod
1675 2035 1805 2070 eadem

265 2088 325 2123 lex
353 2089 398 2122 de
425 2089 555 2133 spoliis
582 2089 716 2133 opimis
744 2099 766 2122 a
792 2089 901 2123 Festo
935 2091 977 2133 (s.
998 2101 1032 2122 u.
1058 2089 1183 2133 opima
1209 2101 1243 2133 p.
1262 2092 1327 2123 189
1356 2089 1559 2122 secundum
1587 2089 1805 2132 Varronem)

266 2147 303 2175 et
323 2142 501 2186 Pompilii
526 2142 625 2187 regis
646 2142 784 2177 dicitur
811 2144 848 2177 et
874 2153 919 2176 ex
944 2142 1049 2176 libris
1076 2142 1295 2186 pontificum
1324 2142 1502 2177 adfertur.
1539 2142 1683 2176 accedit
1702 2141 1806 2176 aliud

266 2195 523 2230 testimonium
555 2195 669 2241 uulgo
704 2195 898 2230 omissum:
932 2197 1178 2240 posteaquam
1205 2195 1303 2229 0111111
1329 2195 1457 2230 Liuius
1479 2199 1511 2238 6,
1528 2200 1558 2238 1,
1574 2199 1593 2229 2
1621 2205 1806 2230 commen—

267 2249 380 2283 tarios
407 2249 627 2293 pontificum
646 2249 799 2283 incensa
820 2260 841 2283 a
862 2248 981 2283 Gallis
1006 2248 1097 2283 urbe
1118 2248 1305 2283 interiisse
1324 2249 1505 2292 narrauit,
1534 2253 1565 2292 1,
1583 2252 1624 2282 10
1652 2248 1704 2282 sic
1724 2259 1807 2292 per-

269 2302 342 2347 git:
369 2303 418 2336 In
433 2304 566 2346 primis
584 2303 733 2345 foedera
748 2314 790 2337 ac
810 2303 900 2348 {eyes
921 2304 1041 2345 (erant
1061 2307 1181 2337 autem
1201 2314 1261 2337 eae
1275 2303 1461 2337 duodecim
1481 2303 1627 2337 tabulae
1647 2307 1679 2337 et
1698 2313 1805 2346 qaae-

268 2355 352 2389 dam
372 2357 492 2400 reyiae
513 2357 618 2400 Zeyes)
646 2357 825 2400 conquiri,
849 2367 940 2400 qaae
959 2360 1207 2400 conparerent,
1228 2357 1413 2391 iusserant
1433 2356 1598 2401 [tribuni
1615 2355 1806 2401 militum]

268 2409 347 2443 azia
371 2420 416 2443 ex
441 2410 490 2444 eis
516 2410 613 2443 edita
639 2410 747 2444 etiam
773 2411 814 2444 in
839 2411 994 2454 aulana·
1026 2421 1118 2454 quae
1143 2414 1262 2444 autem
1290 2409 1339 2444 ad
1369 2421 1476 2444 saera
1501 2409 1750 2454 pertinebant,
1783 2420 1807 2443 a

261 2462 501 2506 pontificibus
520 2464 688 2505 maxime,
714 2467 755 2497 ut
773 2463 946 2508 religione
972 2463 1157 2497 obstrictos
1182 2463 1352 2497 haberent
1378 2462 1627 2497 multitudinis
1653 2461 1806 2503 animos,

268 2525 479 2561 suppressa,
512 2515 534 2549 i.
559 2526 590 2548 e.
617 2515 656 2549 in
682 2515 869 2550 tablinum
896 2527 1003 2550 suum
1029 2517 1196 2559 recepta,
1228 2515 1328 2550 unde
1354 2518 1486 2559 postea
1513 2515 1593 2549 siue
1618 2526 1685 2559 per
1710 2525 1808 2548 com-

267 2568 470 2602 mentarios
507 2568 586 2603 siue
619 2580 684 2613 per
716 2569 830 2603 libros
858 2569 1062 2603 distributa
1090 2570 1193 2609 sunt3
1226 2580 1313 2603 nam
1346 2568 1460 2604 etiam
1493 2568 1553 2602 hic
1584 2568 1686 2601 linea
1710 2567 1809 2601 inter

270 2632 332 2655 eos
358 2621 503 2655 incerta
531 2623 604 2663 051,
631 2622 685 2656 ita
710 2624 753 2656 ut
779 2633 845 2666 pro
871 2621 977 2656 libris
1004 2622 1160 2665 Numae,
1187 2632 1279 2665 quos
1305 2622 1422 2657 Varro
1449 2624 1521 2666 (ap.
1544 2621 1695 2655 Festum
1721 2619 1745 2654 l.
1766 2622 1808 2664 s.)

269 2673 459 2716 attulerat,
484 2674 705 2708 Plutarchus
725 2675 837 2709 Marc.
854 2678 873 2708 8
894 2675 1142 2719 ὑπομνήματα
1164 2675 1379 2709 substituat.
1408 2674 1459 2710 Cf.
1483 2674 1529 2708 M.
1545 2674 1670 2719 Voigt,
1701 2674 1809 2709 Ueber

269 2727 327 2762 die
348 2728 438 2772 leyes
456 2728 577 2772 reyiae
597 2728 795 2772 (Abhandz.
811 2729 874 2763 der
894 2729 1018 2772 Leipz.
1036 2729 1116 2764 Ges.
1132 2729 1166 2763 d.
1188 2728 1294 2763 W'iss.
1314 2729 1502 2772 hist-phil.
1518 2728 1561 2762 K
1566 2728 1587 2762 l.
1602 2726 1669 2761 VII
1688 2739 1723 2771 p.
1740 2730 1807 2761 555

271 2781 420 2824 —826)‚
452 2781 517 2815 ubi
542 2791 638 2824 quae
670 2781 803 2815 horum
834 2780 1014 2815 librorum
1039 2781 1222 2825 reliquiae
1248 2780 1475 2822 ferebantur,
1509 2780 1711 2824 diligenter
1736 2779 1808 2814 col-

269 2835 392 2871 lectae
421 2835 525 2877 511111,
552 2845 646 2878 quae
674 2834 869 2878 disputata
896 2835 940 2869 de
969 2845 1111 2868 summa
1139 2845 1265 2868 eorum
1292 2834 1526 2876 auctoritate,
1556 2843 1705 2878 prorsus
1732 2832 1805 2866 dis-

267 2886 419 2931 plicent.
