2002 3342
692 192 739 226 M.
760 190 962 226 PORCIVS
990 191 1113 227 CATO
1513 208 1668 239 CXLVII

138 315 233 341 rone
261 309 299 341 et
327 302 521 352 Sallustio,
548 301 796 352 grauioribus
825 301 1002 352 testibus,
1031 301 1125 340 salso
1154 302 1389 341 Frontonem
1419 304 1464 343 de
1492 305 1669 357 historia,

138 369 176 406 in
205 381 279 419 qua
307 370 436 406 minus
464 367 583 406 studii
609 372 812 418 posuerat,
846 366 992 405 dixisse
1026 369 1334 407 existimauerim
1363 369 1465 420 quod
1499 372 1537 409 in
1565 371 1668 410 solas

135 435 303 472 insertas
329 434 526 471 orationes
553 429 821 484 quadra1·et.¹)

226 498 355 537 Nihilo
377 499 506 536 minus
529 498 759 535 Ciceronem
782 510 858 535 non
881 496 1004 548 latuit,
1025 503 1068 536 ut
1088 498 1240 537 Philisti
1262 500 1461 550 Syracusii
1482 507 1519 540 et
1540 503 1667 552 ipsius

133 563 373 615 Thucydidis
402 564 570 601 concisis
597 563 803 600 sententiis
832 563 1029 601 offecisset
1051 562 1326 615 'l‘heopompus
1353 565 1520 605 elatione
1550 574 1666 618 atque

133 629 336 667 altitudine
370 629 557 666 orationis
590 639 700 677 suae,
729 629 785 665 sic
820 628 976 667 Catonis
1010 628 1224 667 luminibus
1258 629 1500 669 obstruxisse
1538 638 1666 683 poste-

133 696 282 732 riorum
310 695 421 744 quasi
448 698 719 743 exaggeratam
747 692 864 730 altius
892 694 1108 731 orationem
1130 690 1257 746 (Brut.
1286 693 1347 745 17,
1369 693 1456 749 66).
1497 697 1665 736 admira-

132 758 246 797 batur
278 760 487 810 posteritas
519 759 597 796 uiri
631 759 889 796 ccmstantiam
924 759 1133 809 asperitate
1166 758 1332 809 quadam
1367 766 1404 799 et
1434 763 1664 813 antiquitate

130 826 249 862 animi
283 826 443 862 tinctam
478 823 776 874 libertatemque
811 822 964 873 iudicii,
997 836 1071 874 qua
1104 823 1318 863 Romanam
1351 828 1539 866 uirtutem
1573 842 1663 866 con-

131 890 248 928 tineri
275 888 453 940 putabat,
490 890 607 927 etiam
633 887 874 939 propagabat
900 888 1000 927 sales
1027 888 1160 927 multis
1187 891 1449 942 perniciosos,
1487 895 1664 943 patriciis

131 961 259 993 tamen
287 956 371 993 eius
399 954 601 992 historiam
629 952 832 991 molestam
861 954 981 992 fuisse
1009 953 1159 1005 credas,
1183 957 1419 1005 praesertim
1443 970 1532 996 cum
1560 965 1662 997 cete-

130 1033 261 1059 rarum
289 1021 329 1058 in
350 1020 457 1058 Italia
484 1019 643 1057 urbium
665 1030 728 1057 res
750 1018 887 1057 eodem
909 1018 1037 1057 studio
1061 1018 1340 1071 diligentiaque
1362 1034 1451 1060 eum
1472 1028 1662 1063 tractasse

129 1092 167 1124 et
193 1087 335 1124 tuitum
364 1098 449 1123 esse
477 1084 672 1133 uiderent,
701 1085 812 1122 cuius
833 1086 1052 1122 sententiae
1074 1087 1349 1125 necessitatem
1371 1092 1414 1126 ut
1435 1089 1510 1138 ipsi
1531 1096 1662 1128 mente

130 1152 391 1202 perciperent,
420 1149 592 1187 nondum
620 1150 762 1187 maturi
790 1155 912 1187 erant.

216 1215 512 1254 Olmersabatur
543 1216 663 1264 igitur
696 1215 871 1252 omnium
904 1214 1101 1254 mentibus
1134 1216 1239 1254 clara
1271 1219 1423 1268 species
1456 1220 1533 1258 uiri
1570 1233 1660 1258 eon-

127 1283 266 1320 stantis
298 1282 557 1331 ueritatisque
584 1281 734 1318 tenacis
762 1279 1055 1331 adsueruntque
1082 1282 1167 1319 eius
1200 1284 1473 1322 auctoritatem
1503 1291 1662 1335 praeter

125 1353 276 1385 ceteras
310 1346 437 1384 colere
471 1351 509 1384 et.
541 1346 761 1397 nominare3
800 1350 843 1383 ut
877 1347 997 1395 igitur
1030 1345 1130 1384 dicta
1166 1346 1377 1387 Catoniana
1409 1349 1659 1389 oraculorum

124 1413 206 1450 uim
240 1411 485 1461 obtinebant,
522 1411 573 1448 ita
607 1411 724 1448 etiam
752 1411 819 1461 qui
851 1410 897 1448 ab
932 1423 976 1448 eo
1011 1417 1257 1462 computatus
1285 1419 1369 1452 erat
1396 1426 1521 1454 annus
1548 1415 1659 1454 urbis

124 1476 277 1527 natalis,
298 1477 471 1514 omnium
494 1488 689 1514 consensu
710 1474 897 1526 probatus
919 1481 988 1527 est,
1015 1482 1057 1515 ut
1078 1489 1202 1528 usque
1224 1478 1271 1516 ad
1287 1478 1500 1518 Varronem
1522 1493 1658 1520 omnes

124 1555 214 1580 eum
248 1547 511 1593 sequerentur
543 1546 657 1591 atque
690 1541 807 1579 etiam
840 1545 923 1579 turn
960 1554 1037 1580 non
1077 1541 1261 1582 deessent
1299 1545 1366 1595 qni
1399 1544 1657 1584 Catonianum

124 1607 362 1645 Varrsmiano
391 1606 648 1657 praeferrent.
687 1605 827 1644 Hercle
856 1607 973 1644 etiam
1000 1619 1070 1645 nos
1098 1620 1175 1646 non
1201 1608 1432 1659 negabimus
1460 1623 1550 1649 eum
1576 1613 1657 1662 pri-

123 1685 229 1711 mum
269 1672 425 1723 repulsa
465 1670 612 1709 Graeca
652 1676 733 1709 arte
774 1683 866 1709 suae
906 1671 1182 1724 Romanaeque
1222 1679 1384 1713 naturae
1425 1675 1656 1715 obsecutum

125 1737 261 1776 Latine
281 1737 486 1775 historiam
508 1735 683 1774 scribere
705 1749 843 1775 ausum
865 1749 951 1775 esse
973 1737 1091 1788 idque
1118 1739 1182 1789 ita,
1208 1745 1252 1778 ut
1278 1753 1395 1791 quem
1423 1740 1470 1779 ad
1495 1741 1655 1781 modum

121 1809 341 1841 ceterarum
370 1803 576 1840 ciuitatum
603 1800 825 1840 Italicarum
852 1815 970 1853 opera
998 1803 1106 1842 ciuili
1126 1806 1388 1855 patrocinium
1415 1814 1656 1858 susceperat,

121 1869 178 1906 sic
205 1867 362 1907 easdem
389 1872 431 1906 ut
456 1866 652 1905 Romanae
686 1866 830 1917 gloriae
863 1869 1077 1920 participes
1110 1871 1149 1908 in
1183 1871 1329 1910 ciuium
1361 1873 1539 1910 notitiam
1565 1886 1655 1923 pro—

122 1934 242 1972 ferret
268 1939 382 1984 atque
410 1933 597 1970 historiae
626 1944 717 1970 suae
745 1932 900 1971 laudem
921 1934 960 1971 in
983 1934 1101 1973 rebus
1122 1934 1321 1989 Romanis,
1348 1950 1464 1988 quam
1484 1939 1653 1976 maxime

120 2004 253 2049 posset
277 1998 342 2037 uel
368 2010 483 2048 posse
512 1996 587 2036 sibi
614 1996 829 2049 uideretur,
856 2011 951 2037 uere
979 2006 1018 2038 et
1044 1999 1227 2051 religiose
1249 2001 1470 2041 scribendis
1490 2010 1653 2054 poneret

120 2065 326 2114 fontesque
359 2065 484 2114 ipsos,
517 2064 584 2113 qui
617 2069 889 2114 superessent,
926 2077 1015 2102 cum
1043 2078 1086 2104 ea
1114 2078 1206 2104 cura
1234 2073 1272 2105 et
1300 2067 1519 2119 diligentia,
1553 2081 1652 2119 quae

119 2135 201 2167 tum
223 2128 269 2167 ab
291 2128 452 2166 historia
475 2127 632 2166 diuersa
653 2134 767 2178 esset,
793 2130 1027 2179 requireret.
1063 2131 1117 2169 Ac
1138 2137 1269 2170 tamen
1291 2134 1330 2170 in
1351 2133 1515 2171 historia
1536 2146 1651 2172 nemo

118 2195 203 2232 eius
236 2194 402 2243 uestigia
435 2198 594 2231 secutus
627 2198 697 2231 est.
743 2195 932 2233 nimirum
965 2197 1109 2234 mansit.
1141 2196 1205 2235 hic
1232 2209 1252 2235 a
1280 2197 1440 2236 Graecis
1468 2205 1650 2250 receptus

119 2271 219 2310 mos,
252 2264 295 2297 ut
326 2259 444 2297 unius
478 2258 643 2296 alicuius
677 2260 848 2298 auctoris
876 2272 920 2298 ex
950 2262 1006 2299 eis
1034 2263 1101 2311 qui
1128 2267 1240 2301 antea
1268 2264 1508 2314 scripserant
1536 2264 1650 2304 electi

116 2330 313 2375 tamquam
341 2323 605 2362 fundamentis
632 2323 695 2362 hic
727 2323 808 2362 illic
840 2325 1076 2377 emendatis,
1109 2328 1367 2379 confirmatis,
1401 2330 1525 2368 auctis
1552 2343 1650 2381 opus

117 2401 231 2427 suum
264 2394 604 2439 superstruerent,
640 2401 715 2439 quo
749 2390 970 2440 aequalium
999 2391 1205 2431 desideriis
1233 2394 1328 2432 satis
1356 2394 1540 2433 facerent.
1587 2398 1649 2434 cui

116 2455 217 2492 mori
250 2454 410 2492 minime
443 2455 616 2503 origines
648 2454 947 2494 conueniebant.
999 2469 1126 2507 neque
1166 2459 1270 2497 enim
1309 2460 1498 2498 nominati
1538 2467 1650 2499 erant

212 2588 245 2630 1)
273 2585 413 2620 Gellius
440 2585 591 2629 quidem
617 2585 682 2620 ubi
708 2585 753 2620 de
780 2586 849 2621 hoc
882 2589 1033 2623 ornatus
1065 2600 1199 2634 genere
1227 2592 1284 2635 (in
1309 2593 1459 2626 crimine
1485 2604 1558 2627 uno
1584 2603 1648 2627 uo-

115 2640 216 2674 cibus
241 2640 365 2674 multis
391 2643 498 2683 atque
523 2640 644 2674 saeuis
670 2641 884 2683 esctruendo)
913 2642 993 2687 agit
1011 2644 1080 2687 (13,
1096 2647 1152 2686 25,
1170 2648 1210 2677 12
1225 2646 1331 2689 sqq),
1358 2645 1396 2678 in
1417 2645 1647 2679 orationibus

115 2694 262 2726 tantum
294 2693 403 2727 modo
436 2704 457 2726 a
491 2692 628 2726 Catone
661 2692 699 2726 id
732 2693 1011 2737 frequentatum
1044 2708 1123 2731 esse
1156 2696 1304 2731 adserit.
1357 2698 1446 2732 item
1485 2698 1646 2732 maxime

116 2745 163 2778 ad
201 2746 386 2782 orationes
425 2748 595 2790 spectare
632 2746 783 2780 uidetur
820 2747 1011 2783 Plutarchi
1048 2750 1227 2784 iudicium
1260 2750 1352 2795 (Cat.
1388 2753 1437 2796 7):
1485 2751 1647 2796 Εὔχαρις

115 2797 191 2841 ἅμα
217 2799 280 2832 καὶ
306 2800 428 2839 δεινὸς
453 2794 512 2843 ἦν,
539 2798 629 2842 ἡδὺς
654 2799 1041 2846 καὶζκαταπληκτικός,
1069 2804 1336 2849 φιλοσκώμμων
1362 2805 1425 2839 καὶ
1452 2804 1645 2849 αὐστηρός,

114 2851 449 2896 ἀποφθεγματικὸς
474 2852 537 2886 καὶ
564 2852 813 2897 ἀγωνιστικός.

1306 2917 1359 2950 X*
