2002 3342
378 180 419 214 11.
449 179 512 214 DE
539 178 857 214 LITTERARVM
883 178 1206 213 MONVMENTIS
1233 179 1456 214 PRIVAT1s
1568 195 1683 223 xmn

215 292 424 330 Cornelius
451 290 606 328 Lucius
640 290 775 338 Scipio
810 290 1015 327 Barbatus
1035 285 1044 338 ἢ
1071 289 1260 327 Gnaz'uod
1286 296 1412 338 palre
1441 298 1684 340 proqnatus,

206 357 328 406 fortis
344 358 410 394 uir
422 357 673 403 scqu'ensque,
692 357 835 402 quoius
851 354 988 403 forma
1005 356 1172 392 uirtutes
1183 357 1401 403 parismna
1418 355 1509 403 suit,
1550 359 1686 394 consol

213 432 356 460 censor
389 421 525 458 aia’e'le‘s
557 422 651 467 quei
682 419 763 468 fult
796 420 908 468 apud
933 430 1020 466 uos,
1050 414 1051 460 1
1078 419 1279 457 Taurasia
1311 419 1488 457 Ce‘sauna
1522 420 1684 459 Samnio

212 488 327 535 cepit,
377 486 527 532 subisse?
555 496 668 522 omne
695 484 929 522 Loucanam
958 485 1195 532 opsidesque
1222 485 1424 522 abdouce't.

152 551 289 590 Liuius
316 555 445 588 autem
473 561 504 587 a.
526 546 622 587 298.
644 546 731 587 456
759 549 870 586 initio
899 548 1077 586 Lucanos
1104 547 1150 586 ad
1178 560 1302 586 nouos
1324 548 1506 587 consules
1526 550 1684 588 uenisse

151 621 299 665 narrat,
334 615 401 665 qui
429 613 475 652 de
503 613 737 652 Samnitium
771 614 928 652 iniuriis
956 618 1219 663 quererentur
1245 619 1283 651 et
1309 613 1466 652 obsides
1500 614 1685 664 iungendi

152 680 322 719 foederis
349 679 556 728 offerrent,
592 684 674 717 tum
702 680 778 716 icto
812 677 968 717 foedere
996 683 1034 716 et
1059 677 1160 716 bello
1189 678 1429 716 Samnitibus
1456 678 1602 717 indicto
1631 679 1686 717 di-

151 758 290 784 uersos
312 743 493 783 consules
514 745 678 795 partitos
701 745 740 782 in
762 744 988 794 prouincias
1010 755 1100 781 suas
1121 743 1318 793 profectos
1341 756 1438 794 esse,
1461 744 1685 794 Scipionem

152 812 191 849 in
218 810 433 860 Etruriam,
467 808 535 847 Cn.
557 808 740 847 Fuluium
773 809 814 846 in
847 808 1062 846 Samnium.
1114 807 1222 846 illum
1257 810 1407 846 incerto
1441 808 1562 847 Marte
1597 821 1685 847 cum

152 875 292 914 Tuscis
319 886 532 926 pugnasse,
568 879 650 912 tum
678 875 808 912 omnia
836 874 916 923 igni
945 873 1128 924 ferroque
1155 878 1350 923 uastasse,
1384 875 1500 911 etiam
1528 874 1685 912 castella

151 942 359 992 uicosque,
395 938 561 978 urbibus
595 944 724 977 tamen
757 938 1007 977 abstinuisse.
1059 950 1167 976 more
1201 938 1400 976 annalium
1426 940 1687 977 maximorum

152 1005 314 1044 alterius
341 1004 513 1043 consulis
540 1003 695 1042 laudem
723 1003 908 1041 absoluit:
951 1004 1017 1042 Cn.
1040 1004 1178 1041 Fuluii
1203 1005 1380 1042 consulis
1406 1006 1523 1043 clara
1542 1015 1687 1054 pamm

151 1074 193 1110 in
229 1072 392 1109 Samnio
426 1071 482 1108 ad
512 1070 739 1108 Bouianum
772 1070 1089 1117 haudquaquam
1120 1069 1335 1117 ambiyuae
1364 1071 1567 1107 uictoriae
1595 1069 1687 1117 fait.

151 1137 379 1175 Bozte'anum
407 1136 501 1173 Inde
528 1136 747 1182 aa'yressas
773 1146 847 1172 nec
874 1137 932 1172 ita
966 1136 1088 1172 multo
1112 1138 1208 1183 post
1234 1135 1477 1181 Aufidenam
1502 1137 1546 1173 uz*
1572 1137 1688 1183 cepit,

152 1199 320 1239 eundem
347 1199 531 1238 Fuluium
559 1196 623 1237 ‘de
651 1198 893 1237 Samnitibus
921 1195 1195 1249 Etruscisque’
1220 1199 1486 1250 triumphasse
1514 1203 1596 1237 acta
1619 1198 1688 1237 Ca-

151 1265 314 1316 pitolina
341 1263 600 1303 tradiderunt.
653 1265 760 1315 atqui
787 1269 875 1315 post
901 1264 962 1302 Fr.
983 1263 1243 1302 Ritschelium
1270 1276 1406 1302 omnes
1433 1265 1512 1302 uiri
1540 1263 1643 1302 docti
1654 1261 1686 1317 1)

151 1330 224 1369 hoc
258 1342 416 1368 carmen
450 1335 559 1368 sexto
592 1329 703 1368 urbis
740 1329 896 1368 saeculo
933 1330 1104 1367 incisum
1140 1341 1227 1367 esse
1261 1330 1530 1380 consentiunt,
1571 1330 1688 1368 etiam

150 1401 239 1446 post
271 1395 395 1434 filium
422 1400 621 1433 mortuum
633 1391 678 1449 ²),
710 1407 786 1446 qua
813 1407 854 1433 re
882 1396 968 1433 eius
1000 1395 1212 1432 auctoritas
1241 1395 1367 1433 minui
1395 1393 1572 1445 uidetur,
1600 1407 1687 1433 cum

151 1460 315 1499 Liuiana
353 1459 545 1510 triumphi
584 1461 808 1498 testimonio
849 1458 1137 1497 corroboretur.
1189 1460 1320 1510 itaque
1355 1471 1400 1498 eo
1442 1460 1595 1498 animus
1630 1461 1688 1498 in-

152 1525 289 1576 clinat,
328 1531 372 1564 ut
398 1524 593 1576 Scipionis
626 1530 824 1576 posteros,
864 1536 961 1575 quae
996 1523 1178 1563 consules
1206 1529 1272 1562 3111
1298 1526 1512 1563 consociati
1539 1530 1604 1563 aut
1632 1524 1688 1563 di-

150 1592 281 1630 uersis
314 1590 410 1628 locis
443 1589 613 1628 feliciter
646 1592 880 1641 gessissent,
920 1591 1200 1640 praetermissa
1228 1589 1386 1628 Etruria
1419 1589 1467 1628 ad
1498 1591 1688 1628 maiorem

152 1669 266 1695 suum
301 1657 509 1694 coniuncta
543 1655 742 1694 rettulisse
777 1656 1106 1706 interpretemur,
1139 1654 1295 1693 Liuium
1329 1661 1458 1694 autem
1496 1667 1565 1694 suo
1602 1657 1687 1694 iure

151 1721 347 1772 Fuluium,
376 1733 465 1759 011111
492 1721 787 1772 triumphasset,
814 1721 962 1759 maiore
984 1719 1098 1759 laude
1121 1719 1322 1771 dignatum
1345 1733 1444 1770 esse,
1472 1732 1535 1759 res
1556 1725 1687 1759 tamen

151 1786 248 1825 falso
275 1788 379 1825 inter
405 1786 586 1825 consules
615 1785 866 1824 distribuisse
901 1791 966 1824 aut
999 1786 1084 1824 eius
1112 1790 1313 1824 auctorem
1341 1787 1531 1824 certiores
1561 1786 1687 1824 sontes

153 1847 336 1905 31115503)
390 1851 572 1889 511111111οΓ
609 1853 731 1902 igitur
771 1863 835 1890 res
869 1863 909 1889 se
942 1850 1061 1889 habet
1095 1856 1211 1901 atque
1243 1852 1283 1888 in
1318 1863 1433 1889 031153
1466 1850 1688 1900 Claudiana,

151 1918 229 1955 nisi
261 1916 365 1968 quod
397 1922 511 1967 poeta
545 1916 803 1955 Cornelianus
837 1915 987 1955 fraudis
1021 1917 1187 1954 crimine
1224 1916 1388 1954 forsitan
1424 1915 1688 1954 absoluendus

153 1983 213 2032 sit,
240 1986 364 2020 restet
384 1981 556 2020 leuitatis
577 1981 642 2020 uel
663 1982 811 2020 erroris
833 1986 948 2032 atque
970 1982 1010 2019 in
1031 1981 1202 2020 Lucania
1224 1980 1384 2020 subacta
1404 1980 1687 2032 obsidibusque

152 2046 331 2086 abductis
368 2047 491 2085 fastus
527 2047 703 2097 gentilis,
740 2059 816 2098 quo
853 2046 957 2097 quod
993 2051 1076 2084 arte
1115 2046 1296 2085 consules
1336 2047 1548 2085 effecerant
1586 2046 1687 2094 (Liu.

153 2124 184 2150 c.
209 2110 275 2163 11,
299 2109 364 2150 13.
398 2112 445 2150 cs.
467 2111 624 2163 Dionys.
649 2110 715 2163 16,
739 2108 825 2166 11),
853 2124 1054 2150 armorum
1087 2113 1249 2150 euentui
1277 2111 1524 2162 adsignatum
1552 2118 1621 2150 est.

243 2176 319 2215 Sed
347 2178 462 2216 etiam
490 2178 530 2215 in
557 2177 762 2216 historia
790 2176 968 2215 eiusdem
996 2176 1116 2215 studii
1143 2176 1287 2215 indicia
1321 2178 1564 2227 inuenimus,
1603 2176 1687 2227 plu-

152 2243 252 2280 rima
278 2246 317 2280 et
342 2242 574 2293 grauissima
607 2243 766 2293 gentis
792 2241 975 2281 Fabiae.
1021 2254 1070 2280 ne
1098 2242 1312 2293 spoliemus
1340 2254 1425 2281 eam
1451 2241 1565 2280 laude
1597 2254 1687 2280 con-

152 2413 164 2448 l
231 2364 283 2448 11)
308 2362 514 2396 Mommsen
540 2362 576 2397 C.
597 2362 622 2397 Ι.
644 2362 682 2397 L.
705 2363 719 2396 1
745 2374 780 2406 p.
804 2366 845 2396 16
862 2373 915 2406 eq.
942 2361 1038 2396 Hist.
1059 2361 1162 2396 Rom.
1185 2362 1219 2395 19
1243 2374 1279 2406 p.
1301 2365 1380 2396 463.
1408 2365 1487 2395 455.
1523 2361 1686 2396 Bueche-

169 2426 207 2448 er
249 2426 303 2449 ,5.

248 2470 284 2511 2)
311 2467 335 2502 i.
356 2477 385 2502 e.
407 2469 493 2511 post
519 2479 549 2502 a.
573 2471 652 2503 240.
674 2473 742 2502 514
769 2479 838 2503 sec.
855 2468 1109 2503 Woelfflinum
1130 2468 1372 2514 Sitzunysber.
1395 2469 1428 2503 d.
1450 2469 1551 2514 bayr.
1567 2468 1686 2502 Alma.

155 2515 188 2549 d.
214 2514 322 2549 Wiss.
352 2518 440 2549 1892
473 2527 508 2560 p.
538 2519 603 2550 192
620 2527 711 2561 sqq.,
750 2516 814 2560 qui
847 2515 885 2550 id
920 2516 966 2549 ab
993 2515 1112 2549 Ennio
1140 2516 1386 2560 compositum
1417 2527 1496 2550 esse
1523 2515 1687 2559 suspica-

152 2569 212 2602 tus
239 2571 304 2602 est.

249 2623 284 2663 3)
309 2620 435 2655 Etiam
464 2622 582 2656 honor
613 2621 778 2656 flamonii
804 2621 924 2656 Dialis
957 2621 1113 2655 carmini
1139 2622 1177 2656 P.
1201 2622 1362 2657 Cornelii
1389 2622 1572 2666 Scipionis
1601 2621 1686 2655 fort.

152 2673 320 2708 Africani
346 2674 497 2709 maioris
524 2675 602 2717 filii.
628 2675 782 2709 minoris
802 2675 920 2720 patris
942 2675 1114 2718 adoptiui
1134 2675 1172 2709 in
1194 2675 1424 2720 sarcophago
1446 2674 1496 2720 (C.
1512 2675 1537 2708 I.
1553 2674 1591 2708 L.
1612 2674 1685 2707 133

151 2739 187 2771 p.
205 2729 261 2771 19)
288 2729 419 2772 postea
439 2729 673 2773 praepositus
695 2730 761 2771 est,
787 2728 863 2763 uid.
889 2727 1087 2762 Buecheler
1112 2728 1135 2763 1.
1158 2740 1184 2763 s.
1205 2741 1238 2773 p.
1257 2733 1286 2763 7.
1323 2729 1452 2764 Totius
1476 2727 1687 2771 inscriptio-

152 2780 209 2814 1115
235 2780 346 2815 fidem
373 2781 517 2815 obtinet
537 2782 625 2816 Ben.
647 2782 759 2817 Niese
784 2782 822 2816 in
843 2782 996 2817 Obseru.
1018 2783 1059 2826 (Ι)
1079 2794 1114 2826 p.
1130 2794 1175 2816 iv.
1204 2781 1297 2817 Hist.
1320 2782 1444 2817 Rom.³
1464 2794 1499 2826 p.
1516 2786 1569 2815 63.
1603 2791 1686 2825 pro-

155 2832 240 2877 pius
267 2834 315 2867 ad
340 2844 399 2868 me
427 2835 583 2869 accessit
610 2834 784 2869 Muenzer
811 2836 855 2870 R.
873 2836 920 2869 E.
942 2835 991 2869 IV
1018 2846 1046 2869 c.
1065 2837 1154 2869 1488
1167 2847 1246 2879 sqq.
