2002 3342
298 223 425 252 Lxxu
636 210 699 244 DE
727 209 1032 245 SCRIPTORVM
1058 210 1180 246 VITIS
1207 211 1268 246 ET
1295 211 1499 247 SCRIPTIS

301 320 523 359 diuinarum
551 333 801 372 morumque,
835 334 999 371 quorum
1030 321 1256 373 deprauatio
1284 335 1373 361 eum
1400 335 1478 361 non
1506 324 1619 374 lugu,
1657 336 1702 362 ex
1730 324 1831 375 frag-

299 387 443 424 mentis
470 385 596 424 elucet
625 381 712 438 (12.
738 383 802 424 15.
829 384 893 424 16.
915 384 982 425 20.
1005 384 1071 424 27.
1095 383 1194 441 28.)

389 450 501 489 Hune
533 462 628 489 uero
662 450 704 495 Ο.
733 450 894 489 Fabium
928 451 1124 490 Pictorem
1159 453 1330 502 primurn
1365 464 1428 490 res
1460 452 1652 491 Romanas
1684 453 1830 492 Romae

300 527 504 554 enarrasse
542 521 580 553 et
613 517 723 566 quasi
756 522 959 566 parentem
992 516 1180 555 historiae
1212 516 1407 555 Romanae
1442 529 1528 556 esse
1563 517 1708 556 diserte
1742 524 1781 556 et
1810 530 1831 556 a

300 581 481 631 Dionysio
509 580 845 619 llalicarnassensi
873 587 911 619 et
943 594 961 619 a
992 581 1101 619 Liuio
1129 587 1470 620 commemoratur.
1510 582 1606 621 haec
1633 583 1738 622 enim
1764 582 1830 622 ille

301 641 359 698 (1,
387 644 424 695 6,
446 641 509 699 23:
555 639 618 684 ὧν
652 641 909 698 (scriptorum
946 646 1210 684 Romanorum
1248 647 1315 696 qui
1351 645 1497 685 Graece
1537 659 1601 686 res
1636 647 1833 686 Romanas

300 706 536 763 exposuere)
577 709 659 749 εἰσι
695 709 988 761 πρεσβύτατοι
1027 710 1214 758 Κόιντός
1252 724 1298 749 τε
1336 710 1502 761 Φάβιος
1537 710 1609 750 καὶ
1644 711 1832 760 Λεύκιος

299 774 500 825 Κίγκιος,
541 772 779 827 ἀμφότεροι
813 774 919 814 κατὰ
954 775 1055 821 τοὺς
1086 775 1369 822 Φοινικικοὺς
1402 773 1673 827 ἀκμάσαντες
1704 774 1831 817 πολέ-

298 854 419 891 μους.
472 838 508 891 T,
538 837 603 891 71,
628 839 647 878 1
679 837 742 893 (fr.
769 837 859 893 16);
892 841 1182 887 παλαιότατος
1209 839 1290 892 γὰρ
1313 838 1423 893 ἀνὴρ
1445 846 1532 880 τῶν
1552 839 1604 880 τὰ
1618 838 1833 894 Ῥωμαϊκὰ

300 902 646 954 συνταξαμένων.
698 905 793 943 haec
820 905 956 944 Liuius
985 901 1043 959 (1,
1070 904 1139 955 44,
1161 903 1199 956 2,
1227 906 1272 944 fr.
1298 902 1389 959 10>:
1423 908 1562 945 Adicit
1586 909 1832 956 scriptorum

300 972 601 1019 antiquissimus
636 972 788 1009 Fabius
824 972 974 1010 Pictor.
1031 968 1070 1021 2,
1097 968 1165 1021 40,
1191 969 1244 1009 10
1272 967 1336 1022 (fr.
1361 967 1453 1024 1Ῑ);
1498 973 1620 1020 Apud
1650 973 1834 1024 Fabium,

298 1038 416 1084 101196
443 1039 764 1083 anthw'ssimzmz
792 1042 998 1074 azcclorem
1025 1057 1082 1062 -
1110 1039 1274 1075 inuenio
1302 1032 1368 1087 (cf.
1390 1044 1601 1074 LXXXVIII
1617 1033 1704 1089 sq.).

388 1100 464 1138 Res
507 1100 698 1138 Romanas
739 1113 827 1138 eum
870 1102 1062 1151 repetisse
1099 1100 1145 1138 ab
1182 1100 1364 1139 Euandro
1399 1101 1606 1151 Aeneaque
1646 1113 1691 1139 ex
1731 1102 1834 1152 frag-

299 1167 441 1204 mentis
473 1164 506 1203 1.
529 1163 565 1203 3
587 1164 632 1215 4,
662 1167 908 1216 pertexuisse
936 1167 1143 1204 minimum
1170 1165 1217 1204 ad
1243 1178 1414 1216 pugnam
1442 1165 1489 1204 ad
1516 1165 1832 1205 Trasumennum

300 1232 548 1269 commissam
576 1243 620 1269 ex
650 1232 693 1268 t'r.
716 1229 770 1269 26
800 1232 1065 1281 consequitur.
1113 1230 1181 1269 sed
1203 1232 1319 1269 etiam
1339 1230 1441 1269 ultra
1468 1231 1542 1269 hoc
1566 1236 1721 1282 tempus
1743 1244 1832 1270 eum

300 1297 339 1333 in
367 1295 574 1334 scribendo
602 1308 857 1346 progressum
885 1308 970 1334 esse
1004 1295 1096 1334 inde
1131 1302 1308 1346 apparet,
1343 1295 1462 1346 quod,
1497 1297 1530 1334 si
1559 1295 1654 1335 duos
1679 1302 1833 1336 tantum

300 1360 391 1399 belli
418 1360 665 1399 Hannibalici
693 1373 816 1399 annos
844 1360 1138 1412 descripsisset,
1171 1373 1299 1411 neque
1327 1360 1509 1411 Polybius
1538 1373 1627 1399 611111
1654 1367 1697 1400 ut
1722 1374 1834 1413 prae-

300 1428 458 1477 cipuum
496 1427 580 1464 eius
616 1425 708 1464 belli
753 1427 985 1476 scriptorem
1028 1425 1246 1464 Romanum
1283 1427 1552 1476 impugnasset
1590 1438 1718 1477 neque
1757 1427 1834 1478 Ap-

299 1493 438 1542 pianus
465 1491 488 1529 l.
511 1504 539 1529 s.
562 1503 603 1541 5.,
636 1490 704 1529 uhi
732 1490 778 1530 de
806 1492 995 1529 missione
1024 1492 1109 1529 eius
1136 1491 1323 1542 Delphica
1350 1490 1540 1542 loquitur,
1577 1488 1836 1543 συγγραφέα

300 1554 439 1595 τῶνδε
477 1560 564 1594 τῶν
603 1556 745 1607 ἔργων
783 1556 1027 1607 appellasset.
1081 1555 1250 1606 denique
1291 1557 1408 1594 etiam
1441 1557 1482 1594 in
1517 1555 1630 1594 libris
1662 1555 1764 1594 XXV
1797 1562 1836 1595 et

300 1621 422 1659 XXIX
455 1621 590 1659 Liuius
624 1621 785 1660 Fabium
820 1622 893 1660 etsi
925 1633 1003 1659 non
1036 1620 1166 1660 addito
1204 1622 1362 1659 nomine
1402 1621 1554 1672 citauit,
1590 1622 1835 1672 significasse

300 1693 430 1725 tamen
457 1685 627 1737 uidetur,
660 1692 703 1724 ut
728 1699 853 1737 usque
882 1685 928 1724 ad
956 1686 1075 1725 finem
1103 1687 1187 1725 eius
1213 1685 1305 1724 belli
1332 1698 1421 1725 eum
1445 1687 1485 1724 in
1516 1685 1724 1725 scribendo
1745 1699 1834 1737 per-

299 1753 458 1790 uenisse
487 1757 659 1789 statuere
686 1748 870 1805 possisflJ)

390 1816 472 1861 Qua
500 1822 631 1855 autem
658 1818 809 1855 ratione
842 1816 911 1855 has
945 1829 1008 1855 res
1041 1822 1276 1868 persecutus
1311 1821 1432 1867 65561,
1471 1815 1555 1854 1060
1590 1816 1835 1855 memorabili

300 1882 483 1931 exposuit
508 1881 716 1932 Dionysius
741 1880 776 1932 1,
793 1880 835 1920 6:
870 1875 932 1920 ὧν
960 1877 1208 1935 (Hieronymi
1230 1881 1424 1932 Cardiani,
1450 1881 1612 1932 Timaei,
1638 1882 1835 1933 Antigoni,

299 1946 467 1997 polybii,
501 1946 639 1997 8116111,
676 1943 860 2001 aliorum)
894 1943 1072 1992 ἕκαστος
1105 1943 1235 1997 ὀλίγα
1263 1943 1334 1985 καὶ
1368 1942 1472 1985 οὐδὲ
1499 1944 1688 1998 ἀκριβῶς
1715 1944 1832 2000 αὐτῷ

302 2009 684 2061 (διεσπουδασμένα
711 2008 803 2050 ἀλλ’
832 2009 877 2050 ἐκ
903 2016 991 2050 τῶν
1018 2008 1318 2063 ἐπιτυχόντων
1339 2008 1628 2061 ἀκουσμάτων
1649 2008 1836 2058 συνθεὶς

302 2073 561 2128 ἀνέγραψεν.
613 2073 763 2126 ὁμοίας
797 2072 843 2115 δὲ
875 2075 1048 2124 τούτοις
1080 2075 1151 2116 καὶ
1184 2072 1318 2116 οὐδὲν
1347 2075 1593 2128 διαφόρους
1620 2073 1835 2124 ἐξέδωκαν

302 2140 496 2192 ἱστορίας
516 2138 819 2191 καὶῬωμαίων
841 2139 936 2181 ὅσοι
958 2140 1010 2180 τὰ
1030 2140 1192 2181 παλαιὰ
1214 2141 1319 2194 ἔργα
1339 2145 1414 2194 τῆς
1429 2140 1594 2188 πόλεως
1604 2137 1833 2194 Ἑλληνικῇ

301 2203 513 2260 διαλέκτῳ
541 2203 838 2258 συνέγραψαν,
866 2199 929 2245 ὧν
956 2205 1039 2246 εἰσι
1066 2204 1360 2258 πρεσβύτατοι
1384 2205 1572 2253 Κόιντός
1598 2219 1642 2245 τε
1667 2204 1836 2257 Φάβιος

300 2269 370 2310 καί
400 2269 585 2318 Λεύκιος
614 2270 817 2322 Κίγκιος,
850 2269 1090 2324 ἀμφότεροι
1122 2269 1229 2310 κατὰ
1254 2271 1358 2318 τοὺς
1390 2271 1674 2318 Φοινικικοὺς
1700 2269 1834 2322 ἀκμά-

302 2346 454 2382 σαντες
479 2333 706 2386 πολέμους.
758 2335 929 2375 τούτων
963 2335 1010 2376 δε
1043 2342 1132 2376 τῶν
1165 2334 1343 2387 ἀνδρῶν
1376 2332 1599 2388 ἑκάτερος,
1633 2328 1710 2383 οἷς
1742 2336 1836 2388 μὲν

302 2398 456 2447 αὐτος
488 2397 662 2452 ἔργοις
688 2400 1024 2453 παρεγένετο,
1058 2400 1142 2441 διὰ
1175 2400 1267 2453 τὴν
1299 2397 1580 2452 ἐμπειρίαν
1609 2398 1836 2453 ἀκριβῶς

301 2463 580 2518 ἀνέγραψε,
622 2465 679 2504 τὰ
719 2461 770 2505 δὲ
810 2463 996 2518 ἀρχαῖα
1035 2465 1093 2506 τὰ
1131 2465 1256 2517 μετὰ
1293 2465 1387 2517 τὴν
1422 2466 1594 2505 κτίσιν
1626 2470 1712 2517 τῆς
1744 2465 1833 2505 πό-

303 2532 426 2577 λεως
459 2530 714 2582 γενόμενα
740 2530 1114 2582 κεφαλαιωδῶς
1141 2527 1445 2583 ἐπέδραμεν.
1497 2537 1554 2569 651
1579 2536 1759 2582 sumptus
1786 2543 1834 2569 ex

302 2597 501 2647 prooemio
531 2591 581 2648 (c.
607 2592 758 2649 1—8)‚
793 2609 868 2646 quo
901 2608 973 2635 eur
1004 2596 1105 2635 hanc
1130 2597 1381 2648 potissimum
1408 2597 1613 2634 materiam
1641 2594 1707 2649 (ab
1734 2596 1833 2635 urbe

302 2660 457 2699 condita
484 2672 607 2711 usque
636 2660 683 2698 ad
709 2660 810 2699 bella
836 2658 1002 2714 Punica)
1031 2662 1241 2700 artificiose
1269 2661 1517 2699 scribendam
1552 2660 1730 2711 elegerit,
1768 2660 1833 2699 de·

302 2726 437 2765 fendit.
476 2725 739 2764 Romanorum
762 2727 865 2764 enim
892 2728 1063 2765 uirtutes
1091 2732 1128 2765 et
1156 2726 1291 2777 dignas
1313 2739 1410 2777 quae
1437 2731 1724 2776 cognoscantur
1745 2738 1832 2764 esse

399 2866 430 2907 1}
457 2863 625 2898 Niebuhr
651 2864 767 2898 Vortr.
789 2864 864 2898 ureb.
886 2874 989 2898 roem.
1016 2864 1138 2898 Gesch.
1159 2864 1173 2897 I
1196 2867 1250 2898 19.
1288 2863 1493 2898 Mommsen
1514 2863 1559 2898 R.
1579 2863 1622 2898 G.
1643 2863 1675 2897 II
1700 2875 1736 2908 p.
1752 2866 1833 2898 273.
