2002 3342
341 203 452 233 LXVI
868 187 1266 222 PROLEGOMENON
1300 188 1349 222 ΙΙΙ

341 295 540 353 mutauit),
562 299 692 337 Caton.
715 296 844 337 11:28.
866 296 921 337 29
944 311 1033 336 cum
1055 300 1359 337 commentariis.
1398 297 1521 350 quid?
1542 299 1645 350 quod
1666 298 1712 337 ab
1735 299 1871 339 eodem

342 364 467 403 Nonio
494 364 597 402 idem
627 364 888 414 fragmentum
915 375 993 401 uno
1021 363 1104 402 loco
1132 363 1245 402 aliter
1266 369 1380 415 atque
1402 364 1522 403 altero
1544 363 1724 403 laudatur
1744 361 1869 417 (Cass.

342 430 387 468 fr.
410 427 465 469 35
493 442 524 468 c.
547 427 720 479 comm),
758 441 775 466 a
804 428 1006 466 Prisciano
1034 428 1169 467 eadem
1197 428 1319 467 Coelii
1344 429 1465 468 uerba
1494 426 1557 482 (fr.
1579 426 1653 481 37)
1682 442 1759 468 uno
1787 429 1870 468 loco

342 494 389 533 ad
422 495 596 545 genetiui
629 496 734 532 allus
770 493 933 532 formam
971 493 1200 532 firmandam
1237 493 1469 532 adseruntur
1505 490 1560 547 (p.
1588 490 1711 546 303),
1750 494 1871 533 altero

342 557 396 612 (p.
418 556 522 611 266)
551 557 687 596 eadem
709 558 755 596 ad
783 561 857 597 αῖῖί
883 559 1045 597 formam
1074 554 1196 611 (‘alz'2''
1216 570 1298 608 pro
1321 557 1455 598 ‘alius'
1479 561 1585 598 discit
1611 559 1657 597 cs.
1679 571 1817 597 comm.
1840 571 1871 597 a.

341 625 377 664 h.
399 621 454 678 t),
483 623 654 674 denique
683 624 814 661 Caton.
843 624 888 662 fr.
913 621 996 662 114
1022 625 1130 662 uarie
1159 635 1178 661 a
1201 624 1377 662 Charisio
1399 629 1437 662 et
1459 623 1596 662 Seruio
1616 629 1872 674 propagatum

343 695 412 739 est,
440 690 485 727 fr.
510 686 529 726 1
561 690 653 727 item
683 700 702 727 a
731 688 868 727 Seruio
897 694 934 727 et
962 684 1001 741 (a
1029 685 1185 739 Sergio)
1212 690 1252 726 in
1281 688 1418 739 explic.
1446 690 1486 727 in
1513 688 1717 727 Donatum.

431 753 500 791 llis
528 754 648 803 igitur
675 752 916 792 adumbratis
943 755 975 791 si
1003 759 1136 793 nostro
1164 754 1322 804 ingenio
1350 753 1564 803 fragmenta
1593 753 1656 792 illa
1680 759 1872 804 temptare

343 824 381 857 et
408 819 646 857 coniecturis
674 818 883 857 emendare
911 818 1199 868 studuerimus,
1238 819 1303 856 uix
1337 830 1408 856 nos
1441 819 1584 856 nimiae
1617 818 1801 857 audaciae
1835 823 1874 857 et

343 884 578 921 temeritatis
606 883 822 922 insimules.
869 890 907 922 at
932 896 1027 922 uero
1055 896 1170 934 quam
1198 883 1442 934 periculosae
1470 883 1628 934 plenum
1648 896 1746 934 opus
1767 883 1873 922 aleae

343 948 416 986 hoc
437 954 552 999 esset,
574 950 668 987 satis
689 950 829 1000 opinor
849 950 1041 1000 apparuit,
1061 949 1296 999 praesertim
1317 961 1405 987 cum
1427 948 1549 987 multa
1570 961 1591 986 a
1608 950 1873 999 grammaticis

344 1013 509 1052 frustula
535 1014 586 1051 ita
617 1025 661 1052 ex
690 1015 878 1052 orationis
904 1019 1040 1052 tenore
1069 1013 1252 1064 decerpta
1279 1020 1427 1064 essent,
1465 1019 1508 1052 ut
1541 1026 1617 1052 non
1644 1020 1874 1064 argumenta

343 1084 410 1117 aut
442 1080 727 1117 sententiarum
762 1084 983 1118 structurae
1020 1084 1255 1117 curarentur
1290 1078 1359 1117 sed
1395 1078 1498 1117 solae
1533 1078 1745 1117 uerborum
1784 1091 1873 1130 pro-

344 1144 532 1194 prietates
560 1149 804 1182 notarentur.
849 1145 979 1195 itaque
1007 1149 1164 1195 praeter
1189 1143 1258 1182 has
1286 1145 1448 1194 quaeuis
1474 1143 1595 1182 uerba
1623 1145 1763 1194 quouis
1789 1143 1874 1182 loco

344 1208 638 1259 emittebantur,
666 1210 845 1248 incohata
867 1210 1066 1248 enuntiata
1089 1210 1173 1247 sine
1195 1208 1355 1260 apodosi
1377 1208 1618 1259 desinebant,
1645 1210 1760 1247 etiam
1782 1208 1874 1247 bina

344 1278 507 1312 ternaue
522 1273 644 1312 uerba
666 1273 818 1312 abscisa
840 1274 1100 1313 sufficiebant.
1131 1274 1318 1313 Sisennae
1340 1274 1498 1325 quidem
1520 1274 1737 1324 fragmenta
1752 1275 1874 1312 maxi-

344 1350 447 1377 mam
474 1344 625 1389 partem
656 1338 757 1390 apud
778 1338 947 1378 Nonium
970 1344 1148 1378 truncata
1171 1344 1274 1389 sunt,
1301 1338 1369 1377 sed
1396 1351 1518 1389 paene
1546 1340 1722 1377 omnium
1749 1339 1874 1389 scrip-

343 1409 474 1442 torum
502 1404 731 1454 fragmenta,
759 1417 856 1455 quae
883 1417 955 1455 per
981 1405 1326 1455 grammaticorum
1353 1416 1491 1442 manus
1519 1403 1566 1442 ad
1592 1416 1662 1442 nos
1682 1415 1874 1454 peruene-

344 1475 447 1518 runt,
469 1469 633 1508 eandem
652 1475 798 1508 sortem
815 1475 974 1521 experta
993 1475 1094 1508 sunt.
1122 1469 1289 1521 plurima
1310 1470 1430 1520 igitur
1450 1474 1542 1508 sunt
1562 1468 1736 1520 exempla
1759 1470 1875 1507 etiam

346 1546 391 1573 ex
419 1534 551 1585 Festo,
585 1534 725 1585 Gellio,
759 1534 954 1586 Charisio,
989 1535 1191 1573 Prisciano
1218 1536 1258 1572 in
1284 1541 1485 1585 promptu,
1518 1546 1616 1585 quae
1644 1546 1874 1573 enumerare

345 1611 683 1650 superuacaneum
711 1605 780 1640 est.
832 1612 921 1639 nam
948 1601 1043 1638 satis
1069 1599 1213 1639 multae
1241 1612 1380 1638 causae
1413 1599 1509 1637 mibi
1542 1612 1627 1638 esse
1661 1598 1874 1650 explicatae

343 1664 548 1715 uidentur,
588 1677 659 1703 cur
691 1666 938 1704 coniecturas
965 1678 1011 1704 ex
1039 1670 1221 1704 contextu
1250 1664 1503 1715 excluserim,
1541 1666 1617 1703 nisi
1644 1664 1711 1703 ubi
1738 1665 1875 1702 certis-

346 1731 467 1768 simae
499 1730 597 1768 mihi
629 1729 879 1781 uiderentur,
915 1729 1028 1781 alias,
1061 1743 1157 1781 quas
1190 1731 1230 1768 in
1263 1731 1466 1781 scriptoris
1500 1729 1664 1768 alicuius
1691 1731 1875 1768 continua

345 1794 466 1832 uerba
503 1796 587 1833 sine
625 1794 866 1834 dubitatione
904 1797 1163 1846 recepissem,
1202 1795 1303 1833 infra
1330 1796 1370 1833 in
1398 1796 1678 1833 commentario
1706 1793 1876 1832 diductis

345 1858 488 1898 litteris
515 1860 790 1910 exprimendas
818 1862 1053 1911 curauerim,
1080 1866 1123 1899 ut
1150 1859 1304 1899 facilius
1331 1860 1402 1899 sub
1430 1860 1562 1899 oculos
1589 1859 1784 1898 caderent.
