2002 3342
197 844 240 876 87

184 891 257 934 ἷκε-7

185 946 247 981 uel

198 997 242 1028 86

185 1045 258 1088 {333

279 192 367 233 234
916 188 1176 230 RELIQVIAE

277 303 451 341 currisse
485 307 523 339 et
555 300 751 339 dominam
784 312 895 338 suam
923 305 1011 337 ante
1040 312 1080 337 se
1109 300 1247 347 egisse.
1287 298 1584 349 quaerentibus,
1617 310 1809 349 quaenam

278 373 394 417 esset,
417 366 612 404 dominam
634 371 673 403 et
693 364 851 416 quidem
873 363 1189 402 crudelissimam
1213 363 1259 401 ad
1281 363 1517 414 supplicium
1538 363 1583 401 ab
1605 364 1701 414 ipsis
1722 363 1811 402 duci

278 432 478 482 professos
512 443 610 469 esse.
657 430 835 468 eductam
870 428 1009 467 deinde
1044 435 1153 467 extra
1187 441 1319 467 muros
1353 441 1502 466 summa
1531 440 1625 466 eura
1652 428 1812 478 celasse,

280 496 404 534 donec
430 495 584 534 hostilis
611 497 667 533 ira
696 494 929 533 consideret.
970 493 1129 543 deinde,
1161 500 1203 531 ut
1231 494 1392 531 satiatus
1419 493 1532 531 miles
1560 494 1635 531 cito
1664 492 1710 531 ad
1736 493 1813 531 Ro-

278 573 414 599 manos
449 573 578 598 mores
612 559 747 609 rediit,
780 559 867 597 illos
895 572 1048 610 quoque
1077 558 1124 597 ad
1151 571 1242 597 suos
1270 557 1421 596 redisse
1449 563 1485 596 et
1515 557 1709 596 dominam
1737 557 1813 596 sibi
1833 571 1848 597 5

279 627 386 676 ipsos
422 625 589 664 dedisse.
629 637 746 663 manu
779 626 888 662 misit
920 630 1132 675 utrumque
1166 636 1186 661 e
1219 625 1386 674 uestigio
1420 623 1483 661 illa
1516 635 1587 661 nec
1613 623 1813 673 indignata

281 696 341 730 est
375 690 421 729 ab
454 690 515 728 his
549 703 589 728 se
622 691 744 728 uitam
778 690 995 740 accepisse,
1029 690 1067 727 in
1102 701 1199 740 quos
1232 689 1335 727 uitae
1366 689 1552 739 necisque
1580 693 1814 739 potestatem

280 755 492 794 habuisset.

862 826 932 863 EX
957 823 1117 863 LIBRO
1144 825 1238 863 XIX

373 905 447 948 81.
486 911 579 948 Gell.
601 922 637 947 η.
660 910 738 947 Aet.
758 909 823 956 15,
839 909 876 956 1,
892 909 928 946 5.
969 908 1225 946 Percontatus
1254 920 1324 957 ego
1353 919 1450 956 sum,
1478 906 1572 957 quid
1594 912 1698 944 esset
1718 905 1814 944 illud

282 976 428 1014 mirum
454 971 769 1026 ffimdezcieesimz'
793 975 890 1012 libre·
920 970 984 1024 Q]
1014 972 1277 1023 Quadrigarii.
1318 973 1461 1023 repetit
1491 969 1699 1023 [Julianus
1724 973 1815 1010 rlee-
1837 985 1871 1009 ιο

284 1037 385 1092 torJ:
419 1039 461 1077 In
496 1052 539 1077 eo
574 1041 695 1089 igitur
726 1038 825 1077 libro
853 1039 1044 1088 scriptum
1072 1039 1224 1087 inueni,
1259 1050 1349 1075 cum
1376 1041 1621 1088 oppugnaret
1646 1035 1686 1074 L.
1715 1035 1817 1087 Sylla

285 1107 326 1144 in
352 1111 459 1143 terra
485 1105 608 1143 Attica
636 1104 816 1142 Piraeum
851 1108 888 1142 et
922 1109 1057 1141 contra
1083 1102 1297 1141 Archelaus
1331 1104 1435 1153 regis
1465 1100 1679 1140 Mithridati
1706 1113 1818 1152 prae-

285 1171 413 1209 fectus
441 1182 487 1208 ex
515 1182 559 1207 eo
587 1168 729 1220 oppido
755 1174 1040 1219 propugnaret,
1068 1169 1208 1206 turrim
1236 1167 1405 1217 ligneam
1434 1165 1670 1205 defendendi
1695 1167 1818 1216 gratia

286 1241 493 1285 structam,
527 1247 616 1273 cum
651 1246 697 1272 ex
730 1235 838 1272 omni
869 1233 990 1271 latere
1018 1232 1285 1284 circumplexa
1318 1234 1399 1283 igni
1426 1232 1543 1282 soret,
1576 1231 1714 1270 ardere
1740 1243 1818 1269 non

285 1302 438 1351 quisse7
471 1299 574 1350 quod
601 1298 771 1337 alumine
799 1298 845 1336 ab
873 1298 1061 1336 Archelao
1089 1297 1208 1336 oblita
1236 1298 1387 1336 fuisset.
1424 1296 1548 1335 Verba
1569 1296 1820 1347 Quadrigarii
1839 1308 1874 1334 15

288 1378 334 1404 ex
369 1378 413 1404 eo
446 1364 545 1403 libro
581 1364 675 1402 haec
712 1369 820 1402 sunt:
858 1363 955 1402 Cum
989 1363 1091 1414 Sylla
1125 1368 1287 1402 conatus
1321 1367 1425 1401 esset
1458 1355 1633 1413 tempore
1666 1373 1821 1412 magno,

286 1430 420 1469 eduxit
461 1431 610 1481 copiam,
655 1434 697 1468 ut
735 1428 917 1467 Archelai
955 1429 1097 1467 turrim
1135 1441 1271 1478 unam,
1313 1440 1429 1479 quam
1467 1426 1533 1465 ille
1571 1427 1821 1477 interposuit,

285 1495 457 1546 ligneam
483 1494 725 1533 incenderet.
764 1496 892 1544 uenit,
920 1495 1104 1544 accessit,
1132 1493 1236 1544 ligna
1263 1492 1449 1543 subdidit,
1477 1491 1676 1530 submouit
1701 1490 1821 1529 Grae-

286 1574 365 1612 cos,
393 1562 525 1612 ignem
552 1559 743 1611 admouit3
775 1561 868 1598 satis
896 1564 987 1598 sunt
1014 1558 1081 1598 diu
1108 1560 1254 1609 eonati,
1281 1570 1495 1609 numquam
1523 1559 1737 1608 quiuerunt
1763 1557 1821 1594 in-

283 1686 393 1731 copia
419 1685 605 1720 crudelem
632 1686 821 1719 dominam
846 1685 1039 1729 puniendi,
1064 1686 1287 1729 raptamque
1313 1685 1421 1728 quasi
1442 1684 1489 1718 ad
1511 1682 1736 1728 supplicium
1757 1681 1822 1715 ob-

284 1734 424 1777 sequiis
450 1733 570 1778 plenis
597 1735 738 1777 pietate
763 1732 879 1767 tutati
905 1735 1002 1768 sunt.
1030 1754 1073 1757 —
1101 1734 1242 1776 Popma
1267 1733 1361 1767 hanc
1386 1743 1458 1766 rem
1484 1732 1593 1773 refert
1618 1731 1666 1764 ad
1693 1730 1822 1764 bellum

288 1783 512 1823 Marsicmn,
543 1782 695 1823 fortasse
727 1780 777 1814 ad
809 1792 841 1814 α.
863 1783 923 1814 89.
946 1783 1035 1822 665,
1067 1791 1137 1823 quo
1163 1781 1204 1813 A.
1228 1779 1406 1814 Gabinius
1439 1779 1587 1823 legatus
1619 1778 1729 1812 rebus
1756 1776 1821 1810 ad-

285 1840 414 1863 uersus
443 1829 608 1862 Lucanos
635 1838 809 1872 prospere
836 1827 951 1871 gestis
973 1830 1010 1861 et
1035 1826 1246 1871 plurimis
1273 1826 1456 1871 oppidis
1483 1824 1760 1870 expugnatis
1782 1824 1821 1857 in

285 1876 481 1910 obsidione
507 1875 670 1909 hostium
697 1878 903 1909 castrorum
930 1875 1066 1909 cecidit
1088 1875 1191 1917 (Lm.
1211 1886 1284 1918 per.
1307 1878 1381 1918 76).
1410 1875 1455 1917 cf.
1477 1874 1606 1915 Krene,
1633 1872 1695 1907 der
1714 1883 1821 1906 roem.

287 1924 712 1969 Bemdesyenossenkriey
732 1925 858 1966 11213
878 1927 949 1957 not.
965 1925 1000 1956 2.
1226 1919 1232 1925 ⁸

383 1971 447 2005 Sl.
478 1972 611 2005 Turres
644 1970 755 2011 (κατὰ
787 1968 827 2004 τὸ
861 1973 994 2014 τεῖχος)
1028 1970 1237 2011 aedificasse
1270 1969 1490 2003 Archelaum
1522 1972 1649 2002 contra
1680 1966 1824 2001 Sullam

284 2020 398 2054 etiam
423 2019 586 2062 Appiam.
616 2019 746 2053 Mithr.
768 2020 812 2051 31
841 2019 957 2060 refert,
983 2018 1045 2052 sed
1070 2018 1124 2051 m'l
1151 2017 1193 2051 de
1218 2017 1390 2051 alumine.

383 2135 402 2169 1
438 2133 529 2168 ante
557 2144 613 2180 eg.
640 2130 863 2167 Nazsslon.
988 2131 1010 2166 2
1045 2129 1205 2167 domina
1230 2128 1328 2166 Nae.
1451 2129 1476 2164 4
1510 2126 1700 2164 satiatum
1724 2124 1828 2163 Naz.

287 2191 382 2237 Res).
507 2191 528 2227 6
558 2203 577 2226 e
604 2201 674 2227 om.
696 2188 794 2227 Nae.
822 2201 857 2226 a.
878 2200 973 2227 corr.
995 2189 1105 2226 Mon.
1232 2189 1252 2224 7
1282 2187 1331 2224 ab
1359 2188 1414 2224 eis
1441 2199 1480 2224 se
1507 2187 1584 2224 coel.
1610 2186 1735 2222 Troas.

289 2251 316 2287 8
344 2245 450 2300 hah]
479 2249 717 2297 suscepisset
742 2249 852 2285 Mon.

381 2304 459 2358 Sl,
491 2310 543 2346 10
571 2308 815 2357 quadrigam-1
844 2307 874 2345 Ο
962 2310 1011 2345 11
1042 2307 1131 2344 silla
1156 2307 1379 2353 plerumque
1407 2304 1488 2352 QX
1574 2305 1625 2342 12
1654 2303 1758 2340 atina
1787 2302 1828 2340 X

380 2369 519 2417 piraeu
546 2368 576 2415 Q
612 2380 777 2415 pyreum
804 2362 956 2403 X2T1‘
982 2379 1173 2415 pyraeum
1200 2367 1243 2402 Π
1276 2377 1491 2414 pyraeeum
1518 2363 1558 2400 Χ
1619 2361 1826 2399 mithrida-

291 2428 344 2465 tis
373 2427 403 2464 O
429 2439 499 2465 rec.
521 2440 568 2463 m.
668 2428 719 2464 13
748 2426 920 2476 ligneam
947 2439 992 2464 ae
1019 2426 1092 2463 def.
1122 2425 1152 2472 Q
1186 2425 1293 2474 ligne
1321 2436 1364 2461 ac
1391 2423 1465 2460 def.
1492 2424 1523 2459 Z
1649 2422 1703 2458 14
1736 2433 1826 2458 eum

294 2499 340 2523 ex
375 2482 499 2537 omni]
539 2498 627 2523 eum
662 2497 732 2523 om.
762 2485 837 2532 QZ
982 2487 1033 2523 15
1069 2480 1218 2535 quisse]
1257 2483 1364 2532 quiq3
1401 2481 1443 2520 X
1472 2484 1559 2519 ante
1593 2492 1688 2518 corr.
1776 2479 1825 2516 ab

293 2541 429 2597 Areh.]
458 2545 506 2583 ab
533 2557 603 2582 om.
625 2546 670 2582 Π
702 2544 750 2581 ab
779 2544 971 2582 Archelao
1000 2544 1174 2582 alumine
1200 2544 1304 2590 Μαίᾳ.
1428 2541 1480 2578 16
1510 2542 1717 2578 cunctatus
1744 2539 1828 2576 Ho-

294 2607 377 2642 stas
439 2607 540 2642 esset
561 2604 591 2652 Q
624 2606 682 2641 est
709 2606 748 2641 et
773 2607 838 2642 eet.
859 2604 965 2641 codd.
1028 2605 1204 2651 tempore
1231 2596 1392 2651 magno]
1422 2612 1537 2649 opere
1565 2611 1708 2648 magno
1728 2598 1824 2645 Lip-

294 2666 378 2701 sius
402 2663 549 2712 impete
569 2676 713 2713 magno
737 2663 906 2701 Gronou.
935 2665 1013 2710 lpse
1039 2673 1274 2709 quamquam
1299 2661 1438 2697 uitium
1462 2660 1616 2696 subesse
1639 2658 1827 2704 suspicor,

287 2724 425 2770 prima
449 2724 657 2770 fraymaemt
684 2723 801 2760 uerba
829 2725 1010 2770 temptare
1037 2722 1144 2758 nolui
1267 2720 1319 2758 17
1350 2713 1607 2768 interposuit]
1635 2716 1829 2765 imposuit

298 2782 389 2818 ΠΧ
411 2782 498 2828 fort.
525 2783 677 2819 interea
702 2783 837 2830 posuit
942 2781 1077 2819 18.19
1106 2784 1242 2830 grecos
1271 2778 1301 2827 Q
1327 2772 1362 2830 (s
1388 2779 1430 2815 in
1455 2772 1553 2828 ras.)
1666 2777 1718 2813 19
1746 2788 1827 2813 am-

296 2840 426 2878 mouit
452 2842 488 2878 T
547 2842 643 2878 satis
670 2853 740 2878 om.
763 2841 799 2878 Z
