2002 3342
405 177 444 219 Q.
466 177 659 212 CLAVDII
685 177 1003 219 QVADRIGARII
1031 178 1265 214 ANNALES.
1294 180 1336 214 fr.
1358 180 1494 214 5—10b
1633 181 1718 222 ’207

188 289 297 339 haec,
318 290 457 340 inquit,
478 290 645 327 maxime
667 294 850 327 uersatur
872 288 1033 328 deorum
1056 291 1254 341 iniquitas,
1275 291 1378 341 quod
1398 291 1614 330 deteriores
1630 299 1721 331 sunt

187 353 464 392 incolomiores
490 366 618 404 neque
646 354 836 404 optimum
865 367 1098 405 quemquam
1126 357 1230 393 inter
1256 368 1326 394 nos
1361 357 1496 395 sinunt
1523 356 1720 395 diurnare.

283 416 409 459 10³2&
442 419 530 458 ζέει.
553 420 590 466 6,
606 419 674 466 42,
686 419 724 457 3.
765 418 895 457 Creati
921 416 1099 470 [tribuni
1123 419 1313 473 militum]
1341 421 1382 459 Α.
1410 427 1449 460 et
1474 421 1521 461 M.
1550 421 1721 461 Cornelii

189 485 351 534 iterum,
387 483 434 522 Μ.
456 483 670 534 Geganius,
704 483 744 522 P.
766 483 951 535 Manlius,
986 484 1027 523 L.
1050 485 1250 536 Veturius,
1283 486 1322 524 Ρ.
1344 487 1518 525 Valerius
1555 493 1720 526 sextum.

189 561 279 588 cum
311 554 469 600 praeter
488 548 724 587 Velitrarum
751 548 1016 600 obsidionem,
1048 549 1150 588 tardi
1181 552 1306 601 magis
1338 563 1418 590 rem
1451 553 1578 590 exitus
1605 565 1721 603 quam

189 613 310 664 dubii,
337 615 491 664 quietae
512 619 699 652 externae
720 626 784 652 res
805 613 991 653 Romanis
1012 620 1156 666 essent,
1184 616 1283 654 sama
1304 629 1446 667 repens
1470 617 1563 655 belli
1584 617 1723 656 Gallici

188 679 301 717 allata
335 678 507 730 perpulit
538 680 758 729 ciuitatem,
790 684 834 718 ut
860 679 906 718 M.
935 680 1076 718 Furius
1111 679 1277 719 dictator
1303 683 1484 732 quintum
1512 682 1721 722 diceretur.

189 746 222 782 is
255 744 297 782 T.
324 743 550 789 Quinctium
578 744 751 783 Poenum
789 746 1020 795 magistrum
1055 747 1233 796 equitum
1267 746 1373 785 dixit.
1413 747 1599 786 bellatum
1633 760 1721 786 cum

189 808 308 847 Gallis
341 821 386 847 eo
417 821 517 847 anno
544 810 648 847 circa
674 810 866 848 Anienem
893 810 1039 849 flumen
1067 816 1203 849 auctor
1230 816 1290 850 est
1316 811 1501 851 Claudius
1529 813 1722 851 inclitam-

188 887 264 925 que
291 875 331 912 in
357 880 475 925 ponte
503 887 684 925 pugnam,
715 887 790 925 qua
817 874 858 914 T.
880 874 1046 914 Manlius
1074 875 1238 926 Gallum,
1267 889 1354 915 cum
1383 890 1459 928 quo
1486 885 1723 928 prouocatus

185 952 326 978 manus
353 940 571 990 conseruit,
606 941 645 977 in
680 945 892 991 conspectu
928 940 1094 979 duorum
1125 943 1369 980 exercituum
1398 955 1557 981 caesum
1583 949 1722 994 torque

187 1005 383 1056 spoliauit,
410 1010 492 1042 tum
522 1010 746 1055 pugnatam.
1652 1040 1655 1042 ,

279 1065 373 1110 10¹².
412 1070 784 1120 Gell.9‚13,4sqq.
825 1070 920 1116 Quis
953 1072 1077 1110 hostis
1110 1069 1280 1124 [Manlii
1311 1071 1525 1125 Torquati]
1558 1079 1596 1111 et
1628 1073 1721 1125 quid

185 1147 323 1186 genuS,
349 1147 465 1186 quam
493 1135 760 1174 formidandae
786 1138 983 1175 uastitatis
1011 1143 1049 1176 et
1069 1143 1259 1188 quantum
1285 1138 1460 1176 insolens
1486 1145 1723 1190 prouocator

151 1215 162 1222 ’
187 1206 226 1238 et
257 1199 429 1239 cuimodi
462 1200 581 1239 fuerit
612 1213 743 1251 pugna
777 1200 1037 1253 decertatum,
1071 1202 1113 1248 Q.
1142 1202 1327 1242 Claudius
1361 1205 1488 1254 primo
1523 1204 1722 1243 annalium

185 1266 398 1316 purissime
420 1271 535 1316 atque
562 1265 843 1305 inlustrissime
865 1267 1116 1318 simplicique
1138 1274 1176 1306 et
1195 1269 1393 1319 incompta
1415 1270 1603 1308 orationis
1625 1271 1723 1308 anti-

188 1342 287 1381 quae
315 1331 507 1369 suauitate
537 1329 759 1382 descripsit.

284 1468 363 1504 10⁸.
392 1470 515 1515 Pergit
542 1469 694 1504 Liuius:
721 1469 892 1514 pluribus
919 1471 1132 1505 auctoribus
1158 1472 1279 1517 magis
1305 1472 1483 1515 adducor,
1510 1474 1551 1506 ut
1571 1473 1721 1507 credam

187 1515 315 1550 decem
340 1516 441 1550 haud
468 1517 589 1550 minus
615 1519 700 1561 post
722 1528 835 1551 annos
863 1528 907 1552 ea
927 1520 1023 1562 acta,
1051 1520 1121 1553 hoc
1141 1521 1265 1554 autem
1286 1530 1382 1554 anno
1403 1520 1441 1553 in
1462 1520 1608 1554 Albano
1631 1532 1721 1565 agro

187 1574 271 1597 cum
303 1563 421 1598 Gallis
453 1564 634 1598 dictatore
666 1565 711 1598 M.
737 1565 846 1600 Furio
880 1576 983 1600 arma
1015 1566 1175 1602 conlata.
1214 1568 1370 1602 inseruit
1402 1573 1522 1602 tamen
1554 1569 1627 1602 iam
1659 1580 1725 1603 sex

190 1612 302 1646 annis
323 1616 414 1655 post.

283 1658 365 1693 10¹³.
402 1659 516 1693 Verba
535 1658 608 1693 Vbi
635 1671 719 1693 eum
739 1659 875 1694 euertit
894 1681 939 1685 —-
958 1660 998 1694 in
1024 1660 1161 1695 collum
1181 1661 1339 1706 imponit
1358 1674 1374 1697 e
1398 1662 1514 1697 Gellio
1535 1664 1723 1707 exscripsit

186 1706 336 1741 Nonius
368 1708 507 1750 (p.228
519 1707 591 1741 M:
631 1705 805 1741 Claudius
839 1706 1107 1753 Quadrigarius
1142 1708 1355 1744 describens
1391 1709 1509 1744 Manli
1541 1710 1723 1754 Torquati

187 1764 370 1798 pugnam:
393 1753 465 1787 Vbi
480 1775 523 1778 —
539 1753 726 1798 imponit).
742 1775 787 1781 —
801 1756 866 1790 Ex
879 1756 997 1790 eodem
1014 1756 1170 1791 Claudio
1183 1767 1253 1791 seta
1265 1758 1419 1802 smnpsit
1435 1758 1573 1792 Liuius
1591 1761 1621 1800 7,
1637 1762 1671 1800 9,
1689 1761 1722 1800 6,

182 1805 373 1845 postquam
390 1802 533 1836 Licinii
548 1802 673 1837 Macri
685 1803 929 1837 testimonium
945 1804 1007 1845 (fr.
1019 1806 1078 1847 16)
1094 1805 1301 1850 redaryuit:
1321 1805 1492 1840 Dictator
1505 1805 1570 1851 [T.
1589 1805 1722 1850 Quinc-

187 1849 261 1883 tius
292 1849 460 1894 Poenus]
497 1860 579 1882 cum
610 1849 793 1883 tumultus
827 1850 963 1885 Gallici
1000 1862 1113 1886 causa
1143 1851 1331 1886 iustitium
1364 1851 1558 1893 edixisset,
1595 1864 1722 1887 omnes

186 1895 348 1930 iuniores
381 1899 609 1931 sacramento
645 1897 774 1941 adegit
808 1897 1027 1942 ingentique
1062 1899 1226 1933 exercitu
1259 1899 1305 1933 ab
1337 1900 1428 1934 urbe
1460 1900 1650 1944 profectus
1682 1900 1722 1934 in

187 1943 356 1978 citeriore
388 1944 470 1988 ripa
505 1944 656 1978 Anienis
690 1946 811 1978 castra
842 1945 977 1989 posuit.
1016 1958 1108 1990 pons
1140 1947 1180 1980 in
1210 1947 1334 1982 medio
1362 1949 1442 1982 erat
1468 1947 1608 1982 neutris
1636 1959 1719 1982 enm

185 1991 461 2035 rumpentibus,
494 2002 539 2025 ne
568 1991 712 2025 timoris
744 1992 923 2027 indicium
957 1995 1062 2028 esset.
1102 1994 1246 2038 proelia
1278 1995 1323 2029 de
1356 1995 1574 2039 occupando
1608 1997 1725 2040 ponte.

188 2038 316 2072 crebra
343 2041 465 2080 erant,
492 2049 559 2072 nec
586 2039 649 2082 qui
675 2039 884 2083 potirentur
909 2041 1059 2075 incertis
1085 2040 1229 2075 uiribus
1257 2042 1348 2075 satis
1375 2042 1536 2076 discerni
1563 2044 1720 2086 poterat.

186 2088 266 2119 tum
287 2086 423 2120 eximia
443 2086 603 2130 corporis
623 2087 884 2131 magnitudine
903 2088 939 2121 in
961 2099 1120 2122 uacuum
1140 2091 1291 2132 pontem
1313 2089 1471 2123 Gallus
1498 2090 1723 2134 processit

187 2134 226 2167 et
251 2135 432 2176 quantum
466 2134 659 2168 maxima
692 2145 800 2168 uoce
826 2136 952 2179 potuit
979 2136 1104 2179 ‘quem
1130 2137 1255 2177 nune’,
1288 2137 1413 2181 inquit
1441 2137 1574 2172 ‘Roma
1598 2137 1721 2171 uirum

187 2180 431 2214 fortissimum
456 2181 586 2222 habet,
619 2182 837 2225 procedat
868 2183 1028 2227 agedum
1061 2184 1108 2217 ad
1135 2195 1319 2228 pugnam,
1346 2186 1388 2218 ut
1413 2185 1538 2219 noster
1564 2185 1722 2219 duorum

187 2231 340 2262 euentus
367 2229 551 2271 ostendat,
578 2231 663 2263 utra
688 2240 778 2274 gens
806 2230 903 2264 bello
925 2230 974 2264 sit
999 2230 1156 2265 melior’.
1190 2231 1264 2265 Diu
1288 2232 1386 2266 inter
1410 2231 1590 2276 primores
1616 2232 1722 2267 iuue-

277 2354 323 2408 9,
350 2362 369 2397 1
398 2359 470 2396 hee
497 2359 532 2395 Z
560 2360 601 2395 in
628 2358 700 2396 hoc
726 2360 774 2397 L.
789 2361 958 2398 fllrccllei·
989 2361 1062 2399 hac
1088 2362 1237 2398 Hosius
1299 2358 1486 2412 maxime]
1519 2375 1571 2400 cm
1599 2364 1723 2400 maxi-

188 2417 279 2455 ma?
341 2420 507 2456 uexatur
531 2419 566 2455 1.
581 2419 627 2456 F.
647 2418 870 2456 Gronoztizts
902 2423 1083 2457 seruatur
1108 2421 1310 2458 Baehrens
1408 2423 1431 2458 2
1459 2421 1721 2460 incoloniores

190 2477 221 2524 Q
283 2477 437 2515 obtima
465 2477 495 2525 Q
555 2479 596 2514 in
623 2490 712 2516 suos
738 2479 866 2516 solent
891 2479 1044 2517 Nonius
1107 2480 1308 2517 diurnarei
1334 2480 1369 2516 Z

278 2531 368 2586 10³,
397 2538 421 2574 4
453 2533 479 2586 p
505 2537 687 2575 manlius.
720 2539 896 2576 ueturius
923 2539 1028 2577 Med.
1152 2540 1174 2576 5
1209 2539 1442 2576 uelitratum
1467 2541 1573 2578 Med.
1636 2553 1721 2578 rem·

189 2596 259 2633 del.
286 2596 321 2633 I.
336 2596 404 2633 Fr.
424 2596 594 2634 Gronov.
707 2597 729 2634 6
758 2598 872 2647 gallii
896 2597 1053 2635 Leicl.I
1154 2601 1174 2636 7
1203 2599 1371 2646 perculit
1396 2599 1487 2636 libre?
1512 2602 1646 2637 recent.

191 2657 214 2691 8
249 2655 548 2704 is.t.quintium
581 2668 751 2704 poenum
784 2663 886 2706 mag.
914 2658 1090 2705 equitum
1124 2657 1223 2694 dixit
1254 2658 1346 2696 Par.
1361 2659 1467 2696 Med.
1542 2658 1720 2696 Pennum

161 2714 370 2762 μιδίροηὶηε
402 2716 449 2762 cf.
477 2716 598 2762 4,26‚
617 2717 637 2751 1
765 2718 812 2754 11
850 2728 1009 2753 manum
1037 2717 1125 2754 libri
1150 2719 1284 2754 ment.
1348 2718 1471 2755 seruit
1495 2716 1602 2756 Med.
1632 2721 1725 2756 ante

190 2777 340 2811 correct.
467 2776 517 2812 12
545 2777 767 2823 pugnatum
793 2776 920 2813 Paris.

283 2827 380 2883 10¹³,
410 2833 460 2869 15
490 2833 771 2882 decertatumq3
799 2831 937 2871 claudi'
969 2835 1177 2882 QZBTY

1749 392 1819 445 363

1749 453 1818 484 387

1750 1057 1819 1087 367

1749 1117 1819 1147 387
