2002 3342
719 193 765 227 M.
788 193 989 228 PORCIVS
1017 193 1140 228 CATO
1591 208 1700 238 CLIX

171 315 233 345 tus
261 314 318 345 est
348 305 581 356 discipulus,
614 304 767 343 Marcus
793 306 1030 354 Antoninus,
1064 306 1131 355 qui
1158 306 1331 343 imitatus
1361 306 1537 355 magistri
1569 319 1699 344 exem-

170 372 277 422 plum
304 384 381 410 non
409 371 534 409 solum
568 370 706 408 crebro
740 382 828 407 eum
862 369 1063 409 lectitabat
1094 366 1174 422 (ep.
1197 368 1235 420 2,
1260 369 1312 408 123
1340 383 1374 421 p.
1397 368 1464 408 36.
1498 369 1525 408 4
1552 383 1586 421 p.
1608 368 1701 424 29),

169 437 237 475 sed
271 438 386 475 etiam
420 437 473 486 ei,
507 448 622 486 quem
656 440 862 485 patronum
897 448 1011 473 suum
1045 435 1228 485 appellat,
1262 441 1385 473 totum
1419 448 1459 473 se
1495 435 1697 474 dedicasse

167 509 282 553 atque
317 500 571 552 despondisse
599 507 713 550 atque
748 499 939 550 deligasse
971 499 1171 550 uerbaque
1201 500 1390 550 quaedam
1424 513 1464 539 se
1493 514 1537 539 ex
1566 514 1610 539 eo
1640 502 1698 539 fu-

173 574 298 606 ratum
332 579 418 605 esse
451 566 640 616 gloriatur
673 573 751 617 (ep.
780 562 894 614 2,13
921 578 957 616 p.
979 562 1065 618 36).
1118 564 1276 603 uidetur
1310 573 1438 604 tamen
1474 566 1620 604 Fronto
1657 568 1696 605 in

166 632 408 671 orationibus
435 632 682 682 potissimum
710 629 924 669 tractandis
951 635 1132 669 uersatus
1160 642 1258 680 esse,
1286 637 1400 681 atque
1428 631 1531 682 quod
1560 631 1605 670 de
1638 632 1697 670 hi-

165 699 375 736 storiarum
402 709 545 747 genere
573 695 773 734 scribendi
799 695 989 734 iudicium
1016 695 1122 745 tulit,
1152 697 1282 734 minus
1310 702 1396 747 apte
1424 696 1578 747 tulisse,
1607 710 1696 736 cum

165 762 305 801 melius
333 761 544 813 quadraret
570 763 610 799 in
637 762 845 811 orationes,
871 760 911 799 id
938 760 1041 811 quod
1062 762 1138 798 iam
1160 773 1278 811 supra
1299 774 1334 812 p.
1353 770 1490 799 CXLVI
1511 762 1698 801 iudicaui.

164 840 286 866 unum
320 832 469 865 tantum
497 826 611 865 modo
639 827 816 865 seruauit
842 827 1037 876 originum
1066 827 1326 875 fragmentum
1354 822 1419 879 (fr.
1444 824 1545 879 107)
1577 827 1695 878 idque

164 906 208 931 ex
237 893 412 931 oratione
440 891 619 943 quadam,
645 904 761 942 quam
789 893 881 929 (Lato
909 890 1129 942 originibus
1155 892 1389 930 inseruerat.
1428 891 1549 930 Multo
1575 894 1695 930 maio-

164 970 246 996 rem
281 969 439 1009 operam
479 962 516 995 et
553 956 794 1007 diligentiam
829 958 961 1007 posuit
995 957 1035 994 in
1072 955 1290 1007 originibus
1326 958 1367 994 A.
1395 956 1596 1007 Gellius,
1629 959 1696 1008 qui

163 1036 209 1061 ex
242 1034 478 1073 unoquoque
504 1021 604 1060 libro
631 1021 783 1072 singula
810 1021 948 1060 saltem
978 1022 1197 1072 fragmenta
1223 1033 1346 1072 eaque
1374 1024 1504 1060 omnia
1531 1022 1578 1061 ad
1605 1035 1695 1061 uer-

161 1087 255 1126 bum
277 1089 449 1126 seruauit
472 1083 621 1139 (11220.
642 1085 710 1126 26.
732 1084 799 1125 36.
824 1084 887 1125 73.
910 1084 975 1125 77.
999 1085 1065 1125 79.
1087 1084 1154 1125 82.
1177 1083 1244 1125 83.
1267 1084 1334 1126 86.
1357 1084 1423 1125 87.
1447 1086 1513 1126 91.
1536 1084 1603 1125 93.
1626 1086 1694 1127 95.

161 1150 229 1191 96.
257 1150 324 1191 99.
350 1150 444 1190 100.
468 1150 564 1191 101.
589 1149 683 1190 105.
708 1149 803 1191 108.
828 1148 942 1204 109).
989 1151 1058 1190 sed
1087 1151 1276 1190 Mercklin
1310 1149 1510 1204 (Citierm.
1536 1166 1573 1203 p.
1596 1151 1695 1192 660.

162 1216 259 1257 655.
282 1214 386 1271 648)
423 1217 468 1256 de
502 1217 787 1269 compluribus,
821 1229 917 1255 num
950 1229 995 1255 ex
1030 1218 1115 1268 ipso
1143 1216 1287 1256 Catone
1316 1230 1360 1256 ea
1394 1217 1695 1269 deprompserit,

163 1283 373 1333 dubitauit,
405 1281 523 1334 idque
557 1282 850 1321 concedendum
881 1288 940 1321 est
974 1281 1019 1321 de
1047 1283 1214 1321 maxima
1242 1284 1430 1321 orationis
1457 1282 1694 1323 Rliodieusis

160 1355 281 1399 parte,
309 1361 425 1399 quam
452 1361 498 1387 ex
525 1348 670 1386 Tirone
697 1347 909 1386 transtulit.
948 1347 1016 1386 sed
1045 1347 1090 1386 de
1118 1349 1262 1386 ceteris
1289 1349 1530 1400 fragmentis,
1558 1362 1698 1400 quam-

161 1426 278 1465 quam
303 1413 400 1452 haec
427 1415 651 1452 coniectura
679 1426 699 1452 a
726 1413 839 1452 Gellii
865 1425 975 1452 more
1002 1419 1181 1452 auctores
1208 1413 1353 1452 citandi
1386 1426 1464 1452 non
1495 1413 1691 1465 abhorret,

161 1486 267 1517 certa
303 1485 433 1517 tamen
469 1484 698 1529 argumenta
732 1478 1018 1517 desiderantur.
1063 1479 1157 1529 quin
1193 1479 1309 1517 etiam
1344 1485 1503 1530 praeter
1534 1479 1692 1518 Tironis

161 1550 345 1595 excerpta
377 1549 497 1582 totam
531 1545 748 1583 orationem
780 1543 885 1582 illam
913 1543 1061 1582 Gellius
1087 1545 1127 1581 in
1154 1556 1292 1582 manus
1320 1557 1361 1583 se
1389 1546 1605 1595 sumpsisse
1632 1547 1695 1584 ui·

162 1609 245 1647 deri
271 1608 357 1648 uult
381 1604 432 1661 (c.
454 1607 493 1659 3,
508 1605 597 1663 55),
623 1621 826 1660 unumque
853 1608 993 1659 locum,
1020 1610 1205 1659 quoniam
1226 1608 1317 1647 Tiro
1344 1611 1692 1661 praetermisisset,

160 1686 178 1712 a
207 1687 247 1712 se
275 1673 449 1712 additum
476 1686 562 1713 esse
590 1675 674 1725 ipse
702 1673 882 1713 adfirmat
908 1669 1008 1727 (par.
1030 1670 1162 1727 50).1)

248 1739 371 1777 Gellio
392 1752 492 1790 quae
520 1739 566 1778 de
586 1745 705 1778 uento
733 1741 862 1778 cercio
884 1739 1102 1778 secundum
1125 1741 1297 1790 origines
1319 1740 1440 1779 refert
1460 1740 1690 1791 Apuleius

158 1800 264 1857 (adn.
286 1801 362 1857 93)
385 1804 526 1843 debere
547 1804 718 1855 uidetur,
744 1805 880 1844 Verrio
900 1804 1038 1844 Flacco
1059 1817 1182 1843 unum
1204 1804 1461 1844 Catonianum
1481 1805 1695 1845 Donatus

157 1871 196 1908 in
225 1871 505 1908 commentario
526 1870 764 1909 Terentiano
793 1865 900 1923 (adn.
922 1866 1009 1923 24),
1035 1882 1163 1921 neque
1185 1869 1452 1921 Charisius,
1481 1873 1547 1922 qui
1566 1871 1688 1910 multa

156 1934 333 1986 exempla
376 1935 587 1974 Catoniana
627 1947 752 1986 paene
790 1937 921 1974 omnia
966 1948 1054 1974 cum
1096 1935 1289 1974 librorum
1327 1937 1504 1974 numeris
1549 1936 1689 1976 adtulit

156 1996 222 2053 (fr.
239 1998 306 2038 27.
328 1998 395 2038 34.
417 1998 484 2039 35.
507 1998 574 2039 64.
592 1998 658 2038 74.
676 1997 741 2039 ΤΞ).
767 1999 860 2039 114.
884 1998 979 2039 116.
1003 1998 1098 2040 120.
1119 1997 1235 2054 121),
1262 2002 1390 2052 ipsum
1413 2002 1560 2040 fontem
1581 2002 1691 2051 adiit,

156 2064 259 2116 quod
287 2064 333 2103 de
366 2065 439 2103 hoc
466 2065 624 2116 quidem
658 2066 884 2104 firmissime
911 2065 1152 2104 ostendetur.
1192 2065 1368 2117 exempla
1395 2067 1500 2104 enim
1528 2079 1573 2105 ex
1602 2079 1686 2106 ora-

156 2129 329 2169 tionihus
361 2131 500 2181 petita,
533 2143 628 2181 quas
657 2130 749 2169 Cato
784 2131 829 2169 de
863 2131 1067 2169 consulatu
1095 2136 1133 2169 et
1165 2132 1204 2169 in
1232 2131 1272 2169 L.
1293 2131 1456 2169 Furium
1485 2131 1531 2169 de
1564 2131 1686 2171 multa

156 2191 347 2249 hahuit2)‚
373 2196 413 2233 in
442 2195 523 2234 solo
551 2197 689 2246 capite,
716 2195 819 2247 quod
846 2191 904 2249 (2,
922 2193 994 2248 13)
1025 2195 1070 2234 de
1098 2195 1284 2234 aduerhio
1313 2208 1359 2234 ex
1386 2196 1484 2235 Iulio
1510 2196 1685 2235 Romano

154 2256 260 2312 (Keil
286 2260 406 2311 praef.
434 2273 470 2311 p.
490 2256 604 2314 XLV)
637 2262 923 2312 transscripsit,
956 2262 1155 2312 inuenies,
1189 2261 1365 2312 exempla
1392 2274 1437 2300 ex
1465 2262 1690 2312 originibus

250 2429 282 2471 1)
310 2426 480 2462 Ceterum
507 2428 621 2462 etiam
647 2439 743 2472 quae
768 2429 958 2472 praefatus
985 2430 1041 2463 est
1064 2428 1204 2463 Gellius
1233 2429 1278 2462 de
1303 2428 1533 2463 Rhodiorum
1560 2441 1685 2473 causa⁷

151 2481 370 2524 priusquam
395 2481 574 2516 orationis
601 2481 829 2516 Catonianae
854 2482 1065 2527 fragmenta
1090 2483 1286 2524 insereret,
1319 2482 1357 2516 in
1383 2482 1507 2516 uerbis
1534 2482 1683 2517 Catoni-

153 2534 233 2568 anis
258 2544 393 2578 ponere
418 2544 490 2568 non
513 2533 697 2569 dubitaui.
736 2534 913 2569 nimirum
938 2537 988 2578 et,
1013 2535 1189 2578 quoniam
1215 2535 1322 2569 illam
1344 2546 1493 2570 eausam
1520 2546 1593 2570 non
1618 2547 1682 2579 po-

150 2586 220 2620 tuit
244 2598 318 2621 non
344 2597 516 2621 enarrare
543 2586 634 2621 Cato
662 2587 701 2621 in
728 2587 955 2633 originibus,
988 2588 1102 2622 etiam
1136 2599 1199 2623 seu
1225 2588 1397 2623 Tironem
1430 2600 1494 2622 seu
1521 2588 1682 2623 Gellium

153 2640 231 2674 eius
257 2640 311 2675 rei
336 2640 510 2674 notitiam
537 2651 621 2675 cum
646 2640 729 2684 ipsa
755 2641 921 2676 oratione
948 2641 1069 2675 eidem
1096 2641 1267 2676 debuisse
1294 2642 1373 2676 ueri
1401 2642 1521 2677 simile
1548 2649 1617 2682 est,
1645 2644 1682 2676 et

152 2693 219 2727 illa
238 2705 386 2737 cumque
399 2695 539 2738 partim
558 2699 766 2729 senatorum
787 2715 830 2721 —
846 2699 1078 2739 quererentur
1097 2695 1279 2740 originem
1300 2694 1546 2729 Catonianam
1567 2695 1679 2739 signi-

153 2745 261 2781 ficare
286 2747 462 2781 uidentur
487 2746 546 2791 (cf.
572 2747 616 2780 fr.
637 2747 701 2781 95¹>
727 2760 777 2782 [ιη
796 2749 938 2792 partim
962 2759 1085 2783 eorum
1110 2750 1274 2791 fuerint).

248 2802 281 2842 2)
308 2799 431 2833 Vnum
456 2799 566 2834 huius
593 2801 771 2835 orationis
797 2802 840 2836 fr.
867 2801 906 2835 in
931 2800 1019 2835 libri
1044 2801 1154 2845 primi
1180 2804 1292 2845 caput
1318 2801 1436 2843 XVII,
1464 2801 1562 2845 quod
1589 2801 1680 2834 item

149 2853 289 2897 pendet
314 2864 357 2887 ex
383 2852 562 2895 Romano,
590 2853 753 2888 delatum
780 2856 836 2889 est
861 2857 907 2899 (p.
926 2859 991 2890 126
1006 2854 1073 2893 Κ).
