2002 3342
465 173 657 208 VALERH
685 173 910 207 ANTIATIS
937 172 1173 207 ANNALES.
1213 173 1254 207 fr.
1277 177 1416 207 43-45
1623 172 1710 213 259

182 286 416 335 interrogari
445 298 521 323 non
550 286 689 336 possit3
717 284 814 322 nihil
835 290 913 322 tam
936 283 1159 335 aequandae
1188 283 1379 322 libertatis
1401 296 1487 322 esse
1509 296 1623 334 quam
1646 296 1713 334 po-

182 351 448 388 tentissimum
483 362 677 401 quemque
711 362 824 400 posse
860 349 990 388 dicere
1023 361 1192 387 causam.
1238 349 1331 399 quid
1365 355 1492 387 autem
1521 355 1602 387 tuto
1631 350 1712 387 cui-

181 428 310 465 quam,
337 414 481 453 nedum
510 427 702 453 summam
730 427 813 452 rem
834 414 1042 464 publicam,
1069 415 1257 464 permitti,
1284 415 1316 452 si
1339 416 1436 452 ratio
1458 426 1536 452 non
1557 416 1608 452 sit
1629 413 1712 452 red-

182 479 337 519 denda?
376 482 441 531 qui
469 481 529 518 ius
557 492 724 530 aequum
752 480 831 529 pati
853 491 930 517 non
952 480 1088 530 possit,
1118 480 1156 516 in
1185 492 1273 517 eum
1301 481 1381 517 uim
1403 479 1505 517 haud
1528 480 1712 517 iniustam

138 560 154 585 5
179 557 278 583 esse.
318 545 413 583 haec
435 546 574 595 agitata
597 543 858 594 sermonibus,
881 543 1004 582 donec
1020 543 1103 581 dies
1125 557 1264 582 causae
1282 544 1469 583 dicendae
1490 546 1610 583 uenit.
1638 557 1710 582 nec
1738 544 1761 578 b

184 609 284 648 alius
317 614 428 648 antea
461 611 669 660 quisquam
703 621 775 647 nec
807 608 872 647 ille
906 610 989 660 ipse
1018 608 1148 660 Scipio
1182 609 1317 648 consul
1348 623 1538 648 censorue
1566 611 1713 648 maiore

179 676 307 713 omnis
333 675 492 725 generis
518 675 720 712 hominum
750 674 981 724 frequentia,
1008 686 1123 725 quam
1147 686 1236 712 reus
1263 674 1328 712 illo
1352 675 1412 713 die
1441 677 1479 713 in
1506 676 1632 713 sorum
1655 680 1715 713 est

178 739 381 778 deductus.
421 740 552 778 iussus
587 739 717 778 dicere
752 751 908 777 causam
943 740 1027 778 sine
1059 738 1135 777 ulla
1164 741 1373 778 criminum
1402 742 1600 778 mentione
1628 752 1713 778 ora-

178 806 326 843 tionem
354 804 449 843 adeo
477 806 724 855 magnificam
752 804 797 842 de
827 804 944 843 rebus
972 804 1019 842 ab
1047 817 1087 842 se
1116 806 1236 855 gestis
1264 811 1319 843 est
1345 818 1520 856 exorsus,
1547 811 1590 844 ut
1617 807 1713 844 satis

129 884 163 909 10
184 875 383 908 constaret
415 871 613 908 neminem
644 882 830 920 umquam
863 882 990 921 neque
1023 869 1164 908 melius
1197 882 1323 921 neque
1353 872 1488 909 uerius
1515 870 1714 909 laudatum

179 947 279 973 esse.
327 934 560 973 dicebantur
596 936 700 973 enim
735 934 780 972 ab
814 947 858 973 eo
886 935 1022 973 eodem
1050 936 1179 973 animo
1209 937 1460 986 ingenioque,
1494 949 1569 986 quo
1605 941 1714 986 gesta

178 1005 302 1050 erant,
330 1005 369 1038 et
389 1001 542 1038 aurium
565 999 765 1038 fastidium
787 999 931 1050 aberat,
959 1001 1047 1051 quia
1072 1012 1141 1051 pro
1169 1001 1356 1051 periculo,
1383 1013 1459 1040 non
1482 1002 1521 1039 in
1549 1000 1711 1051 gloriam

178 1065 463 1104 reserebantur.
492 1071 544 1118 (Ne.
562 1062 649 1117 51.)
672 1065 820 1104 tribuni
842 1071 974 1103 vetera
996 1064 1173 1104 luxuriae
1196 1066 1361 1104 crimina
1379 1066 1713 1116 Syracusanorum
1746 1077 1764 1099 0

179 1129 435 1169 hibernorum
470 1136 507 1168 et
536 1130 671 1169 Locris
697 1130 982 1169 Pleminianum
1017 1130 1228 1169 tumultum
1262 1144 1350 1169 cum
1385 1131 1432 1169 ad
1460 1131 1575 1169 fidem
1604 1143 1714 1181 prae-

121 1210 155 1235 15
179 1197 351 1234 sentium
374 1196 584 1234 criminum
607 1196 866 1246 rettulissent,
888 1195 1180 1247 suspicionibus
1202 1198 1326 1246 magis
1342 1209 1457 1247 quam
1472 1197 1715 1245 argumentis

177 1262 368 1311 pecuniae
396 1268 530 1312 captae
559 1274 668 1299 reum
697 1267 943 1299 accusarunt.
984 1261 1106 1299 tilium
1135 1267 1291 1312 captum
1319 1263 1403 1299 sine
1430 1263 1557 1312 pretio
1586 1260 1715 1299 reddi-

178 1332 274 1377 tum,
296 1326 558 1377 omnibusque
580 1326 666 1365 aliis
688 1326 805 1365 rebus
821 1327 1058 1377 Scipionem,
1082 1332 1277 1377 tamquam
1300 1328 1337 1365 in
1361 1328 1445 1365 eius
1464 1328 1582 1365 unius
1598 1339 1714 1364 manu

176 1403 248 1441 pax
276 1390 449 1429 Romana
477 1391 702 1442 bellumque
731 1397 852 1442 esset,
879 1391 924 1429 ab
952 1392 1141 1430 Antiocho
1170 1391 1336 1444 cultum3
1365 1392 1594 1430 dictatorem
1623 1404 1712 1430 eum

177 1455 343 1507 consuli,
371 1469 448 1495 non
476 1457 646 1508 legatum
672 1458 712 1494 in
739 1458 943 1507 prouincia
972 1458 1104 1505 fuisse,
1133 1470 1205 1495 nec
1232 1456 1278 1495 ad
1306 1457 1418 1496 aliam
1447 1469 1529 1495 rem
1553 1470 1598 1495 eo
1625 1469 1713 1507 pro-

123 1535 158 1559 20
179 1522 346 1572 sectum,
379 1534 494 1572 quam
521 1528 581 1573 ut,
614 1522 653 1560 id
680 1521 784 1573 quod
810 1521 1040 1573 Hispaniae,
1068 1521 1232 1572 Galliae,
1260 1522 1428 1572 Siciliae,
1458 1523 1609 1560 Africae
1638 1523 1714 1560 iam

177 1586 332 1637 pridem
354 1599 587 1638 persuasum
609 1593 725 1638 esset,
752 1587 824 1625 boo
841 1586 1027 1626 Graeciae
1042 1588 1233 1638 Asiaeque
1256 1594 1294 1626 et
1314 1588 1495 1626 omnibus
1518 1587 1564 1625 ad
1586 1589 1714 1625 orien-

134 1663 137 1665 ’
174 1657 256 1689 tem
292 1653 420 1690 uersis
456 1652 615 1703 regibus
648 1652 911 1703 gentibusque
945 1658 1168 1703 appareret,
1208 1665 1330 1691 unum
1366 1653 1565 1691 hominem
1599 1658 1715 1703 caput

175 1716 438 1767 columenque
474 1719 632 1768 imperii
663 1717 827 1755 Romani
861 1729 965 1769 esse,
1002 1717 1074 1756 sub
1111 1717 1249 1756 umbra
1284 1717 1480 1768 Scipionis
1514 1719 1714 1756 ciuitatem

175 1780 375 1820 dominam
408 1782 515 1820 orbis
549 1788 744 1821 terrarum
779 1782 919 1833 latere,
953 1788 1090 1821 nutum
1125 1785 1210 1821 eius
1243 1795 1313 1833 pro
1348 1783 1517 1821 decretis
1547 1788 1716 1833 patrum,

120 1860 156 1885 2²5
176 1859 248 1897 pro
281 1847 415 1898 populi
449 1849 566 1886 iussis
600 1861 699 1886 esse.
745 1848 905 1885 iufamia
933 1849 1122 1886 intactum
1150 1848 1316 1899 inuidia,
1346 1861 1418 1899 qua
1447 1854 1623 1899 possunt,
1650 1860 1715 1885 ur-

270 1984 306 2020 b.
321 1985 602 2029 SimiliterApp.
612 1985 691 2031 Syr.
702 1989 766 2019 40:
781 1986 816 2025 ἐς
829 1984 869 2020 τὸ
885 1986 1125 2030 δικαστήριον
1140 1984 1251 2026 αὐτὸς
1264 1988 1459 2040 παρῆλθεν
1473 1986 1532 2020 ἐπὶ
1546 1987 1716 2029 λαμπροῦ

176 2032 360 2077 σχήματος
385 2033 467 2067 ἀντι
490 2034 638 2076 οἰκτροῦ
665 2047 729 2067 και
753 2039 931 2067 ταπεινοῦ
957 2039 1030 2068 τῶν
1057 2034 1294 2074 ὑπευθύνων,
1321 2034 1369 2072 ὡς
1392 2033 1508 2072 εὐθὺς
1534 2031 1595 2067 ἐπὶ
1620 2034 1713 2078 τῷδε

175 2079 320 2120 πάντας
351 2079 528 2125 ἐκπλῆξαί
559 2093 597 2114 τε
629 2080 694 2114 καὶ
725 2081 762 2120 ἐς
793 2080 956 2123 εὔνοιαν,
990 2081 1038 2119 ὡς
1064 2081 1125 2115 ἐπι
1157 2083 1297 2127 χρηστῶ
1321 2081 1367 2124 δὴ
1394 2078 1579 2115 συνειδότι
1603 2093 1714 2124 μιγα-

175 2128 479 2172 λοφρονούμενον
511 2126 827 2171 προσαγαγέσθαι.
867 2127 985 2172 λέγειν
1012 2128 1052 2162 δὲ
1079 2128 1285 2172 ἀρξάμενος
1309 2141 1373 2172 της
1399 2127 1465 2171 μὲν
1490 2127 1715 2183 κατηγορίας

176 2173 263 2209 οὐδ’
286 2175 519 2219 ἐπεμνήσθη,
551 2175 616 2209 τὸν
649 2176 688 2209 δὲ
722 2173 803 2220 ριόν
831 2174 964 2209 ἑαυτοῦ
996 2176 1060 2209 καὶ
1087 2176 1360 2220 ἐπιτηδεύματα
1386 2176 1450 2209 καὶ
1477 2175 1565 2219 ἔργα
1589 2174 1714 2209 πάντα

177 2222 322 2268 ἐπεξῄει
347 2223 416 2256 παὶ
441 2221 624 2267 πολέμους
650 2221 758 2262 οσους
783 2221 1004 2266 ἐπολέμησεν
1031 2223 1122 2264 ὑπὲρ
1142 2228 1206 2267 τῆς
1224 2221 1404 2266 πατρίδος
1425 2225 1496 2257 κτλ.
1534 2229 1609 2256 tum
1628 2234 1714 2256 uero

177 2281 201 2303 α
227 2270 341 2304 Liuio
368 2271 536 2312 descedit,
569 2270 664 2313 quod
693 2281 763 2303 non
789 2270 900 2304 altero
926 2270 983 2304 die
1008 2271 1069 2304 secl
1096 2272 1267 2305 continuo
1290 2275 1372 2314 post
1396 2271 1490 2304 hanc
1516 2271 1715 2304 orationem

177 2319 401 2361 Africanum
427 2318 608 2362 populum
639 2317 862 2352 cohortatum
893 2328 964 2351 esse
993 2318 1123 2359 traclzſst
1155 2323 1194 2352 ut
1221 2330 1255 2352 se
1280 2320 1320 2352 in
1348 2318 1569 2362 Capitolimu
1594 2328 1712 2360 seque-

175 2368 313 2399 rentur.
339 2366 431 2408 facit
450 2377 529 2400 cum
551 2376 588 2399 eo
611 2364 750 2399 Gellius*
776 2367 809 2407 4,
826 2367 883 2406 18
898 2367 1018 2408 3sqq.,
1044 2366 1088 2407 ef.
1113 2366 1326 2407 Mommsen,
1352 2365 1395 2399 R.
1417 2364 1453 2398 F.
1476 2364 1508 2398 Il
1531 2376 1565 2408 p
1583 2367 1710 2408 4998‘1

273 2423 301 2446 c.
329 2414 374 2455 Cf.
395 2413 564 2447 Zonaras
584 2414 695 2454 ‘100
723 2414 782 2454 (eae
808 2413 956 2455 Litti0):
988 2411 1256 2457 κατεψηφισθη
1283 2433 1326 2437 —
1353 2411 1567 2456 Αφρικανὸς
1594 2433 1636 2437 -
1665 2412 1715 2452 ὡς

175 2459 445 2542 ἐπιεικεστερας
468 2460 534 2500 τὰς
561 2459 754 2503 συνθήκας
779 2458 843 2494 διὰ
868 2457 932 2494 τὸν
959 2459 1044 2494 υἱὸν
1070 2459 1327 2504 ποιησάμενος.
1368 2463 1413 2503 cs'.
1433 2461 1479 2502 fr.
1502 2463 1558 2495 42

268 2591 304 2627 2.
321 2591 344 2627 3
374 2591 585 2638 quoiquam
608 2589 714 2636 Illos).
802 2590 824 2625 3
853 2589 908 2626 rei
935 2589 1115 2638 publicae
1143 2590 1222 2626 cod.
1242 2600 1313 2627 rec.
1404 2592 1451 2626 11
1483 2602 1526 2626 eo
1551 2592 1636 2636 post
1663 2589 1712 2626 ab

176 2648 331 2686 addidit
354 2649 398 2685 P.
418 2649 630 2686 Burmann
693 2660 716 2684 a
743 2650 830 2685 (mic
857 2661 933 2696 quo
960 2649 1030 2685 del.
1051 2649 1263 2686 Burmann
1371 2650 1422 2686 13
1448 2651 1537 2696 post
1563 2648 1711 2685 tribuni

142 2730 154 2733 >
177 2707 269 2745 aad.
290 2710 361 2745 τιεί.
389 2708 470 2745 edd.
497 2707 624 2756 plebis
686 2708 749 2744 uel
783 2711 849 2744 ant
876 2707 955 2744 illis
983 2709 1126 2754 aliquot
1152 2708 1241 2746 libri
1269 2720 1350 2751 recu,
1376 2708 1553 2755 plerique
1579 2720 1650 2745 om.

179 2769 233 2805 23
269 2766 568 2815 columnamque
602 2767 661 2803 uel
693 2766 925 2814 culmenque
959 2768 1028 2804 alti
1060 2768 1122 2804 lib.
1150 2780 1220 2805 rec.
1345 2769 1398 2804 24
1433 2769 1569 2804 nutum
1604 2768 1709 2814 Moy.

177 2829 297 2864 nutus
317 2825 492 2873 plerique
519 2826 607 2864 lim-2
634 2837 705 2863 rec.
756 2828 913 2874 patrum
942 2827 1155 2875 populique
1182 2828 1298 2864 iussis
1318 2828 1439 2874 pauci
1466 2826 1553 2863 libra·
1580 2838 1649 2863 rec.

1428 2896 1467 2925 17
1482 2893 1494 2905 ⁹·
