2002 3342
599 211 636 244 L.
659 209 858 245 COELIVS
886 210 1166 245 ANTIPATER
1481 224 1657 255 ccxxix

118 335 162 360 ex
191 321 349 372 Polybio
377 322 569 371 originem
598 320 745 359 ducunt
772 322 812 359 in
846 322 985 371 primis
1013 327 1164 372 septem
1198 322 1289 360 libri
1317 322 1420 361 XXlI
1450 324 1657 374 capitibus,

118 386 164 425 ad
191 388 439 437 Antipatrum
467 386 698 424 referemus.
739 391 831 424 sunt
857 392 985 424 autem
1013 386 1128 426 haec:
1162 400 1192 425 c.
1219 385 1237 425 1
1265 383 1434 441 (except.
1456 401 1608 439 paragr.
1630 387 1656 427 3

119 448 285 505 dimid.)
331 449 376 501 3,
401 448 574 489 11—14
602 447 675 504 (cf.
698 450 827 489 adnot.
849 451 895 489 ad
918 451 961 490 fr.
986 447 1084 504 19),
1123 464 1169 490 ex
1204 464 1286 504 cap.
1307 451 1334 492 4
1371 465 1413 492 ea
1447 466 1545 504 quae
1579 455 1655 492 iam

116 517 528 566 commemorauimus,
563 513 755 567 5,1-2;
784 514 827 568 6;
855 514 892 554 8.
925 514 1110 567 6,1—-4.
1142 515 1177 567 7,
1200 515 1225 557 5
1255 514 1321 570 (de
1355 518 1537 557 Flaminii
1573 531 1657 557 cor-

117 579 248 635 pore),
277 579 301 621 8
329 593 472 619 nomen
498 583 710 633 praetoris3
746 579 904 620 9—14.
945 587 1037 620 sunt
1063 587 1193 620 autem
1220 583 1314 621 haer
1342 584 1394 621 ita
1422 590 1656 635 comparata,

118 652 158 685 ut
179 653 215 685 et
237 652 360 685 artem
383 648 594 684 oratoriam
617 646 728 685 facile
750 646 928 697 prodant,
949 648 1116 685 maxime
1133 649 1420 699 exornationes,
1442 661 1541 700 quae
1562 661 1656 700 prae

118 711 272 750 leuibus
305 713 483 750 minutiis
510 717 731 750 accuratam
763 713 938 762 ipsarum
965 724 1098 750 rerum
1128 712 1370 763 diligentiam
1398 713 1657 753 absterserint

114 776 178 815 uel
205 776 508 815 obscurauerint
541 776 741 827 multaque
775 783 979 828 poetarum
1008 789 1116 816 more
1145 777 1192 816 de
1219 778 1423 817 hominum
1451 779 1656 818 affectibus

115 843 377 892 uarrauerint,
405 854 504 892 quae
533 841 580 879 ab
607 841 795 880 historiae
817 841 1051 893 Polybianae
1078 844 1281 882 maiestate
1310 849 1349 882 et
1375 843 1564 894 religione
1590 844 1655 882 ab·

115 907 340 957 horrerent,
374 913 411 945 et,
439 906 657 945 Romanum
691 913 893 946 auctorem
927 907 1097 946 militum
1131 920 1293 947 suorum
1323 910 1511 947 uirtutem
1541 915 1655 960 atque

114 974 231 1011 etiam
268 972 451 1010 Flaminii
489 974 748 1011 constantiam
790 972 1066 1012 defendentem
1106 973 1336 1025 clademque
1377 973 1450 1012 soli
1485 973 1654 1013 Punicae

115 1039 280 1076 astutiae
308 1036 560 1076 tribuentem.

203 1102 394 1141 Similiter
425 1115 488 1142 res
522 1115 563 1142 se
596 1102 713 1142 habet
740 1104 780 1141 in
808 1103 929 1142 cladis
957 1103 1176 1142 Cannensis
1207 1105 1432 1143 narratione
1461 1100 1564 1157 (Liu.
1586 1102 1655 1155 22,

112 1165 300 1206 44-50.
328 1165 770 1219 P01yb.3,112—116.
799 1169 845 1207 cf.
862 1167 1071 1207 C.Peterl.
1087 1182 1115 1207 s.
1138 1182 1173 1220 p.
1189 1167 1398 1223 46—-48).
1426 1181 1515 1208 nam
1537 1171 1654 1208 etiam

112 1232 175 1271 hic
202 1232 389 1284 pleraque
411 1232 548 1272 Liuius
577 1235 743 1284 sumpsit
771 1246 817 1271 ex
839 1233 1010 1284 Polybio,
1038 1234 1107 1273 sed
1136 1234 1346 1273 dilucidam
1370 1236 1654 1286 expositionem

111 1297 366 1348 neglegenter
398 1298 645 1349 excerpendo
679 1298 853 1350 aliasque
888 1311 951 1337 res
979 1299 1157 1338 addendo
1186 1312 1269 1338 rem
1302 1302 1496 1351 peruertit
1523 1307 1561 1338 et
1587 1300 1654 1338 ob-

113 1364 298 1402 scurauit.
338 1365 414 1402 iam
437 1363 540 1402 Liuii
567 1366 672 1403 enim
701 1370 825 1403 aetate
853 1366 971 1403 etiam
999 1365 1072 1403 alia
1101 1365 1146 1404 de
1169 1365 1278 1404 clade
1305 1365 1371 1403 illa
1398 1366 1497 1404 sama
1524 1367 1653 1404 incre-

111 1427 261 1478 buerat,
289 1441 364 1479 qua
391 1428 466 1467 fide
494 1429 681 1468 historica
708 1429 929 1480 posthabita
957 1430 995 1468 id
1018 1430 1217 1482 agebatur,
1243 1436 1287 1470 ut
1307 1430 1417 1469 Fabii
1444 1430 1527 1469 laus
1549 1433 1653 1470 eius-

112 1506 187 1544 que
215 1495 281 1544 qui
310 1506 400 1532 eum
428 1500 588 1533 secutus
616 1500 691 1545 est,
725 1495 881 1533 Aemilii
909 1495 1016 1534 Pauli
1043 1495 1351 1547 praedicaretur,
1384 1497 1512 1535 omnis
1540 1497 1653 1547 culpa

111 1560 151 1596 in
178 1558 391 1597 Varronem
426 1559 722 1611 neglectamque
757 1560 803 1598 ab
838 1573 882 1598 eo
916 1560 1148 1611 religionem
1183 1567 1449 1611 auerteretur,
1485 1563 1652 1600 uictoria

111 1629 240 1662 autem
277 1623 508 1663 Hannibalis
543 1637 621 1663 non
659 1627 819 1676 ingenio
856 1632 921 1664 aut
953 1627 1094 1665 uirtuti
1131 1626 1199 1665 sed
1236 1626 1329 1665 solis
1363 1629 1651 1677 strategematis

111 1685 229 1742 (quae
264 1694 302 1728 et
334 1691 465 1740 inepte
500 1691 716 1741 excogitata
751 1696 841 1730 sunt
874 1697 913 1730 et
944 1693 1088 1743 partim
1116 1691 1193 1730 illis
1224 1691 1321 1730 locis
1349 1692 1502 1731 inutilia
1530 1697 1652 1743 erant,

111 1754 158 1792 cf.
181 1755 219 1792 C.
240 1754 356 1793 Peter
376 1754 399 1793 l.
421 1767 450 1793 s.
472 1768 508 1806 p.
524 1753 600 1809 68)
628 1753 919 1810 tribue1·etur.¹)
960 1756 1052 1795 huic
1086 1758 1209 1797 famae
1243 1769 1285 1796 se
1316 1756 1551 1796 addixerunt
1576 1758 1651 1808 Ap-

110 1821 249 1870 pianus
283 1825 321 1858 et
346 1816 480 1873 Di02),
514 1821 704 1872 quaedam
738 1834 784 1859 ex
819 1834 862 1860 ea
896 1823 1085 1873 inspersit
1111 1822 1266 1861 Liuius:
1300 1835 1332 1861 c.
1352 1820 1423 1873 44,
1438 1820 1551 1861 5-7
1584 1818 1651 1875 (de

111 1884 315 1923 consulum
350 1882 584 1940 discordia),
618 1899 650 1925 c.
670 1882 1036 1940 46‚9(v01turnus
1069 1893 1213 1926 uentus
1247 1887 1438 1927 aduersus
1464 1887 1650 1926 Romanis

111 1946 301 2002 coortus),
322 1947 391 2001 48,
400 1948 517 1989 2-4
532 1948 810 2005 (Numidarum
826 1949 1096 2007 strategema),
1116 1950 1186 2003 49,
1200 1950 1342 1991 1—12
1360 1948 1489 2007 (Pauli
1505 1949 1650 2006 mors)3

114 2012 272 2053 16—18
291 2012 575 2068 (Romanorum
597 2018 817 2055 occisorum
840 2017 1032 2068 quaedam
1053 2019 1211 2056 nomina
1233 2024 1271 2057 et
1291 2014 1482 2072 ordines).
1510 2015 1578 2056 50.
1594 2016 1647 2057 51

110 2075 231 2133 (quae
252 2086 340 2131 post
360 2093 530 2131 pugnam
552 2083 592 2120 in
613 2084 753 2121 castris
768 2082 953 2121 Romanis
975 2083 1214 2135 Punicisque
1236 2089 1343 2134 gesta
1365 2079 1475 2137 sint).
1516 2090 1650 2122 contra

111 2156 174 2183 res
210 2144 396 2196 quasdam
434 2146 481 2184 ad
520 2159 689 2198 pugnam
727 2154 833 2186 recte
869 2148 1173 2199 intellegendam
1210 2150 1454 2188 necessarias
1491 2150 1648 2187 omnino

110 2211 252 2260 omisit,
281 2218 539 2261 expugnatam
568 2212 614 2250 ab
642 2212 857 2251 Hannibale
886 2225 1016 2252 arcem
1042 2213 1299 2265 Cannensem,
1326 2215 1367 2252 in
1394 2226 1509 2264 quam
1538 2227 1557 2252 a
1580 2213 1648 2252 Ca-

111 2276 223 2313 nusio
246 2282 486 2315 commeatus
508 2277 682 2328 aliaeque
706 2290 769 2317 res
785 2278 831 2316 ad
853 2278 999 2317 bellum
1019 2278 1373 2318 administrandum
1387 2279 1504 2317 utiles
1522 2285 1648 2317 trans-

208 2385 237 2427 1)
267 2383 319 2418 Cf.
343 2385 501 2428 Appian.
523 2385 684 2420 Hannib.
708 2390 768 2420 ⁵26:
802 2386 911 2431 νίκην
938 2386 1092 2432 ἀρίστην
1118 2401 1155 2422 τε
1183 2388 1245 2422 καὶ
1273 2387 1432 2423 σπάνιον
1459 2388 1647 2432 ἐξενεγκά-

110 2448 219 2480 μενος
244 2435 382 2481 ἡμέρας
408 2444 494 2481 μιᾶς
520 2439 792 2485 στρατηγήμασι
818 2440 996 2484 τέσσαρσι.

205 2492 238 2533 2)
266 2489 353 2524 Noli
379 2491 478 2525 enim
506 2493 718 2527 existimare
744 2492 880 2528 Dioni
909 2493 1048 2528 bellum
1076 2494 1255 2528 Punicum
1285 2494 1440 2529 alterum
1469 2494 1647 2529 scribenti

109 2541 369 2588 (XIII—XVII)
390 2544 537 2579 Liuium
557 2545 775 2590 primarium
796 2546 937 2582 fontem
958 2547 1072 2581 fuisse
1092 2548 1167 2581 uid.
1189 2548 1285 2582 infra,
1310 2560 1345 2592 p.
1363 2561 1504 2582 ccxxxn
1522 2560 1556 2582 n.
1577 2548 1646 2581 hoc

110 2606 154 2629 ea.
179 2607 216 2629 re
243 2596 444 2641 refutatur,
477 2599 576 2642 quod
604 2610 669 2634 eae
702 2600 805 2644 ipsae
832 2611 907 2642 res,
940 2612 1033 2644 quas
1061 2600 1189 2635 Liuius
1219 2601 1364 2645 respuit
1394 2601 1455 2635 uel
1483 2601 1647 2635 breuiter

111 2652 386 2693 commemorat,
414 2652 512 2694 apud
534 2652 715 2686 Zonaram
738 2653 798 2687 uel
817 2653 974 2688 Dionem
995 2657 1189 2698 tamquam
1217 2655 1325 2689 unice
1346 2665 1457 2689 uerae
1485 2654 1646 2698 scriptae

110 2703 267 2736 exstant.
309 2702 352 2737 cf.
377 2703 411 2737 C.
433 2704 542 2739 Peter
567 2705 590 2739 l.
614 2718 639 2739 s.
668 2718 702 2750 p.
725 2709 779 2741 67,
802 2710 857 2741 69.
886 2706 925 2741 E.
942 2707 1129 2741 Schwartz
1156 2708 1202 2742 R.
1225 2708 1272 2742 E.
1294 2708 1342 2741 ΙΙΙ
1363 2719 1392 2742 c.
1417 2711 1507 2741 1694
1521 2719 1572 2750 sq.
1602 2728 1643 2731 -

110 2753 313 2789 Kahrstedt
338 2768 372 2800 p.
395 2761 462 2791 362
492 2760 529 2792 et
556 2757 679 2794 Coelio
713 2761 750 2793 et
782 2760 980 2794 annalibus
1007 2760 1113 2795 Liuio
1146 2772 1219 2794 non
1253 2761 1392 2806 ignotis
1422 2771 1506 2795 eum
1538 2771 1645 2793 usum

111 2818 189 2841 esse
228 2811 362 2843 censet.
397 2831 439 2835 —
473 2810 527 2845 De
560 2811 760 2847 Plutarcho
794 2813 838 2847 cf.
870 2813 1015 2858 Quellen
1048 2814 1082 2849 d.
1104 2815 1166 2849 Pl.
1194 2826 1229 2858 p.
1252 2818 1402 2848 51-57.
1426 2817 1575 2848 74-80
1609 2815 1646 2847 et-

111 2871 223 2903 supra
250 2872 284 2904 p.
304 2874 386 2896 xcrx
403 2875 454 2906 sq.
