2002 3342
113 902 148 926 :10

111 1228 146 1252 15

457 191 653 226 VALERH
678 191 903 227 ANTIATIS
930 191 1167 226 ANNALES.
1207 191 1248 225 fr.
1275 195 1410 226 17—22
1618 192 1703 233 247

169 305 330 354 bantur,
363 303 410 342 ab
438 304 477 341 Α.
506 303 704 341 Postumio
732 303 891 341 consule
919 302 994 341 duo
1024 302 1128 341 milia
1157 308 1194 341 et
1221 302 1527 353 quadringentos
1555 315 1702 341 caesos.

171 376 342 409 ceteram
357 367 650 408 multitudinem
671 367 855 418 praedam
871 374 1062 418 agentem,
1087 380 1185 418 quae
1207 368 1392 406 inciderit
1410 370 1448 406 in
1464 368 1707 418 Quinctium,

171 446 416 486 nequaquam
437 435 521 484 pari
543 433 764 472 defunctam
786 445 871 471 esse
894 432 1025 483 caede,
1053 434 1258 471 interfecta
1280 433 1370 471 inde
1392 438 1575 484 quattuor
1595 432 1701 471 milia

170 508 206 540 et
235 498 484 551 exsequendo
512 498 709 537 subtiliter
735 510 944 536 numerum
973 497 1163 536 ducentos
1193 499 1245 536 ait
1273 505 1310 536 et
1337 499 1508 547 triginta.

260 562 332 605 20.
366 564 644 612 L2·n.4,23,2.
682 563 856 601 Valerius
887 564 1022 601 Antias
1056 569 1093 601 et
1120 562 1164 607 Q.
1186 562 1341 601 Tubero
1371 563 1416 601 M.
1446 562 1631 601 Manlium
1668 567 1707 601 et

169 630 211 676 Q.
240 630 457 681 Sulpicium
484 629 665 668 consules
693 630 731 666 111
760 641 849 667 611111
877 640 1022 667 annum
1050 627 1183 666 edunt.

1734 527 1803 557 434

1733 575 1804 616 ff

1733 662 1802 694 278

260 692 363 735 21²³.
401 696 494 734 Gell.
516 695 555 743 3,
570 694 608 733 8.
648 694 744 732 Cum
772 693 918 745 Pyrrus
952 705 1018 732 rex
1050 694 1089 731 111
1118 699 1221 731 teria
1249 693 1357 731 Italia
1386 699 1490 732 esset
1516 699 1554 732 et
1579 706 1699 732 unam
1725 709 1802 753 4—7‘6

168 768 283 813 atque
311 760 471 799 alteram
499 772 648 810 pinnas
674 771 863 810 prospere
892 764 1116 809 pugnasset,
1148 760 1320 809 satisque
1342 765 1505 809 agerent
1525 759 1700 809 Romani,

169 834 207 866 et
232 827 417 878 pleraque
438 825 546 864 Italia
573 824 619 863 ad
646 837 778 875 regem
808 824 1058 863 desciuisset:
1087 830 1169 862 turn
1191 823 1485 862 Ambraciensis
1507 826 1703 875 quispiam

168 891 438 942 Timochares,
472 892 576 941 regis
602 890 715 941 Pyrri
742 891 907 940 amicus,
944 889 991 928 ad
1018 890 1057 928 C.
1085 889 1309 927 Fabricium
1337 888 1538 927 consulem
1566 889 1700 927 furtim

168 959 276 997 uenit
304 970 347 995 ac
374 957 592 1008 praemium
625 957 766 1006 petiuit
793 961 848 1006 et,
881 957 914 994 si
949 954 995 993 de
1028 956 1203 1006 praemio
1239 956 1488 1004 conueniret,
1520 955 1705 1005 promisit

168 1035 301 1073 regem
326 1023 492 1061 uenenis
519 1034 679 1073 11eeare3
707 1020 824 1072 idque
852 1020 964 1059 facile
992 1032 1078 1058 esse
1106 1020 1211 1058 sactu
1239 1019 1360 1069 dixit,
1388 1020 1573 1070 quoniam
1600 1019 1705 1058 filius

167 1100 262 1127 suus
300 1086 438 1139 poeula
471 1088 510 1125 in
544 1088 728 1125 conuiuio
763 1087 846 1136 regi
880 1087 1133 1124 ministraret.
1180 1097 1265 1123 eam
1300 1097 1384 1123 rem
1417 1084 1622 1123 Fabricius
1656 1084 1704 1123 ad

167 1160 347 1193 senatum
380 1153 550 1203 scripsit.
591 1158 748 1191 senatus
779 1151 826 1189 ad
859 1163 992 1202 regem
1019 1150 1166 1201 legatos
1194 1151 1302 1189 misit
1328 1149 1628 1201 mandauitque,
1660 1156 1704 1189 ut

168 1219 213 1258 de
241 1218 471 1258 Timochare
498 1217 595 1256 nihil
622 1217 835 1269 proderent
862 1216 931 1256 sed
958 1221 1176 1266 monerent,
1202 1217 1261 1254 uti
1284 1227 1353 1254 rex
1375 1216 1705 1266 circumspectius

167 1291 299 1335 ageret
325 1290 440 1335 atque
467 1296 487 1322 a
513 1285 782 1334 proximorum
810 1281 965 1320 insidiis
993 1281 1160 1319 salutem
1186 1286 1393 1319 tutaretur.
1432 1280 1514 1319 Hoc
1541 1282 1612 1331 ita,
1646 1282 1705 1319 uti

167 1349 347 1398 diximus,
376 1351 415 1387 in
442 1348 570 1388 Valeri
595 1349 761 1386 Antiatis
789 1348 952 1386 historia
980 1348 1171 1398 scriptum
1200 1352 1270 1385 est.

255 1411 360 1454 222².
399 1415 559 1453 Censor.
581 1416 630 1453 cle
651 1416 687 1453 d.
709 1420 790 1452 nal.
808 1414 874 1460 17,
892 1414 958 1451 10.
991 1412 1115 1451 Tertii
1138 1411 1221 1450 ludi
1241 1407 1519 1463 fimecnstcres]
1540 1410 1701 1449 fuerunt

163 1481 317 1518 Antiate
340 1480 530 1530 Liuioque
553 1478 778 1518 auctoribus
792 1478 832 1517 P.
849 1477 1009 1517 Claudio
1032 1477 1199 1516 Pulchro
1219 1476 1259 1515 L.
1275 1476 1386 1515 Iunio
1408 1475 1515 1514 Pullo
1539 1476 1702 1515 consae*

263 1617 327 1652 20.
354 1618 487 1652 Eidem
519 1622 549 1653 el
581 1617 733 1653 Seruius
760 1617 950 1653 Cornelius
977 1617 1107 1652 Cossus
1132 1627 1156 1650 α
1182 1615 1348 1650 Diodoro
1374 1616 1501 1656 12‚53‚
1517 1617 1536 1648 1
1564 1614 1705 1648 tribuni

164 1666 323 1700 militnm
348 1666 425 1700 eius
451 1666 543 1700 anm·
568 1666 737 1700 eduntur.
776 1666 817 1699 in
836 1665 904 1699 hac
925 1663 1124 1708 appendice
1150 1664 1195 1705 (c.
1216 1665 1275 1705 23,
1291 1664 1400 1705 1—3)
1429 1663 1536 1696 etiam
1559 1665 1706 1705 praeter

169 1713 390 1747 Tuberonem
417 1714 478 1756 (fr.
501 1716 538 1755 6)
572 1714 745 1748 Licinius
779 1713 907 1746 Macer
939 1712 1001 1754 (fr.
1025 1713 1084 1754 14)
1113 1721 1303 1754 eorumque
1335 1710 1422 1744 libri
1451 1710 1555 1743 lintei
1586 1710 1704 1744 citan—

136 1785 138 1788 ψ
162 1765 243 1802 tur,
276 1761 461 1795 concludit
491 1765 611 1795 tamen
641 1761 798 1795 Liuius·
830 1759 895 1793 sed
927 1759 1025 1794 inter
1058 1759 1183 1792 cetera
1208 1758 1398 1791 uetustate
1432 1760 1607 1800 cooperta
1633 1756 1704 1790 hoc

165 1818 314 1852 quoque
340 1808 378 1842 in
403 1807 544 1842 incerto
570 1807 744 1852 positum
779 1807 858 1842 tid.
881 1807 1085 1842 Mommsen
1108 1805 1152 1840 R.
1172 1805 1211 1840 F.
1231 1805 1266 1839 II
1288 1816 1324 1848 Ρ.
1338 1807 1494 1849 222sqq

263 1855 327 1890 21.
352 1856 524 1900 Sequitur
543 1856 645 1899 apud
667 1855 826 1890 Gellium
847 1854 998 1889 Claudii
1016 1855 1062 1897 fr.
1078 1856 1135 1888 4²0.
1174 1853 1265 1888 Cum
1285 1852 1429 1887 V·ale7io
1449 1852 1601 1886 Antiate
1621 1862 1704 1886 con-

162 1904 258 1938 cinti
282 1914 378 1938 nnus
408 1904 520 1938 Vazer
544 1904 652 1938 Mam.
674 1906 706 1945 6,
722 1906 809 1946 5,1.·
835 1901 1074 1936 Timochares
1106 1899 1383 1934 Ambraciensis
1416 1898 1586 1933 Fabricio
1617 1909 1703 1932 eon-

165 1950 239 1984 suli
269 1950 462 1995 pollicitus
495 1952 550 1984 est
576 1962 615 1985 se
641 1951 797 1994 Pyrrum
828 1959 972 1983 ueneno
1005 1959 1072 1993 per
1098 1948 1216 1982 filium
1243 1959 1367 1988 51111111,
1395 1946 1460 1990 qui
1485 1946 1702 2000 potionibus

165 1998 245 2032 eius
271 2001 460 2042 praestat
486 1999 714 2032 necaturum.
748 2008 792 2032 ea
818 2007 875 2031 res
902 2008 986 2031 eum
1011 1996 1059 2030 ad
1086 1996 1256 2029 senatum
1283 1996 1381 2029 esset
1407 1994 1551 2038 delata,
1579 1993 1701 2028 missis

164 2045 300 2090 legatis
333 2046 487 2089 Pyrrum
519 2045 680 2088 monuit,
712 2047 754 2080 ut
787 2045 965 2079 aduersus
997 2043 1107 2077 huius
1133 2043 1280 2088 generis
1306 2041 1464 2076 insidias
1491 2041 1636 2076 cautius
1663 2051 1701 2075 se

164 2097 320 2138 gereret,
347 2104 487 2127 memor
511 2092 642 2126 urbem
668 2103 690 2126 a
715 2091 792 2126 filio
812 2091 944 2126 Martis
971 2091 1160 2125 conditam
1181 2090 1293 2124 almis
1313 2089 1426 2131 bella
1452 2100 1526 2123 non
1545 2088 1700 2123 uenenis

160 2151 290 2185 gerere
311 2141 457 2176 debere.
483 2140 713 2175 Timocharis
735 2141 861 2174 autem
881 2150 1014 2173 nomen
1039 2137 1257 2182 suppressit,
1276 2139 1435 2180 utroque
1448 2136 1558 2170 modo
1573 2136 1702 2179 aequi-

161 2190 280 2222 tatem
312 2188 519 2233 amplexus
553 2187 642 2232 quia
673 2198 740 2221 nee
774 2187 919 2221 hostem
951 2185 1051 2220 malo
1085 2184 1254 2229 exemplo
1287 2184 1419 2219 tollere
1452 2194 1572 2228 neque
1605 2195 1699 2225 eum,

160 2236 227 2279 qui
247 2236 340 2270 bene
360 2235 492 2270 mereri
511 2236 665 2279 paratus
687 2234 820 2278 fuerat,
847 2233 1004 2278 prodere
1023 2233 1156 2267 uoluit.
1190 2234 1235 2275 cf.
1255 2244 1371 2276 snpra
1390 2243 1424 2275 Ρ.
1445 2241 1699 2275 LW'CCXXHIISQ

164 2284 367 2318 fllommsen
386 2283 427 2317 R.
450 2283 487 2317 F.
508 2283 541 2316 11
560 2294 594 2326 p.
610 2286 677 2317 499
695 2294 747 2326 sq.
769 2302 813 2307 —
837 2282 995 2316 Gellium
1021 2281 1212 2324 descripsit
1232 2281 1392 2315 Ioannes
1418 2279 1700 2314 Saresberiensis

158 2331 313 2374 (Polzer.
336 2334 368 2373 5,
386 2334 436 2374 7),
461 2331 630 2373 confudit
654 2335 774 2364 tamen
809 2330 972 2364 Valerios
999 2329 1189 2363 Antiatem
1214 2332 1247 2363 et
1274 2328 1495 2362 Maermum

312 2379 436 2413 .L1u.
453 2390 529 2422 per.
551 2381 616 2412 49:
642 2377 759 2412 Tertii
784 2376 915 2411 Punici
941 2375 1032 2410 belli
1058 2375 1208 2410 initium
1235 2375 1352 2409 altero
1379 2377 1416 2408 et
1435 2373 1699 2408 sescentesimo

160 2425 209 2460 ab
236 2426 325 2460 urbe
353 2426 504 2460 condita
530 2437 626 2460 anno
655 2427 712 2469 (=
735 2427 802 2458 605
828 2435 893 2459 sec.
917 2424 1047 2477 Varr).
1075 2444 1118 2448 —
1146 2422 1227 2456 ludi
1253 2422 1332 2457 Diti
1358 2421 1459 2466 patri
1486 2421 1533 2455 ad
1560 2421 1698 2455 Tar-en

161 2475 241 2507 tum
274 2484 318 2507 ex
349 2475 548 2518 praecepto
580 2473 760 2507 librorum
791 2471 900 2516 facti,
934 2471 998 2515 qui
1029 2475 1114 2506 ante
1143 2481 1281 2504 annum
1309 2469 1553 2504 centesimum
1578 2468 1698 2513 primo

253 2604 330 2658 QG,
359 2610 381 2647 5
416 2610 590 2647 uelerius
617 2610 757 2647 Medic.
823 2608 991 2646 antiates
1022 2608 1156 2645 Veron.
1219 2606 1414 2643 Manlium
1443 2605 1578 2644 Veron.
1615 2618 1698 2642 ma-

160 2668 303 2706 nilium
329 2669 667 2707 Med.Pa1·.Leid.
695 2667 850 2705 Manius
878 2668 1039 2705 Diodor.
1153 2667 1174 2703 6
1205 2666 1427 2714 quinctium
1454 2665 1554 2713 sulp.
1582 2664 1695 2702 Laid.

162 2741 175 2743 ·
253 2723 329 2766 ἳΙ.
364 2727 447 2766 Vid.
475 2740 612 2775 αΡΡαν.
635 2730 715 2765 crit.
743 2727 794 2765 ad
824 2726 961 2765 Claud
987 2728 1036 2773 fr.
1061 2727 1115 2763 40
1135 2739 1176 2773 Ρ.
1197 2727 1296 2762 219.

252 2782 326 2837 22,
357 2788 408 2824 19
437 2789 613 2825 antiatae
632 2788 806 2825 Damnst.
870 2782 1461 2835 Ρ111101.005.Ι)α)ηιεΐ9111101
1487 2796 1580 2823 cons
1611 2784 1647 2821 V
1645 2786 1696 2822 a&

155 2849 244 2893 post
271 2857 372 2883 cons.
401 2847 590 2884 intercidit
617 2858 719 2883 anno
747 2845 821 2882 DV

1730 1373 1798 1404 249

1728 1421 1802 1464 ’5οἝ
