2002 3342
300 196 447 226 vam
867 182 1266 218 PROLEGOMENON

299 293 347 332 ad
383 294 539 332 Antium
577 299 615 331 et
651 293 696 331 de
734 294 877 344 Aequis
912 294 953 331 in
989 293 1126 343 Algido
1164 299 1429 344 reportantem
1467 295 1558 333 fecit
1590 291 1648 348 (3,
1669 294 1726 334 22
1741 294 1830 351 sq),

299 364 433 397 contra
461 358 668 408 Dionysius
695 354 782 411 (10,
805 356 861 396 20
878 356 954 411 sq.)
981 359 1020 396 in
1054 358 1188 397 multis
1222 358 1340 397 rebus
1374 371 1462 397 cum
1496 371 1540 398 eo
1578 363 1829 401 consentiens

300 423 461 461 Fabium
484 422 587 461 sacili
608 435 725 473 opera
749 423 794 461 de
815 423 959 474 Aequis
979 423 1207 474 Volscisque
1229 424 1267 461 in
1290 423 1437 473 Algido,
1465 424 1651 475 collegam
1676 426 1715 463 L.
1738 426 1829 465 Cor-

299 489 446 527 nelium
462 488 782 538 Maluginensem,
804 489 870 539 qui
891 488 993 539 apud
1008 488 1164 526 Liuium
1180 488 1323 526 Romae
1345 496 1599 540 remanserat,
1622 490 1667 529 de
1682 491 1830 530 Volscis

297 553 515 604 urbemque
537 553 695 591 Antium
718 553 843 591 denuo
866 559 1168 603 expugnantem,
1195 558 1408 604 utrumque
1434 559 1564 593 tamen
1585 556 1829 606 triumphau-

298 624 395 669 tem,
435 631 508 669 qua
546 620 584 656 in
622 630 662 656 re
699 623 783 656 acta
819 618 1070 669 triumphalia
1108 631 1195 656 oum
1232 630 1276 656 eo
1313 619 1476 671 saciunt3
1517 619 1585 657 sed
1624 620 1726 659 idem
1767 633 1830 659 res

299 696 329 722 a.
351 681 449 721 485.
472 680 557 722 269
585 689 714 734 gestas
747 685 798 721 ita
832 684 936 721 inter
969 683 1052 721 Ser.
1075 682 1302 721 Cornelium
1335 689 1374 721 et
1402 682 1444 728 Q.
1467 683 1630 723 Fabium
1661 687 1829 736 partitus

298 754 357 786 651
385 745 443 800 (8,
465 745 558 801 82),
591 754 634 786 ut
666 748 772 786 illius
804 747 951 786 bellum
984 753 1120 786 contra
1146 748 1328 786 Veientes
1358 760 1497 799 parum
1524 748 1737 799 gloriosum
1763 752 1829 789 uix

298 815 472 865 quinque
498 813 695 863 uersibus,
722 814 839 852 huius
865 819 999 851 contra
1021 813 1178 851 Volscos
1206 819 1391 851 euentum
1419 814 1560 864 uiginti
1587 820 1738 865 septem
1766 828 1830 853 ex·

298 884 426 930 ponat.
478 879 618 930 quodsi
646 878 782 917 Liuius
809 878 832 916 l.
854 891 882 917 s.
905 875 962 930 (3,
984 876 1052 929 23,
1080 876 1124 931 7)
1152 878 1248 917 11366
1281 878 1499 917 adnotauit:
1541 881 1691 918 Eodem
1724 893 1830 920 anno

299 946 475 983 descisse
501 946 688 983 Antiates
714 946 826 993 apud
845 946 1060 993 plerosque
1087 949 1275 982 auctores
1307 947 1483 982 inuenio.
1535 945 1577 983 L.
1605 945 1831 984 Cornelium

299 1012 499 1049 consulem
526 1011 571 1048 id
595 1011 736 1048 bellum
761 1012 933 1057 qesse'sse
959 1011 1227 1058 oppidumque
1247 1012 1400 1058 cepisse
1421 1015 1574 1048 certum
1596 1012 1830 1059 adfirmare,

298 1078 395 1124 quia
422 1076 534 1113 nulla
562 1076 674 1123 apud
698 1077 939 1113 uetustiores
965 1077 1051 1112 eius
1078 1077 1140 1112 rei
1165 1077 1311 1113 mentio
1340 1080 1406 1123 est,
1434 1086 1513 1113 non
1542 1078 1688 1122 αηεῐφη,
1718 1081 1830 1114 uetu-

299 1141 439 1179 stiores
466 1146 597 1178 autem
624 1144 817 1189 auctores,
845 1140 913 1189 qui
934 1138 1107 1177 Cornelii
1134 1138 1288 1177 laudem
1316 1139 1472 1177 silentio
1500 1145 1694 1190 texerunt,
1722 1140 1831 1179 Fabii

299 1211 503 1254 auxerunt,
530 1205 727 1243 Pictorem
755 1216 841 1242 esse
869 1205 1135 1255 consequitur.

388 1270 578 1308 Similiter
610 1269 737 1320 aliqua
770 1281 816 1307 ex
849 1274 958 1320 parte
993 1282 1057 1307 res
1091 1282 1131 1308 se
1164 1269 1308 1307 babere
1341 1269 1502 1308 uidetur
1529 1269 1575 1308 de
1603 1269 1829 1309 Claudiis.

299 1336 488 1375 Ciminiae
516 1334 675 1386 quidem
703 1334 825 1373 siluae
852 1335 1062 1373 transitum
1090 1334 1215 1373 solum
1243 1333 1286 1379 Q.
1307 1334 1470 1373 Fabium
1497 1334 1706 1374 Maximum
1740 1348 1830 1374 con-

298 1401 442 1451 sulem,
476 1413 551 1451 qua
577 1401 718 1438 fuisset
749 1401 897 1438 uirtute
931 1404 970 1438 et
1002 1399 1180 1450 audacia,
1219 1401 1443 1450 suscepisse
1471 1399 1606 1439 Liuius
1638 1406 1832 1439 memorat

299 1464 356 1519 (9,
384 1464 452 1517 36,
483 1465 518 1515 1,
550 1465 704 1516 Alpium
738 1464 967 1503 Hannibalis
1008 1461 1339 1517 reminiscimur),
1376 1467 1627 1516 primumque
1663 1464 1831 1504 eundem

297 1531 491 1570 Diodorus
513 1528 601 1583 (20,
624 1528 691 1581 35,
712 1528 751 1581 4,
774 1530 820 1568 cf.
842 1529 1124 1568 Binnehoessel
1145 1542 1179 1580 p.
1200 1527 1252 1568 13
1265 1542 1349 1581 sqq.
1374 1528 1426 1569 76
1440 1527 1528 1584 sq),
1550 1543 1678 1582 neque
1698 1536 1831 1569 tamen

299 1604 447 1636 temere
474 1596 539 1634 ille
568 1592 655 1648 (qui
681 1595 811 1634 sabula
839 1607 994 1646 quoque
1023 1607 1112 1633 eum
1140 1592 1376 1648 exornauit),
1404 1608 1493 1634 cum
1521 1595 1764 1646 speculatum
1790 1596 1830 1634 in

298 1663 495 1702 Etruriam
529 1662 701 1700 misisset
735 1660 908 1699 Marcum
942 1661 1120 1698 fratrem:
1161 1663 1335 1699 consulis
1363 1661 1539 1710 fratrem
1572 1662 1626 1700 M.
1648 1662 1830 1709 Fabium,

303 1730 518 1767 Caesonem
551 1729 639 1775 alli,
678 1727 715 1765 C.
749 1726 960 1764 Claudium
986 1727 1150 1775 quidam
1183 1731 1312 1764 matre
1344 1727 1483 1764 eadem
1516 1738 1596 1774 qua
1629 1729 1831 1765 consulem

295 1797 475 1843 yem'lum
509 1794 678 1831 tradunt
710 1788 761 1843 (6.
784 1788 851 1841 36,
873 1788 936 1843 3);
977 1792 1093 1829 6113111
1129 1791 1202 1829 hac
1240 1792 1361 1841 igitur
1399 1790 1678 1841 speculationis
1716 1790 1830 1830 laude

299 1857 395 1896 ‘alii’
412 1858 451 1896 C.
468 1856 672 1896 Claudium
693 1856 969 1907 spoliauerant,
991 1867 1037 1893 ex
1059 1855 1201 1906 quibus
1222 1855 1295 1893 1106
1317 1867 1472 1906 quoque
1497 1855 1632 1894 Liuius
1653 1855 1831 1894 hausisse

298 1923 468 1974 uidetur,
496 1922 599 1973 quod
626 1921 668 1966 Q.
690 1921 853 1960 Fabium
881 1922 921 1959 in
949 1920 1070 1959 altero
1099 1920 1367 1959 decemuiratu
1395 1922 1502 1959 iuxta
1524 1921 1692 1972 Appium
1719 1920 1831 1959 Clau-

300 1989 406 2027 dium
434 1984 676 2040 (Crassum),
716 1988 828 2025 cuius
860 1987 1086 2024 ministrum
1121 1991 1159 2024 et
1190 1975 1275 2036 ipse
1302 1981 1359 2038 (3,
1380 1983 1449 2036 44,
1471 1982 1516 2039 5)
1551 1991 1589 2024 et
1623 1985 1831 2037 Dionysius

299 2051 387 2106 (11,
403 2051 470 2104 28,
486 2050 531 2105 5)
553 2054 593 2090 111
615 2064 730 2090 631153
746 2052 952 2102 Verginiae
973 2051 1020 2089 M.
1037 2050 1241 2089 Claudium
1259 2052 1578 2100 nominauerunt,
1600 2052 1831 2102 principem,

300 2118 517 2170 ‘egregium
538 2117 629 2156 olim
653 2117 756 2156 domi
776 2115 1033 2167 militiaeque'
1057 2111 1124 2169 (de
1147 2128 1222 2167 quo
1243 2115 1437 2154 Diodorus
1460 2115 1525 2166 12,
1546 2114 1614 2167 24,
1633 2115 1654 2154 1
1678 2112 1831 2170 tacuit),

299 2198 318 2223 a
353 2184 513 2234 collegis
548 2185 599 2221 ita
636 2188 829 2221 mutatum
866 2194 952 2220 esse
991 2182 1167 2232 scripsit,
1208 2179 1267 2219 ‘ut
1297 2182 1411 2232 Appii
1448 2193 1564 2232 quam
1598 2182 1659 2219 sui
1692 2181 1832 2220 similis

299 2249 431 2288 mallet
452 2261 537 2287 esse
551 2245 560 2260 '
581 2243 639 2301 (3,
660 2246 729 2298 41,
752 2245 776 2286 8
793 2243 882 2302 sq).
922 2246 1088 2285 Maxime
1110 2251 1239 2285 tamen
1260 2246 1375 2297 Appii
1397 2246 1548 2284 Claudii
1570 2246 1685 2285 Caeci
1710 2247 1832 2297 impe-

299 2315 456 2353 ratoriis
484 2313 633 2352 artibus
660 2318 698 2351 et
724 2312 905 2351 laudibus
932 2312 1178 2351 obtrectauit.
1230 2324 1319 2350 nam
1348 2324 1437 2350 611111
1469 2312 1546 2350 13111
1573 2324 1604 2350 3.
1627 2309 1724 2351 308.
1744 2309 1831 2350 446

299 2379 342 2425 Q.
363 2378 507 2417 Fabius
534 2377 672 2417 consul
700 2376 865 2416 ‘alienae
892 2379 1010 2416 sortis
1036 2379 1165 2416 uictor
1190 2374 1299 2415 helli’
1328 2377 1481 2428 suisset,
1507 2377 1676 2428 proximi
1702 2382 1832 2415 autem

298 2446 393 2496 App.
416 2443 602 2482 Claudius
625 2448 662 2481 et
684 2443 723 2481 L.
739 2443 970 2482 Volumnius
991 2442 1173 2481 consules
1194 2443 1316 2481 creati
1336 2447 1480 2493 essent,
1500 2443 1668 2492 Appium
1688 2441 1832 2480 Romae

298 2511 509 2560 mansisse,
538 2506 595 2547 eut
621 2508 783 2547 urbanis
811 2508 961 2547 artibus
989 2520 1082 2559 opes
1111 2506 1300 2558 augeret',
1326 2507 1575 2545 Volumnium
1604 2505 1739 2545 ‘multa
1773 2519 1832 2545 56-

300 2574 428 2614 cunda
465 2573 613 2625 proelia
660 2574 820 2624 fecisse,
867 2573 1013 2624 aliquot
1050 2572 1169 2611 urbes
1205 2572 1376 2610 hostium
1415 2573 1455 2610 ui
1494 2569 1663 2622 cepisse’
1696 2571 1832 2610 Liuius

298 2640 476 2679 breuiter
513 2644 722 2689 memorat,
760 2638 940 2689 pluribus
979 2637 1141 2677 Fabium
1181 2639 1346 2688 imperio
1386 2650 1405 2675 a
1445 2641 1582 2675 senatu
1620 2642 1832 2687 propagato

300 2704 478 2744 ‘minime
499 2702 696 2754 ambigue'
719 2703 914 2742 Samnites
939 2704 1085 2742 uicisse
1113 2698 1170 2754 (9,
1192 2699 1281 2755 42),
1306 2707 1350 2740 111
1376 2701 1537 2740 alterius
1559 2714 1713 2752 quoque
1740 2714 1831 2740 con-

301 2770 398 2810 sulis
423 2771 562 2808 merita
590 2768 824 2820 adripuerit,
857 2768 1073 2819 eademque
1104 2769 1202 2806 ratio
1227 2768 1367 2805 iterata
1394 2766 1496 2817 apud
1522 2766 1679 2805 Liuium
1707 2771 1834 2804 exstat

304 2834 369 2885 10,
393 2832 564 2874 16-19
592 2835 631 2872 111
658 2834 780 2873 altero
807 2833 1010 2872 consulatu
1036 2834 1131 2884 App.
1154 2832 1305 2871 Claudii
1333 2837 1370 2870 et
1396 2831 1436 2870 L.
1457 2831 1654 2870 Volumnii
1681 2843 1711 2870 a.
1732 2828 1831 2870 296.
