2002 3342
697 200 746 235 M.
768 199 970 234 PORCIVS
998 199 1120 235 CATO
1530 214 1673 244 CXLIH

231 312 337 357 Quae
369 324 464 350 uero
499 324 518 350 a
552 310 700 362 Nepote
734 310 915 349 laudatur
947 310 1067 348 multa
1099 310 1257 349 Catonis
1291 311 1483 350 industria
1518 318 1555 350 et
1589 312 1674 351 dili-

141 379 283 429 gentia,
310 389 424 428 quam
453 376 610 427 quidem
639 375 793 414 laudem
822 388 910 413 eum
939 377 1139 426 pertinere
1168 376 1341 415 uoluisse
1370 390 1446 415 non
1475 377 1600 416 solum
1628 378 1674 416 ad

139 444 381 494 posteriores
409 441 477 480 sed
505 441 551 479 ad
578 453 715 479 omnes
742 441 939 491 originum
968 440 1088 478 libros
1122 448 1300 492 apparet,
1340 441 1503 480 eandem
1538 444 1574 481 ei
1607 444 1674 481 tri-

139 508 265 546 buunt
296 508 463 545 maxime
498 506 634 545 Cicero
662 502 729 559 (de
757 511 852 544 orat.
874 503 912 555 3,
940 502 1009 555 33,
1034 503 1134 544 135:
1181 508 1353 556 demque
1386 509 1489 546 m‘lzil
1523 511 1562 546 ῖη
1596 509 1678 547 hac

139 577 307 612 civitate
334 574 576 621 temporibus
597 574 674 611 illt's
693 574 795 610 sciri
821 572 978 609 ctis-ciue
996 574 1143 621 potnit,
1171 575 1280 619 quod
1305 575 1370 611 ille
1391 585 1468 611 non
1499 586 1587 611 cum
1615 576 1675 612 in-

141 641 354 686 uestiyare't
375 644 412 676 et
431 640 583 685 scierit,
606 643 685 675 tum
708 639 827 675 ettam
844 633 1166 690 consor-efflent),
1190 636 1329 675 deinde
1352 637 1425 675 alio
1448 637 1530 676 loco
1546 637 1676 689 Nepos

141 700 240 755 (Cat.
268 700 312 753 3,
346 701 389 741 2:
437 703 613 748 Quarum
650 698 908 753 [litterarum]
941 703 1118 740 studium
1152 705 1227 740 etsi
1257 706 1396 741 senior
1424 707 1676 753 arripuerat,

140 775 270 807 tamen
294 773 446 806 tantum
464 779 730 817 proyressum
749 767 861 816 fecit,
889 772 932 805 ut
952 780 1029 805 72on
1053 767 1180 815 facile
1201 771 1379 816 reperiri
1396 772 1528 817 possit
1548 782 1679 818 neque

140 836 189 872 de
227 834 395 872 Graecis
427 845 554 881 neque
587 834 635 871 (te
668 833 826 870 Italicis
859 834 980 870 rebus
1019 834 1128 880 qnod
1158 835 1196 871 ei
1230 833 1361 882 fuerit
1394 831 1678 888 incoffln'tum),

139 898 348 950 Dionysius
375 895 441 951 (fr.
463 896 488 936 6
518 896 713 948 Πόρκιος
739 894 914 947 Κάτων,
942 893 964 935 ὁ
990 895 1066 943 τὰς
1092 891 1373 948 γε’νεειλογίας
1393 904 1481 938 τῶν
1508 895 1555 938 ἐν
1571 894 1677 938 Ἰτα-

140 964 214 1016 λίᾳ
246 963 418 1002 πόλεων
452 959 762 1014 ἐπιμελέστατα
795 960 1060 1012 συναγαγών
1093 967 1129 1000 et
1164 962 1209 1001 fr.
1237 960 1288 1000 17
1318 959 1523 1014 ἐπιμελὴς
1556 963 1676 1013 γενό-

138 1041 283 1078 μενος.ἰ
313 1027 350 1067 εἰ
377 1028 453 1066 καί
475 1042 539 1074 τις
565 1026 710 1075 ἄλλος,
736 1023 835 1078 περὶ
862 1025 943 1079 τὴν
970 1025 1236 1079 συναγωγὴν
1262 1032 1337 1079 τῆς
1364 1026 1678 1080 ἀρχαιολογου-

139 1091 270 1145 μένης
311 1090 540 1146 ἱστορίας),
580 1092 750 1131 Velleius
790 1088 854 1145 (fr.
887 1090 942 1131 69
982 1105 1054 1141 eqo
1085 1105 1196 1142 pace
1234 1095 1473 1142 diligentiae
1517 1095 1681 1133 Catonis

141 1155 355 1211 dixerim),
395 1158 543 1197 Gellius
577 1154 640 1211 (2,
667 1156 742 1208 28,
770 1155 795 1196 5
831 1159 884 1197 M.
912 1159 1027 1206 Cato,
1066 1161 1134 1197 uir
1167 1161 1206 1197 ln
1242 1162 1533 1207 coynoscende's
1560 1162 1682 1199 rebus

140 1227 254 1264 multi
272 1220 430 1278 studit),
451 1223 594 1262 Fronto
610 1224 733 1275 princ.
750 1223 840 1261 hist.
856 1236 891 1274 p.
908 1221 993 1262 ‘203
1010 1222 1053 1261 N.
1078 1225 1155 1270 (lta
1176 1225 1272 1263 Cato
1294 1226 1514 1274 oppidatim
1534 1228 1682 1264 statuis

141 1291 369 1340 ornandus,
403 1292 472 1338 qui
495 1292 673 1339 primam
702 1289 841 1327 Latini
866 1292 1039 1328 nominis
1064 1291 1239 1328 subolem
1267 1296 1304 1329 et
1331 1291 1572 1329 Italicarum
1599 1294 1680 1330 ort·

139 1358 279 1404 (sinum
303 1358 512 1404 puere'te'as
545 1356 812 1402 inlustratum,
841 1353 996 1392 Solinus
1025 1349 1084 1407 (2,
1112 1352 1138 1393 2
1172 1356 1254 1394 Sed
1278 1356 1402 1394 Italia
1436 1362 1549 1394 tanta
1577 1368 1681 1395 cura

143 1422 193 1459 ab
221 1422 404 1459 omnibus
431 1421 558 1467 clieta,
582 1423 812 1469 praecipue
839 1420 894 1458 Jl.
921 1421 1087 1470 Catone,
1123 1425 1163 1458 ut
1197 1424 1275 1459 iam
1304 1424 1486 1460 inueniri
1510 1434 1590 1460 mm
1616 1425 1681 1470 sit,

143 1487 252 1534 qnod
281 1497 358 1523 non
396 1491 574 1523 ueterum
603 1491 817 1523 auctorum
841 1489 1107 1535 praeceperit
1135 1483 1387 1540 dile'yentta),
1422 1486 1587 1525 Seruius
1612 1483 1680 1540 (ad

143 1552 236 1588 Aen.
260 1548 297 1600 7,
324 1547 408 1589 678
437 1551 496 1589 De
523 1551 681 1589 Italicis
707 1553 827 1589 etiam
856 1551 1026 1589 urbibus
1051 1551 1239 1600 Hymnus
1256 1554 1492 1600 plenissime
1515 1555 1680 1602 scripsit

143 1623 180 1654 et
213 1616 309 1654 Cato
337 1617 375 1654 2‘72
405 1617 650 1664 originibus,
683 1620 721 1654 et
748 1616 791 1653 fr.
815 1613 870 1654 62
887 1618 1033 1665 pulsus
1060 1616 1203 1666 fuerat
1230 1629 1254 1655 a
1281 1623 1402 1665 yeme
1437 1618 1680 1666 Volscorum,

143 1693 249 1728 quae
275 1683 395 1719 etiam
423 1683 511 1730 Ipsa
537 1682 804 1720 Etruscorum
827 1686 1031 1730 potestate
1060 1683 1299 1729 revehatur,
1333 1684 1442 1730 quod
1471 1684 1568 1721 Cato
1591 1686 1680 1732 stle-

144 1748 306 1784 nissime
326 1751 542 1784 exsecutus
562 1742 651 1799 est).
685 1758 812 1797 neque
833 1758 905 1784 nos
927 1745 1076 1784 collatis
1098 1747 1328 1797 fragmentis
1350 1748 1385 1786 ei
1406 1747 1505 1786 hanc
1524 1747 1681 1786 laudem

146 1810 433 1861 derogabimus.
491 1809 612 1862 quid?
669 1811 773 1862 quod
812 1813 929 1850 etiam
970 1811 1017 1850 ad
1054 1812 1338 1851 uocabulorum
1384 1814 1557 1864 origines
1599 1814 1680 1852 ani-

146 1889 253 1914 mum
276 1878 472 1915 conuertit
493 1877 557 1920 (fr.
578 1874 647 1915 46.
669 1873 745 1931 60)
772 1876 995 1928 multasque
1022 1878 1210 1916 minutias
1236 1883 1280 1916 ut
1300 1878 1414 1916 homo
1437 1879 1682 1929 antiquitatis

146 1940 346 1980 studiosus
379 1941 604 1981 Obseruauit
639 1954 859 1993 operaeque
894 1942 1080 1981 molestae
1111 1955 1189 1981 non
1222 1944 1399 1994 pepercit
1427 1949 1681 1982 monumenta

145 2006 407 2057 conquirendi
444 2013 482 2046 et
520 2007 566 2046 ad
605 2007 796 2046 librorum
835 2020 950 2046 usum
991 2007 1237 2060 conserendi3
1276 2009 1405 2059 ipsum
1439 2009 1544 2046 enim
1579 2008 1681 2059 apud

147 2068 381 2110 Ciceronem
415 2072 596 2111 audimus
629 2072 860 2124 gloriantem
894 2085 936 2112 se
970 2072 1150 2124 sepulcra
1182 2073 1313 2124 legere
1347 2074 1556 2124 omniaque
1583 2075 1681 2113 anti-

148 2138 309 2187 quitatis
335 2143 588 2177 monumenta
616 2138 817 2189 colligere,
856 2138 939 2177 scil.
967 2144 1010 2177 ut
1042 2139 1239 2189 originum
1273 2138 1390 2177 fidem
1419 2140 1682 2189 confirmaret,

151 2208 188 2240 et
216 2203 277 2240 ius
304 2204 511 2253 augurium
540 2209 577 2242 et
603 2204 848 2254 pontificium
875 2215 916 2242 se
938 2209 1106 2242 tractare
1130 2199 1196 2257 (cs.
1218 2204 1263 2242 fr.
1288 2200 1403 2257 109),
1429 2203 1533 2243 unde
1561 2204 1684 2243 libros

148 2279 281 2306 sacros
309 2268 344 2306 ei
371 2269 523 2318 ignotos
557 2281 633 2307 non
667 2270 789 2308 fuisse
823 2274 1000 2321 apparet3
1039 2268 1143 2307 idem
1177 2268 1224 2307 ad
1256 2268 1408 2308 tabulas
1437 2270 1681 2320 pontificum,

148 2344 247 2383 quae
281 2338 364 2371 tum
404 2333 578 2372 nondum
617 2333 744 2373 editae
780 2339 908 2384 erant,
948 2333 1170 2384 descendit,
1210 2335 1284 2373 etsi
1316 2346 1497 2385 magnam
1528 2340 1681 2385 partem

148 2399 359 2436 memoriae
388 2410 521 2437 earum
549 2398 691 2438 abiecit
718 2395 784 2452 (fr.
809 2395 894 2452 77).
941 2399 1110 2450 denique
1143 2399 1262 2438 studii
1295 2400 1573 2450 intentionem,
1607 2412 1682 2451 qua

146 2461 236 2501 libri
269 2462 432 2501 secundi
465 2465 650 2515 tertiique
684 2465 889 2503 materiam
919 2463 1137 2515 dispersam
1166 2464 1313 2503 diuersi
1341 2466 1516 2515 generis,
1550 2466 1681 2515 cogni-

145 2529 243 2566 tioni
269 2527 472 2567 bominum
496 2542 572 2567 non
595 2529 845 2569 delectationi
866 2531 1114 2581 prospiciens
1137 2525 1203 2582 (cs.
1224 2542 1324 2568 max.
1346 2531 1391 2568 fr.
1412 2528 1481 2568 41.
1502 2528 1571 2568 44.
1593 2527 1683 2581 58),

147 2593 398 2643 conquisiuit,
425 2595 541 2632 etiam
568 2607 672 2633 nunc
701 2596 949 2646 agnoscimus
978 2600 1094 2646 atque
1116 2594 1331 2645 laudamus,
1359 2596 1539 2646 quamuis
1566 2608 1683 2646 saepe

148 2659 230 2696 acie
270 2658 406 2697 iudicii
447 2659 659 2698 destitutus
699 2661 760 2698 sit.
806 2666 848 2699 ut
887 2662 920 2699 si
959 2658 1084 2700 11:50
1124 2660 1284 2699 alteram
1325 2660 1465 2698 samam
1499 2666 1605 2698 recte
1637 2659 1684 2697 ad

147 2735 236 2761 eum
264 2724 505 2775 rettulimus,
543 2724 778 2764 Sabinorum
807 2725 1042 2764 domesticas
1076 2725 1262 2764 historias
1290 2727 1533 2776 inspexerat,
1566 2726 1681 2763 etiam

148 2787 551 2842 Praenestinorum1),
577 2802 649 2828 nec
676 2790 951 2841 probabilitate
980 2797 1085 2829 caret
1114 2791 1230 2829 etiam
1252 2790 1401 2829 Timaei
1425 2790 1609 2828 historias
1637 2789 1683 2828 ab

246 2881 277 2922 1)
305 2879 355 2913 Vt
381 2884 412 2923 2,
441 2884 483 2913 49
511 2879 711 2923 Dionysius
746 2881 790 2915 de
823 2881 967 2926 origine
996 2881 1215 2915 Sabinorum
1249 2880 1464 2914 testimonia
1491 2879 1683 2925 Zenodoti,
