2002 3342
757 189 829 224 CN.
852 189 1052 224 GELLIVS
1550 206 1671 235 CCVI}

141 314 262 352 more,
290 303 356 352 qui
383 306 464 339 tum
492 302 607 339 etiam
637 302 676 338 in
704 299 946 339 nobilitatem
974 302 1171 340 inuaserat
1198 297 1296 355 (uid.
1319 315 1434 354 supra
1458 317 1492 354 p.
1509 312 1598 342 CCII
1615 317 1672 354 sq.

152 368 357 405 ll'alzrlzeil
396 378 430 403 u.
462 367 594 404 Knnst
628 378 663 416 p.
695 362 909 417 30781111).
964 378 1052 404 nam
1093 368 1309 417 fragmenta
1349 370 1433 407 eius
1474 368 1671 407 abundant

143 432 289 469 Graeca
318 430 516 469 recondita
544 430 765 469 eruditione
793 430 1097 481 nominibusque
1125 445 1144 470 a
1166 433 1327 471 Graecis
1355 434 1468 483 lictis,
1503 435 1673 472 maxime

142 496 187 535 de
218 495 491 535 inuentoribus
519 496 761 534 litteraturae
783 492 840 548 (2.
857 492 915 548 3),
942 496 1036 534 lutei
1062 497 1229 535 aedilicii
1252 494 1325 551 (4),
1352 498 1570 537 medicinae
1594 495 1674 551 (ὃ),

139 573 415 600 mensurarum
444 567 480 599 et
508 560 726 612 ponderum
754 558 833 614 (6),
861 560 1091 612 disciplinae
1125 563 1343 612 augurandi
1372 561 1414 616 (T
1432 574 1454 613 1,
1488 563 1672 615 idemque

139 628 342 677 Catonem,
375 633 418 665 ut
443 626 619 677 uidetur,
653 628 828 665 imitatus
862 628 901 665 in
935 629 1109 677 origines
1142 627 1299 666 urbium
1328 630 1583 680 gentiumque
1610 630 1669 667 in-

137 693 313 743 quisiuit,
328 693 444 730 etiam
461 692 626 730 aliorum
646 692 778 730 Italiae
800 692 1032 743 populorum
1055 698 1093 732 et
1115 692 1273 731 urbium
1295 689 1353 746 (8.
1370 691 1406 732 9.
1426 691 1498 746 10)
1521 700 1558 733 et
1580 707 1669 733 cau·

135 770 267 796 sarum
294 758 535 808 originisque
562 762 743 796 ueterum
770 758 1040 796 institutorum
1069 757 1278 809 diligenter
1310 760 1503 798 rationem
1535 759 1670 799 habuit

136 820 200 875 (fr.
217 820 284 861 25.
304 820 389 875 17),
412 822 580 874 denique
602 835 740 874 preces
756 822 947 861 Hersiliae
970 823 1017 861 ad
1031 823 1190 862 Neriam
1205 823 1340 862 Martis
1353 837 1491 863 uersas
1513 825 1559 863 ad
1580 838 1669 863 uer-

133 887 226 926 bum
248 884 592 941 inseruit(fr.15).
624 900 723 938 quae
739 887 897 939 quidem
913 901 1045 927 rerum
1068 889 1265 927 accuratio
1287 890 1404 927 etiam
1420 889 1512 928 alibi
1533 903 1670 929 manu-

134 953 231 991 festa
260 959 330 1004 est,
362 958 405 991 ut
437 959 545 991 recte
573 965 709 991 omnes
742 954 957 1004 scriptores
985 952 1182 992 annalium
1210 955 1509 1005 inscriptionem
1537 967 1670 994 serua-

134 1020 284 1070 uerint3
325 1030 414 1057 nam
447 1030 520 1069 per
553 1017 727 1069 singulos
761 1031 884 1057 annos
917 1020 1033 1057 etiam
1067 1031 1205 1070 regum
1232 1031 1296 1057 res
1324 1019 1487 1070 digessit
1515 1016 1668 1073 (11.11.

139 1080 225 1136 18),
253 1084 583 1134 computationem
611 1085 745 1122 nescio
773 1096 889 1134 quam
917 1091 1094 1135 secutuS‚
1124 1085 1158 1122 si
1184 1096 1373 1123 numerus
1402 1085 1447 1123 fr.
1469 1083 1524 1124 ἓξ)
1554 1085 1668 1124 Gellii

135 1155 212 1199 est,
245 1161 321 1187 non
348 1145 596 1202 Macrobii¹)‚
629 1150 670 1187 in
697 1161 771 1200 qua
799 1149 957 1200 quidem
991 1151 1141 1188 ratione
1176 1162 1264 1188 cum
1298 1162 1343 1188 ex
1377 1150 1476 1189 fama
1510 1150 1667 1201 uulgata

132 1226 268 1253 omnes
301 1215 488 1252 minutias
521 1216 716 1265 arriperet
748 1220 864 1266 atque
899 1216 1014 1253 etiam
1048 1214 1144 1253 alios
1175 1220 1355 1254 auctores
1382 1216 1509 1254 adiret
1535 1212 1671 1269 (Cato-

131 1292 221 1318 nem
248 1279 293 1318 fr.
319 1278 353 1318 1.
378 1277 443 1330 10,
471 1279 650 1318 Cassium
676 1279 882 1318 Heminam
909 1281 954 1319 11.
975 1278 1043 1318 25.
1064 1276 1153 1333 28),
1179 1293 1257 1319 non
1284 1280 1535 1332 mirabimur,
1563 1281 1666 1333 quod

132 1357 221 1383 cum
243 1357 376 1383 secum
397 1346 481 1396 ipse
504 1344 757 1396 discreparet,
784 1344 1052 1396 adrogantiam
1073 1345 1300 1396 Dionysiani
1321 1345 1458 1384 iudicii
1481 1352 1666 1398 expertus

131 1407 251 1464 est‘2),
290 1410 407 1449 simul
443 1416 574 1449 autem
610 1423 656 1449 ex
693 1411 765 1449 hac
802 1410 1058 1462 amplitudine
1097 1413 1285 1450 materiae
1325 1413 1665 1464 enarrationisque

135 1475 309 1527 prolixae
342 1481 379 1514 et
412 1476 521 1514 susae
553 1476 865 1526 magnitudinem
898 1477 1052 1514 numeri
1087 1475 1277 1515 librorum
1314 1476 1442 1528 aliqua
1475 1490 1520 1516 ex
1554 1484 1664 1529 parte

134 1540 428 1592 explicabimus

218 1607 437 1657 Antequam
463 1611 594 1645 tamen
621 1606 667 1645 ad
691 1608 918 1658 scriptoreS,
945 1608 1012 1658 qui
1033 1609 1265 1646 nominatim
1287 1607 1402 1646 Gellii
1422 1610 1669 1648 mentionem

130 1672 351 1721 iniecerint,
383 1676 642 1722 transeamus,
669 1671 860 1723 quaedam
888 1672 1102 1723 fragmenta
1131 1685 1207 1724 quo
1233 1674 1319 1712 iure
1347 1673 1419 1712 sub
1448 1673 1667 1713 Gelliorum-

131 1737 362 1775 auctoritate
388 1742 540 1775 exstare
562 1736 806 1775 uoluerimus
828 1736 1197 1789 demonstrabimus,
1225 1750 1314 1777 cum
1335 1738 1452 1789 uulgo
1474 1738 1522 1777 ad
1543 1739 1662 1778 alium

129 1802 361 1852 scriptorem
390 1801 510 1840 relata
537 1803 626 1840 sint.
673 1814 719 1840 ex
746 1802 806 1840 his
834 1815 955 1841 unum
984 1804 1161 1842 seruauit
1187 1803 1345 1842 Solinus
1373 1800 1438 1857 (fr.
1463 1801 1525 1857 7),
1559 1805 1663 1856 quod

129 1878 217 1905 cum
245 1872 356 1905 antea
379 1866 510 1905 Coelio
531 1866 774 1918 adscriptum
796 1873 911 1919 esset,
937 1869 1014 1906 iam
1030 1867 1180 1907 Krause
1202 1864 1256 1921 (p.
1273 1866 1378 1923 201)
1402 1869 1665 1921 dubitauerat7

127 1943 176 1970 an
204 1933 351 1971 rectius
379 1931 493 1970 Gellii
521 1939 636 1971 esset.
681 1946 780 1984 quae
807 1935 1033 1972 coniectura
1066 1946 1172 1972 nunc
1197 1933 1432 1989 Mommseni
1458 1935 1588 1986 libris⁷
1621 1937 1661 1974 in

128 1995 271 2047 quihus
304 2003 369 2035 aut
401 1998 549 2037 Gellius
582 2003 647 2036 aut
680 2001 822 2038 Gellius
854 2001 1044 2050 scriptum
1078 2006 1154 2050 est,
1190 2000 1342 2038 firmata
1376 2006 1446 2038 est.
1492 2000 1660 2039 alterum

128 2061 230 2113 apud
267 2062 435 2101 eundem
471 2062 648 2102 Solinum
688 2059 753 2116 (fr.
785 2060 830 2118 9)
870 2066 1073 2103 inuenitur
1111 2064 1180 2103 sed
1219 2064 1409 2104 librorum
1450 2067 1662 2117 scripturis

128 2126 257 2165 Caelio
292 2126 414 2165 tribui
449 2127 617 2167 uidetur.
664 2128 850 2168 exhibent
885 2131 991 2168 enim
1026 2125 1126 2182 (uid.
1159 2142 1291 2181 appar.
1323 2126 1429 2184 crit.)
1464 2143 1540 2170 c..
1570 2143 1660 2171 cae-

127 2194 205 2231 lius
236 2191 299 2231 uel
329 2205 367 2241 q.
389 2195 542 2232 coelius
572 2193 636 2232 uel
665 2198 788 2243 gneius
815 2197 965 2234 coelius
996 2195 1059 2234 uel
1090 2199 1213 2244 quius
1238 2199 1393 2235 caelius
1418 2196 1481 2235 uel
1510 2200 1661 2236 coelius

127 2256 190 2295 uel
223 2260 358 2296 celius.
404 2259 480 2296 iam
513 2270 608 2297 uero
641 2258 746 2297 hunc
774 2259 949 2298 Coelium
983 2273 1061 2299 non
1095 2273 1182 2299 esse
1216 2261 1534 2301 confundendum
1569 2275 1658 2301 cum

127 2321 167 2360 L.
183 2322 313 2360 Coelio
334 2323 548 2374 Antipatro,
576 2325 643 2375 qui
670 2336 734 2362 res
761 2330 849 2364 ante
876 2324 977 2364 bella
997 2325 1144 2364 Punica
1170 2332 1300 2377 gestas
1327 2328 1405 2365 nisi
1428 2328 1468 2365 in
1491 2329 1658 2367 transitu

127 2399 204 2425 non
238 2389 381 2439 attigit,
418 2394 524 2427 recte
556 2391 708 2428 monuit
735 2389 951 2428 Mommsen
979 2386 1144 2441 (proleg.
1167 2390 1215 2428 ad
1236 2389 1354 2430 Solin.
1375 2404 1411 2442 p.
1433 2388 1555 2445 ΧΙΠ),
1589 2392 1658 2430 sed

128 2452 230 2502 quod
257 2452 425 2492 eundem
453 2455 614 2493 citatum
643 2467 729 2493 esse
757 2467 776 2493 a
804 2454 995 2493 Strabone
1017 2452 1149 2507 5,3‚3
1171 2468 1206 2506 p.
1223 2453 1310 2494 230
1337 2462 1375 2495 et
1401 2469 1422 2495 a
1443 2456 1582 2496 Seruio
1611 2457 1658 2496 ad

127 2518 219 2556 Aen.
244 2515 308 2568 10,
332 2515 414 2557 145
448 2520 706 2571 existimauit,
745 2521 875 2571 priore
908 2519 993 2558 loco
1027 2521 1066 2558 in
1099 2519 1279 2559 codicum
1307 2522 1516 2572 scripturis
1542 2522 1657 2561 Acilii

223 2639 254 2681 1)
280 2637 463 2673 Numerus
490 2639 532 2673 fr.
555 2644 599 2674 28
626 2642 682 2674 est
708 2639 918 2684 Censorini,
951 2640 995 2674 de
1028 2651 1179 2675 numero
1206 2640 1248 2674 fr.
1270 2645 1314 2675 27
1347 2652 1447 2676 error
1475 2642 1657 2677 Macrobii

128 2690 276 2725 subesse
302 2691 461 2727 uidetur.

221 2746 255 2788 2)
284 2745 327 2778 de
355 2744 474 2780 Gellio
501 2747 539 2780 etz
563 2746 689 2781 Macro
716 2747 772 2791 (fr.
796 2748 869 2791 19):
903 2747 1013 2783 οὐδὲν
1045 2745 1259 2791 ἐξητακότες
1291 2748 1374 2783 οὔτε
1405 2754 1478 2783 τῶν
1504 2746 1655 2783 εἰκότων

127 2797 208 2831 οὔτε
229 2803 301 2831 τῶν
324 2799 506 2833 δυνατῶν.
544 2799 587 2834 fr.
604 2803 648 2834 20
675 2798 786 2835 οὐδὲν
813 2800 1028 2845 ἐξητακότες
1052 2806 1124 2836 τῶν
1151 2802 1234 2844 περὶ
1260 2802 1345 2840 τοὺς
1370 2801 1526 2846 χρόνους
1552 2801 1656 2844 ἀκρι-

126 2850 197 2894 βῶς
216 2871 260 2876 -
283 2851 360 2896 εἰκῆ
386 2851 426 2885 τὸ
452 2853 660 2898 προστυχὸν
686 2853 996 2897 ἀποφαινόμενοι.
