2002 3342
614 228 660 262 M.
684 227 909 261 AEMILIVS
938 228 1154 262 SCAVRVS
1515 243 1652 272 CCLIII

114 346 242 378 autem
271 341 484 390 scriptores
512 351 726 389 numquam
754 338 866 376 nobis
888 340 1063 389 contigit,
1091 345 1134 377 ut
1155 341 1240 377 eius
1261 340 1427 390 uestigia
1449 340 1651 390 indagare-

116 418 218 456 mus,
256 407 328 443 etsi
361 405 481 443 multa
515 417 560 442 ex
595 406 678 442 eius
712 405 792 442 uita
827 410 981 454 sumpta
1014 404 1135 442 latere
1163 417 1240 442 non
1268 401 1453 459 nescio.¹)
1495 406 1652 443 nomine

114 477 243 508 autem
272 471 386 508 citata
414 474 505 508 sunt
534 470 750 519 fragmenta
777 469 928 519 singula
953 482 972 508 a
994 469 1145 507 Valerio
1167 469 1333 508 Maximo
1361 466 1427 524 (1)
1462 475 1500 508 et
1533 469 1579 508 ab
1607 483 1652 508 eo

115 537 182 586 qui
209 540 391 586 quartum
418 534 562 573 librum
584 534 763 572 Frontini
790 535 1078 584 strategematis
1104 534 1252 573 addidit
1280 532 1337 588 (7,
1365 535 1467 586 quod
1494 537 1570 574 iam
1592 535 1651 573 Pi-

115 600 229 650 ghius
251 612 337 638 ann.
359 599 409 637 ΙΙΙ
430 613 465 651 p.
486 597 567 638 1023
590 599 637 637 ad
658 599 728 637 lios
749 599 885 638 Scauri
907 599 1028 637 libros
1056 596 1239 653 rettulit),
1268 613 1365 650 quae
1393 602 1555 639 forsitan
1583 613 1654 652 per

114 678 236 704 unum
273 664 441 716 aliquem
477 665 651 704 medium
686 670 887 703 auctorem
921 677 967 703 ex
1000 666 1085 716 ipsa
1118 665 1198 703 uita
1231 666 1423 715 originem
1458 665 1652 717 duxerint,

116 736 245 769 cetera
278 743 349 781 per
381 730 531 782 plures3
565 743 655 768 nam
682 731 817 769 nescio
845 731 949 781 quis,
980 729 1045 768 uel
1072 729 1194 768 lulius
1220 729 1419 768 Romanus
1445 730 1509 769 uel
1536 731 1653 769 huius

115 801 261 845 auctor,
289 801 327 834 61
348 795 485 834 Scauri
506 801 545 834 et
564 795 702 834 Rutilii
728 794 849 833 libros
871 807 915 832 ex
938 794 1148 845 obliuione,
1177 807 1251 845 qua
1278 796 1355 833 iam
1377 795 1508 834 obruti
1529 802 1651 846 erant,

115 866 332 912 protractos
360 861 566 911 excerpsit,
594 861 707 899 cuius
730 859 955 910 diligentiae
977 859 1177 897 Charisius
1199 861 1329 898 onmia
1351 860 1489 898 Scauri
1510 865 1546 899 61
1569 873 1651 899 ora-

114 927 264 964 tionum
294 922 448 980 (1--4)
484 931 522 964 et
553 927 658 964 uitae
691 920 869 978 (f1·.2)²)
898 930 936 963 et
962 924 1099 963 Rutilii
1127 925 1190 975 (fr.
1215 921 1377 979 7—12)
1412 927 1517 964 uitae
1551 926 1651 977 frag-

116 997 244 1029 menta
273 990 398 1030 debet.
438 992 478 1029 in
506 992 562 1029 eis
585 990 677 1029 solis
700 990 858 1041 quidem
880 989 1075 1040 capitibus
1098 986 1131 1043 (Ι
1150 988 1200 1028 17
1226 989 1271 1028 de
1293 990 1468 1041 analogia
1490 997 1529 1029 61
1548 989 1652 1029 1113

116 1056 161 1095 de
188 1052 405 1111 aduerhiis)
441 1068 538 1107 quae
566 1055 740 1107 pendent
771 1068 791 1094 a
817 1055 915 1093 Iulio
943 1055 1117 1093 Romano
1149 1052 1247 1109 (uid.
1276 1068 1394 1106 supra
1421 1068 1455 1106 p.
1481 1052 1650 1109 CCXLV)

115 1123 385 1160 inueniuntur.
431 1134 476 1160 ex
511 1121 648 1160 eodem
687 1126 845 1160 auctore
879 1122 997 1159 etiam
1030 1120 1239 1160 Diomedes
1274 1121 1412 1160 Scauri
1447 1127 1485 1160 et
1516 1121 1653 1160 Rutilii

116 1188 294 1225 notitiam
321 1187 498 1225 hausisse
524 1186 695 1225 uidetur.
736 1191 843 1225 certe
870 1187 967 1237 ipsis
994 1198 1090 1224 usus
1117 1198 1196 1224 non
1218 1192 1288 1225 651.
1323 1186 1427 1237 quod
1454 1189 1487 1225 si
1508 1199 1652 1237 sumes,

116 1265 189 1302 qua
218 1253 367 1290 ratione
395 1252 540 1291 factum
568 1264 656 1290 esse
684 1251 916 1302 explicabis,
946 1256 989 1290 ut
1016 1251 1062 1290 ab
1090 1251 1163 1289 hoc
1191 1253 1401 1303 quinquies
1428 1247 1583 1304 (Scaur.
1606 1252 1652 1290 fr.

115 1314 153 1355 3.
174 1315 213 1355 4.
236 1314 272 1356 ἵ).
300 1316 418 1356 Rutil.
443 1315 506 1356 14.
525 1313 598 1371 15)
627 1316 883 1355 laudarentur
902 1318 942 1354 in
963 1316 1057 1355 solis
1078 1329 1113 1368 p.
1129 1314 1363 1355 374—385
1379 1316 1422 1355 K.
1443 1313 1503 1369 (in
1525 1329 1569 1356 eo
1592 1330 1653 1355 ca-

116 1384 195 1433 pite
216 1382 319 1433 quod
341 1388 401 1421 est
421 1382 466 1421 de
489 1382 830 1433 coniugationibus
850 1378 1098 1435 uerborum),
1118 1394 1313 1433 nusquam
1335 1381 1455 1421 alibi?
1494 1382 1541 1420 ad
1563 1382 1652 1421 Ser-

116 1448 225 1486 uium
253 1447 421 1499 denique
449 1460 524 1499 quo
553 1460 645 1486 casu
665 1460 788 1486 unum
810 1448 856 1486 fr.
878 1445 903 1485 6
926 1446 1096 1486 delatum
1118 1448 1180 1497 sit,
1207 1459 1256 1486 116
1277 1448 1472 1499 suspicari
1492 1447 1652 1499 quidem

116 1525 337 1564 possumus.

117 1650 151 1683 p.
176 1642 229 1682 18,
251 1642 402 1683 20—19,
425 1642 454 1673 5.
494 1650 528 1683 p.
553 1642 608 1681 19,
630 1642 780 1673 11—17.
826 1651 861 1683 p.
886 1642 939 1682 19,
962 1642 1112 1681 22--20,
1135 1642 1165 1672 9.
1210 1650 1244 1682 p.
1268 1642 1323 1681 20,
1348 1641 1496 1673 18—23.
1536 1651 1571 1683 p.
1594 1642 1650 1682 24,

119 1696 267 1726 11-13.
315 1692 388 1726 uid.
411 1692 496 1726 Pais
516 1692 538 1726 l.
562 1704 587 1726 s.
609 1704 645 1736 p.
668 1696 710 1726 52
727 1703 805 1735 sqq.

215 1747 247 1790 1>
274 1745 358 1779 Pais
384 1745 408 1779 1.
430 1758 455 1781 s.
477 1758 511 1790 p.
534 1750 575 1779 51
594 1757 672 1789 sqq.
712 1746 811 1789 apud
831 1745 1022 1780 Valerium
1050 1746 1252 1780 Maximum
1280 1747 1320 1779 ut
1346 1744 1389 1778 fr.
1413 1750 1430 1779 1
1458 1744 1512 1779 ita
1539 1745 1651 1779 etiam

119 1797 211 1832 alios
244 1799 360 1838 locos,
400 1799 535 1842 quibus
568 1799 614 1833 de
647 1799 699 1832 eis
733 1799 827 1843 egit,
867 1798 965 1833 inter
990 1798 1201 1843 fragmenta
1228 1799 1305 1833 eius
1331 1798 1547 1843 recipienda
1573 1810 1652 1834 esse

117 1851 263 1886 censuit
289 1854 333 1896 (3,
355 1855 386 1894 2,
410 1855 470 1894 183
499 1856 530 1895 7,
551 1856 583 1886 8.
611 1857 642 1894 5,
665 1856 697 1894 8,
718 1856 750 1886 4.
779 1856 810 1895 6,
832 1856 864 1895 5,
885 1856 917 1886 5.
945 1856 977 1895 8,
998 1856 1030 1895 5,
1053 1856 1098 1895 2),
1125 1852 1286 1886 maxime
1310 1862 1354 1886 63
1375 1863 1470 1896 quae
1498 1852 1543 1886 de
1569 1852 1652 1897 lege

117 1904 231 1939 Varia
257 1905 456 1940 memoriae
483 1905 623 1939 tradita
650 1907 746 1940 sunt...

213 1961 246 2002 2)
273 1959 329 1992 An
357 1959 471 1992 etiam
497 1959 682 1993 orationes
710 1970 753 1993 ex
780 1959 859 1993 uita.
880 1959 1074 2003 excerpsit,
1103 1960 1143 1993 ut
1168 1958 1200 1993 is
1228 1959 1288 1992 6111
1312 1958 1551 1993 historiarum
1573 1958 1653 1993 Sal-

116 2011 222 2046 lustii
248 2012 432 2047 orationes
460 2013 659 2047 debemus?
