2002 3342
722 196 959 230 VALERIVS
987 195 1162 230 ANTIAS
1507 208 1707 239 CCCXXXI

175 313 283 360 quis
304 322 360 347 an
372 322 394 347 n
407 312 475 347 ali
483 310 505 345 b
518 320 568 345 as
590 310 766 347 celebria
786 313 890 345 sant.
924 319 1063 345 earam
1110 305 1360 358 Ταρκυνίου
1380 305 1635 358 καθιερώθη
1658 305 1706 345 τὸ

176 378 332 413 alterae
355 380 450 423 post
482 379 664 419 mortem,
704 374 903 411 Taraciae
930 378 1062 410 autem
1102 369 1706 424 πεδίον,ἀλλὰχρόνοιςῧστε-

175 443 300 478 m'aae
321 441 555 488 amplissimi
577 440 752 477 honores
772 450 796 476 a
809 439 961 487 populo
984 438 1062 475 Ro·
1103 450 1184 488 ρον
1199 435 1307 475 ἄλλο
1327 436 1490 488 χωρίον
1511 434 1707 488 ὁμοροῦν

174 517 292 544 mano
320 506 459 543 habiti.
500 509 536 542 et
563 504 777 542 Taraciam
799 505 958 551 quidem
980 505 1063 541 nir-
1103 499 1254 555 ἐκείνῳ
1307 500 1550 554 Ταρρακίας
1594 498 1706 541 ἀνεί-

172 573 307 619 ffl‘nem
338 570 481 607 Vestae
503 569 633 619 sitisse
658 571 724 607 lea·
753 570 926 607 Horatia
954 571 1064 606 lestis
1102 576 1190 617 σης.
1230 555 1331 618 ἢὸὲ
1358 567 1578 618 Ταρρακία
1598 579 1706 618 παρ-

175 641 249 681 est,
286 647 390 683 qaae
425 646 548 683 saper
581 646 629 672 ea
662 635 717 671 ad
744 635 933 683 populum
967 635 1063 671 lata.
1102 629 1235 678 θένος
1267 626 1323 683 ἦν
1357 628 1490 683 ΐέρεια
1517 631 1593 684 μία
1618 637 1706 672 τῶν

174 713 255 749 qua
275 702 362 747 leffe
384 703 422 738 ei
435 702 607 748 plurimi
626 701 801 737 honores
816 701 932 746 liunt,
957 701 1065 736 inter
1103 693 1336 745 ἑστιάδων,
1370 697 1467 749 ἔσχε
1500 693 1547 735 δὲ
1580 696 1706 749 τιμὰς

173 777 272 814 qnos
299 767 360 803 ins
388 776 543 813 qaoque
565 767 783 803 testimonie·
806 765 972 802 dicendi
993 766 1063 801 iri·
1103 758 1200 801 ἀντὶ
1227 760 1388 800 τούτου
1418 760 1625 814 μεγάλας,
1659 759 1706 802 ἐν

173 832 330 878 buitur,
359 827 666 877 ‘testabilis’qae
695 841 779 868 una
805 831 978 867 omnium
1002 829 1063 878 fe-
1102 819 1170 874 αἷς
1197 822 1251 878 ἦν
1276 824 1348 866 καὶ
1381 826 1430 866 τὸ
1459 827 1706 879 μαρτυρίαν

172 898 373 933 minarum
408 900 451 933 ‘at
477 898 529 933 sit
557 897 690 933 (icitur.
719 916 774 920 —
803 897 865 933 ias
893 897 930 931 ei
948 899 1063 943 pote-
1102 890 1237 944 αὐτῆς
1257 890 1463 944 δέχεσθαι
1478 892 1614 945 μόνης
1630 907 1705 944 γυ-

171 966 335 1009 slasqne
380 962 672 1008 eoeaaqwandi
712 966 834 1008 atque
885 960 1064 997 nubendi
1101 963 1279 997 ναικῶν.
1314 956 1362 997 τὸ
1384 955 1422 997 δ’
1450 955 1608 1006 ἐξεῖναι
1629 972 1704 1009 γα-

168 1026 285 1076 faela
307 1030 365 1064 est
384 1028 687 1072 munificentiae
707 1030 744 1064 et
763 1026 951 1072 beneficii
965 1037 1062 1071 (yra—
1101 1025 1281 1073 μεῖσθαι
1307 1020 1628 1076 ψηφισαμένων
1653 1022 1705 1062 οὐ

173 1094 241 1137 tia.
263 1093 371 1139 quod
390 1103 571 1140 eampum
594 1091 824 1129 Tiberinum
842 1093 930 1128 siae
944 1091 1062 1128 Mar·
1101 1086 1407 1140 προσεδέξατο.

173 1160 271 1195 tium
288 1159 442 1205 populo
470 1158 748 1195 condonasset.

261 1233 380 1271 Multo
408 1239 537 1271 autem
564 1233 675 1284 plura
705 1232 848 1271 indicia
877 1233 1042 1271 Antiatis
1070 1244 1188 1283 supra
1213 1228 1582 1286 (p.CCCXXV1sq.)
1611 1245 1705 1270 enu-

171 1300 411 1336 merauimus
439 1304 554 1349 atque
583 1299 699 1337 etiam
721 1297 807 1336 aliis
829 1297 924 1336 locis
946 1298 1051 1335 fictio
1074 1296 1242 1335 absurda
1264 1298 1348 1335 eius
1369 1298 1573 1348 ingenium
1594 1299 1706 1348 sapit,

170 1363 279 1402 uelut
308 1363 355 1402 ad
381 1364 535 1402 Arsiam
564 1363 703 1402 siluam
736 1359 890 1413 11‚3OO
918 1363 1063 1413 hostes,
1093 1359 1248 1413 11‚299
1276 1362 1472 1401 Romanos
1500 1359 1550 1416 (c.
1573 1359 1638 1417 9),
1666 1364 1705 1401 in

171 1441 301 1480 pugna
328 1428 508 1480 quadam,
535 1441 609 1479 qua
636 1428 833 1479 Poplicola
861 1428 1027 1466 Sabinos
1055 1427 1165 1478 fudit,
1198 1425 1354 1478 13,ΟΟΟ
1381 1427 1616 1467 Sabinorum
1643 1440 1705 1467 oc-

172 1496 274 1533 cisos
303 1507 402 1545 esse7
430 1507 518 1532 cum
547 1506 660 1532 nemo
692 1493 892 1532 Romanus
921 1493 1217 1532 desideraretur
1246 1489 1296 1545 (c.
1319 1489 1406 1546 20).
1452 1494 1582 1544 itaque
1610 1493 1706 1532 haec

171 1561 250 1598 uita
284 1561 494 1611 perpaucis
522 1559 640 1598 rebus
668 1560 842 1609 exceptis
871 1564 948 1597 tota
976 1557 1194 1597 secundum
1218 1558 1413 1597 Antiatem
1441 1564 1621 1597 enarrata
1648 1564 1708 1598 est

170 1626 334 1676 eiusque
361 1626 533 1676 pretium
561 1624 636 1662 sihi
662 1623 865 1663 uindicare
893 1620 1069 1677 potest.¹)

258 1691 298 1729 A.
321 1689 502 1728 Gellius
536 1690 703 1728 Antiatis
737 1691 961 1728 testimonia
994 1690 1137 1740 partim
1172 1701 1218 1728 ex
1251 1691 1336 1740 ipso
1370 1690 1512 1740 partim
1546 1702 1593 1727 ex
1620 1689 1707 1728 aliis

169 1755 430 1807 scriptoribus
451 1756 668 1794 inseruisse
688 1754 858 1793 uidetur.
892 1753 956 1793 uel
978 1754 1120 1793 leuiter
1141 1755 1246 1793 enim
1269 1754 1550 1805 contemplanti
1570 1767 1706 1793 eorum

169 1820 384 1859 discrimen
413 1826 586 1872 apparet,
614 1833 703 1858 cum
731 1820 802 1858 alia
830 1825 992 1871 propter
1019 1832 1082 1858 res
1109 1819 1387 1858 memorabiles
1414 1819 1606 1858 librorum
1634 1832 1706 1858 nu-

168 1888 289 1924 meris
323 1887 480 1925 omissis
515 1881 580 1940 (fr.
600 1884 635 1924 1.
658 1883 726 1924 21.
748 1882 816 1924 25.
844 1885 930 1923 adn.
954 1884 1001 1923 ad
1023 1885 1066 1923 fr.
1089 1881 1205 1939 45³),
1240 1885 1312 1923 alia
1345 1890 1509 1937 propter
1541 1886 1706 1924 formam

169 1951 338 2002 aliquam
372 1957 553 1990 accurate
585 1964 673 1990 cum
707 1950 898 1989 librorum
926 1952 1103 1989 numeris
1131 1947 1309 2003 (praeter
1335 1951 1382 1988 fr.
1404 1947 1480 2005 65)
1510 1950 1707 2002 descripta

168 2018 247 2055 sint
274 2013 339 2069 (fr.
361 2014 428 2055 57.
450 2014 518 2056 59.
541 2014 608 2055 60.
631 2013 718 2069 62).
757 2016 853 2055 haec
880 2022 1012 2054 tamen
1041 2015 1242 2066 diligentia
1268 2028 1347 2055 non
1374 2016 1449 2055 fuit
1475 2016 1605 2066 Gellii,
1637 2015 1706 2055 sed

168 2082 312 2121 Valerii
339 2082 473 2132 Probi,
507 2095 552 2121 ex
587 2084 699 2121 cuius
732 2078 889 2134 libris2)
925 2083 1108 2132 quoniam
1139 2094 1262 2120 unum
1289 2081 1513 2132 exemplum
1541 2077 1606 2135 (fr.
1629 2078 1704 2132 57)

266 2222 297 2264 1)
324 2220 580 2265 Appianum
606 2231 718 2264 supra
745 2220 871 2262 omisi,
897 2231 1017 2264 neque
1045 2220 1145 2255 enim
1171 2219 1416 2254 Hesselbarth
1444 2221 1705 2263 (Histor.-krit.

173 2273 403 2317 Untersueh.)
430 2274 521 2307 mihi
554 2274 742 2318 persuasit
767 2274 963 2308 historiam
990 2273 1080 2308 belli
1107 2273 1330 2308 Hannibalis
1359 2273 1405 2307 ab
1433 2284 1474 2308 eo
1503 2274 1706 2308 secundum

168 2326 359 2361 Valerium
386 2327 580 2362 Antiatem
607 2328 786 2372 scriptam
812 2339 902 2362 esse.
942 2327 1017 2360 uid.
1041 2326 1228 2361 Schwartz
1249 2328 1295 2362 R.
1317 2328 1364 2361 E.
1385 2327 1419 2361 ΙΙ
1439 2339 1466 2361 c.
1484 2331 1552 2361 218
1565 2339 1617 2371 sq.

264 2384 297 2425 2)
325 2380 378 2414 Ex
410 2392 482 2424 quo
514 2380 610 2415 libro
642 2380 755 2415 Probi
786 2381 922 2415 hausta
954 2383 1094 2423 essent,
1129 2380 1268 2414 Gellius
1296 2391 1369 2414 non
1396 2380 1603 2425 adscripsit.
1643 2381 1706 2415 uix

168 2437 293 2468 tamen
319 2434 491 2478 Berytius
517 2434 678 2468 Antiatis
705 2434 1011 2468 commentarium
1039 2433 1258 2477 composuit.
1297 2445 1381 2467 nam
1409 2433 1476 2467 etsi
1502 2436 1587 2478 post
1612 2434 1705 2469 alios

167 2487 442 2531 grammaticos,
463 2499 620 2530 quorum
640 2488 792 2522 nomina
813 2489 988 2532 corrupta
1009 2489 1105 2527 sunt,
1130 2487 1331 2530 ‘postremo
1350 2486 1525 2520 Probum'
1549 2487 1706 2521 adnota-

167 2540 287 2574 tiones
317 2540 454 2584 ‘Ennii‚
482 2540 615 2575 Lucilii
643 2542 680 2575 et
706 2541 981 2576 historicorum'
1012 2540 1201 2585 scripsisse
1229 2551 1435 2584 anonymus
1461 2539 1526 2574 ille
1554 2541 1614 2574 ‘de
1641 2553 1706 2575 no-

167 2594 231 2627 tis’
260 2593 333 2637 (Gr.
354 2594 392 2628 L.
413 2593 478 2627 VII
507 2606 541 2638 p.
558 2596 639 2631 534)
666 2594 838 2637 tradidit,
865 2593 1028 2638 uestigia
1055 2593 1316 2627 historicorum
1344 2594 1603 2628 adnotatorum
1632 2605 1705 2628 non

170 2648 370 2691 supersunt
394 2647 467 2681 nisi
492 2648 600 2681 unius
622 2647 792 2682 Sallustii
812 2647 918 2691 (Gen.
943 2652 972 2689 1,
991 2652 1044 2689 15,
1063 2650 1115 2681 18.
1138 2650 1168 2687 3,
1186 2651 1217 2689 1,
1233 2649 1278 2690 5).
1318 2647 1383 2681 sed
1404 2649 1551 2681 constat
1572 2648 1609 2681 in
1631 2647 1704 2682 alio

169 2700 293 2744 aliquo
322 2700 495 2743 scriptore
524 2701 738 2735 adnotando
765 2701 813 2736 ad
840 2701 1046 2745 singulares
1075 2699 1257 2734 dictiones
1283 2699 1524 2745 explicandas
1545 2701 1705 2735 Probum

168 2754 280 2788 etiam
307 2755 451 2787 ueteres
478 2754 673 2788 historicos
702 2754 936 2797 adhibuisse,
964 2765 1038 2797 qua
1065 2754 1110 2787 de
1138 2764 1249 2788 causa
1276 2754 1314 2787 in
1340 2765 1415 2787 una
1440 2753 1550 2788 Gellii
1578 2754 1703 2799 dispu-

168 2807 310 2841 tatione
336 2807 468 2840 Antias
495 2807 553 2852 (fr.
576 2810 633 2851 58)
662 2819 744 2842 cum
771 2808 916 2842 duobus
942 2807 1032 2841 locis
1061 2806 1208 2841 Claudii
1234 2807 1290 2852 (fr.
1312 2811 1368 2842 43.
1391 2808 1449 2851 79)
1478 2807 1569 2841 item
1598 2818 1705 2841 accu-

167 2862 245 2894 rate
273 2860 467 2904 exscriptis
495 2861 713 2894 coniunctus
742 2864 803 2895 est,
845 2861 920 2895 uid.
944 2860 1086 2895 Schanz
1112 2860 1145 2894 II
1172 2860 1211 2893 ‘3³
1236 2872 1271 2904 p.
1289 2864 1368 2895 439.
