<?xml version="1.0" encoding="UTF-8"?>
<!DOCTYPE html PUBLIC "-//W3C//DTD XHTML 1.0 Transitional//EN"
    "http://www.w3.org/TR/xhtml1/DTD/xhtml1-transitional.dtd">
<html xmlns="http://www.w3.org/1999/xhtml" xml:lang="en" lang="en">
 <head>
  <title>
</title>
<meta http-equiv="Content-Type" content="text/html;charset=utf-8" />
  <meta name='ocr-system' content='tesseract 3.04.00' />
  <meta name='ocr-capabilities' content='ocr_page ocr_carea ocr_par ocr_line ocrx_word'/>
</head>
<body>
  <div class='ocr_page' id='page_1' title='image "./historicorumroma01peteuoft_0219.png"; bbox 0 0 2002 3342; ppageno 0'>
   <div class='ocr_carea' id='block_1_1' title="bbox 0 660 35 3342">
    <p class='ocr_par' dir='ltr' id='par_1_1' title="bbox 0 660 35 3342">
     <span class='ocr_line' id='line_1_1' title="bbox 0 660 35 3342; baseline 0 0"><span class='ocrx_word' id='word_1_1' title='bbox 0 660 35 3342; x_wconf 95' lang='lat' dir='ltr'> </span> 
     </span>
    </p>
   </div>
   <div class='ocr_carea' id='block_1_2' title="bbox 760 191 1671 236">
    <p class='ocr_par' dir='ltr' id='par_1_2' title="bbox 760 191 1671 236">
     <span class='ocr_line' id='line_1_2' title="bbox 760 191 1671 236; baseline 0 -10"><span class='ocrx_word' id='word_1_2' title='bbox 760 191 832 226; x_wconf 79' lang='lat' dir='ltr'>CN.</span> <span class='ocrx_word' id='word_1_3' title='bbox 855 191 1054 226; x_wconf 82' lang='lat' dir='ltr'><strong>GELLIVS</strong></span> <span class='ocrx_word' id='word_1_4' title='bbox 1585 207 1671 236; x_wconf 63' lang='lat' dir='ltr'>CCV</span> 
     </span>
    </p>
   </div>
   <div class='ocr_carea' id='block_1_3' title="bbox 136 300 1681 2702">
    <p class='ocr_par' dir='ltr' id='par_1_3' title="bbox 136 300 1681 2507">
     <span class='ocr_line' id='line_1_3' title="bbox 137 300 1676 357; baseline 0 -15"><span class='ocrx_word' id='word_1_5' title='bbox 137 311 175 343; x_wconf 85' lang='lat' dir='ltr'>et</span> <span class='ocrx_word' id='word_1_6' title='bbox 200 304 330 342; x_wconf 78' lang='lat' dir='ltr'>Gellii:</span> <span class='ocrx_word' id='word_1_7' title='bbox 365 304 505 342; x_wconf 74' lang='lat' dir='ltr'>Omnes</span> <span class='ocrx_word' id='word_1_8' title='bbox 524 304 601 341; x_wconf 77' lang='lat' dir='ltr'>lzoc</span> <span class='ocrx_word' id='word_1_9' title='bbox 620 304 819 349; x_wconf 72' lang='lat' dir='ltr'>Mstore‘ci,</span> <span class='ocrx_word' id='word_1_10' title='bbox 848 304 968 342; x_wconf 72' lang='lat' dir='ltr'>Fabii</span> <span class='ocrx_word' id='word_1_11' title='bbox 991 300 1056 355; x_wconf 84' lang='lat' dir='ltr'>(sr.</span> <span class='ocrx_word' id='word_1_12' title='bbox 1077 300 1161 357; x_wconf 70' lang='lat'>15),</span> <span class='ocrx_word' id='word_1_13' title='bbox 1195 301 1367 357; x_wconf 63' lang='lat' dir='ltr'>Gellii1),</span> <span class='ocrx_word' id='word_1_14' title='bbox 1393 306 1676 353; x_wconf 68' lang='lat' dir='ltr'>seclp1·0.1=ime</span> 
     </span>
     <span class='ocr_line' id='line_1_4' title="bbox 146 365 1676 421; baseline -0.001 -13"><span class='ocrx_word' id='word_1_15' title='bbox 146 371 302 408; x_wconf 74' lang='lat' dir='ltr'>Coelius</span> <span class='ocrx_word' id='word_1_16' title='bbox 317 365 382 421; x_wconf 84' lang='lat' dir='ltr'>(fr.</span> <span class='ocrx_word' id='word_1_17' title='bbox 397 365 486 420; x_wconf 82' lang='lat'>49).</span> <span class='ocrx_word' id='word_1_18' title='bbox 519 367 592 406; x_wconf 88' lang='lat' dir='ltr'>alio</span> <span class='ocrx_word' id='word_1_19' title='bbox 613 373 743 405; x_wconf 82' lang='lat' dir='ltr'>tamen</span> <span class='ocrx_word' id='word_1_20' title='bbox 761 367 937 406; x_wconf 86' lang='lat' dir='ltr'>eiusdem</span> <span class='ocrx_word' id='word_1_21' title='bbox 961 368 1044 406; x_wconf 81' lang='lat' dir='ltr'>loco</span> <span class='ocrx_word' id='word_1_22' title='bbox 1066 381 1208 406; x_wconf 89' lang='lat' dir='ltr'>nomen</span> <span class='ocrx_word' id='word_1_23' title='bbox 1231 370 1456 407; x_wconf 75' lang='lat' dir='ltr'>coniectura</span> <span class='ocrx_word' id='word_1_24' title='bbox 1479 370 1676 407; x_wconf 81' lang='lat' dir='ltr'>intrusum</span> 
     </span>
     <span class='ocr_line' id='line_1_5' title="bbox 140 428 1677 485; baseline 0 -13"><span class='ocrx_word' id='word_1_25' title='bbox 140 440 199 472; x_wconf 84' lang='lat' dir='ltr'>est</span> <span class='ocrx_word' id='word_1_26' title='bbox 228 430 295 474; x_wconf 84' lang='lat' dir='ltr'>(de</span> <span class='ocrx_word' id='word_1_27' title='bbox 322 433 419 483; x_wconf 80' lang='lat' dir='ltr'>legg.</span> <span class='ocrx_word' id='word_1_28' title='bbox 445 431 480 482; x_wconf 87' lang='lat'>1,</span> <span class='ocrx_word' id='word_1_29' title='bbox 502 430 540 481; x_wconf 72' lang='lat'>2,</span> <span class='ocrx_word' id='word_1_30' title='bbox 562 428 629 485; x_wconf 80' lang='lat'>6),</span> <span class='ocrx_word' id='word_1_31' title='bbox 667 432 752 482; x_wconf 89' lang='lat' dir='ltr'>ubi,</span> <span class='ocrx_word' id='word_1_32' title='bbox 788 444 878 470; x_wconf 77' lang='lat' dir='ltr'>cum</span> <span class='ocrx_word' id='word_1_33' title='bbox 911 438 965 471; x_wconf 91' lang='lat' dir='ltr'>tot</span> <span class='ocrx_word' id='word_1_34' title='bbox 999 433 1209 471; x_wconf 86' lang='lat' dir='ltr'>historicos</span> <span class='ocrx_word' id='word_1_35' title='bbox 1236 433 1432 472; x_wconf 84' lang='lat' dir='ltr'>Romanos</span> <span class='ocrx_word' id='word_1_36' title='bbox 1461 440 1677 484; x_wconf 82' lang='lat' dir='ltr'>enumeret,</span> 
     </span>
     <span class='ocr_line' id='line_1_6' title="bbox 140 496 1677 550; baseline 0 -13"><span class='ocrx_word' id='word_1_37' title='bbox 140 504 233 550; x_wconf 86' lang='lat' dir='ltr'>quot</span> <span class='ocrx_word' id='word_1_38' title='bbox 263 510 454 548; x_wconf 81' lang='lat' dir='ltr'><strong>nusquam</strong></span> <span class='ocrx_word' id='word_1_39' title='bbox 485 496 587 547; x_wconf 86' lang='lat' dir='ltr'>alibi,</span> <span class='ocrx_word' id='word_1_40' title='bbox 617 496 791 547; x_wconf 87' lang='lat' dir='ltr'>Fabium,</span> <span class='ocrx_word' id='word_1_41' title='bbox 826 496 1024 547; x_wconf 80' lang='lat' dir='ltr'>Catonem,</span> <span class='ocrx_word' id='word_1_42' title='bbox 1057 497 1251 548; x_wconf 83' lang='lat' dir='ltr'>Pisonem,</span> <span class='ocrx_word' id='word_1_43' title='bbox 1281 498 1536 548; x_wconf 83' lang='lat' dir='ltr'>Vennonium,</span> <span class='ocrx_word' id='word_1_44' title='bbox 1569 499 1677 537; x_wconf 77' lang='lat' dir='ltr'>Anti-</span> 
     </span>
     <span class='ocr_line' id='line_1_7' title="bbox 140 561 1676 615; baseline 0 -13"><span class='ocrx_word' id='word_1_45' title='bbox 140 570 308 615; x_wconf 81' lang='lat' dir='ltr'>patrum,</span> <span class='ocrx_word' id='word_1_46' title='bbox 324 562 514 612; x_wconf 84' lang='lat' dir='ltr'>Clodium,</span> <span class='ocrx_word' id='word_1_47' title='bbox 534 562 786 612; x_wconf 74' lang='lat' dir='ltr'>Asellionem,</span> <span class='ocrx_word' id='word_1_48' title='bbox 808 561 992 613; x_wconf 78' lang='lat' dir='ltr'>Macrum,</span> <span class='ocrx_word' id='word_1_49' title='bbox 1015 562 1234 613; x_wconf 78' lang='lat' dir='ltr'>Sisennam,</span> <span class='ocrx_word' id='word_1_50' title='bbox 1257 576 1371 613; x_wconf 75' lang='lat' dir='ltr'>aegre</span> <span class='ocrx_word' id='word_1_51' title='bbox 1394 576 1485 601; x_wconf 85' lang='lat' dir='ltr'>sane</span> <span class='ocrx_word' id='word_1_52' title='bbox 1509 563 1676 602; x_wconf 87' lang='lat' dir='ltr'>Gellium</span> 
     </span>
     <span class='ocr_line' id='line_1_8' title="bbox 140 627 1676 678; baseline 0.001 -13"><span class='ocrx_word' id='word_1_53' title='bbox 140 628 200 667; x_wconf 71' lang='lat' dir='ltr'>vel</span> <span class='ocrx_word' id='word_1_54' title='bbox 219 628 362 667; x_wconf 83' lang='lat' dir='ltr'>Gellios</span> <span class='ocrx_word' id='word_1_55' title='bbox 379 627 633 677; x_wconf 76' lang='lat' dir='ltr'>desiderabis,</span> <span class='ocrx_word' id='word_1_56' title='bbox 656 629 799 678; x_wconf 90' lang='lat' dir='ltr'>quippe</span> <span class='ocrx_word' id='word_1_57' title='bbox 816 627 959 678; x_wconf 88' lang='lat' dir='ltr'>quibus</span> <span class='ocrx_word' id='word_1_58' title='bbox 980 640 1025 666; x_wconf 88' lang='lat' dir='ltr'>eo</span> <span class='ocrx_word' id='word_1_59' title='bbox 1040 640 1156 678; x_wconf 89' lang='lat' dir='ltr'>quem</span> <span class='ocrx_word' id='word_1_60' title='bbox 1177 628 1291 666; x_wconf 89' lang='lat' dir='ltr'>modo</span> <span class='ocrx_word' id='word_1_61' title='bbox 1314 630 1571 667; x_wconf 85' lang='lat' dir='ltr'>tractauimus</span> <span class='ocrx_word' id='word_1_62' title='bbox 1593 629 1676 667; x_wconf 86' lang='lat' dir='ltr'>loco</span> 
     </span>
     <span class='ocr_line' id='line_1_9' title="bbox 141 692 1675 745; baseline 0.001 -14"><span class='ocrx_word' id='word_1_63' title='bbox 141 695 397 745; x_wconf 88' lang='lat' dir='ltr'>praecipuum</span> <span class='ocrx_word' id='word_1_64' title='bbox 430 692 557 731; x_wconf 88' lang='lat' dir='ltr'>locum</span> <span class='ocrx_word' id='word_1_65' title='bbox 590 692 786 732; x_wconf 84' lang='lat' dir='ltr'>tribuerit.</span> <span class='ocrx_word' id='word_1_66' title='bbox 838 705 954 743; x_wconf 90' lang='lat' dir='ltr'>quam</span> <span class='ocrx_word' id='word_1_67' title='bbox 987 692 1035 731; x_wconf 89' lang='lat' dir='ltr'>ob</span> <span class='ocrx_word' id='word_1_68' title='bbox 1070 705 1152 731; x_wconf 88' lang='lat' dir='ltr'>rem</span> <span class='ocrx_word' id='word_1_69' title='bbox 1186 693 1290 744; x_wconf 86' lang='lat' dir='ltr'>quod</span> <span class='ocrx_word' id='word_1_70' title='bbox 1329 698 1534 744; x_wconf 76' lang='lat' dir='ltr'>postquam</span> <span class='ocrx_word' id='word_1_71' title='bbox 1567 694 1675 733; x_wconf 84' lang='lat' dir='ltr'>Anti-</span> 
     </span>
     <span class='ocr_line' id='line_1_10' title="bbox 141 757 1677 809; baseline 0.001 -13"><span class='ocrx_word' id='word_1_72' title='bbox 141 759 243 809; x_wconf 82' lang='lat' dir='ltr'>patri</span> <span class='ocrx_word' id='word_1_73' title='bbox 277 757 433 796; x_wconf 81' lang='lat' dir='ltr'>dicendi</span> <span class='ocrx_word' id='word_1_74' title='bbox 466 770 588 808; x_wconf 85' lang='lat' dir='ltr'>genus</span> <span class='ocrx_word' id='word_1_75' title='bbox 623 757 803 796; x_wconf 80' lang='lat' dir='ltr'>laudibus</span> <span class='ocrx_word' id='word_1_76' title='bbox 838 757 993 808; x_wconf 82' lang='lat' dir='ltr'>extulit,</span> <span class='ocrx_word' id='word_1_77' title='bbox 1028 758 1083 796; x_wconf 90' lang='lat' dir='ltr'>sic</span> <span class='ocrx_word' id='word_1_78' title='bbox 1116 759 1261 808; x_wconf 82' lang='lat' dir='ltr'>pergit:</span> <span class='ocrx_word' id='word_1_79' title='bbox 1296 759 1403 797; x_wconf 79' lang='lat' dir='ltr'>Ecce</span> <span class='ocrx_word' id='word_1_80' title='bbox 1430 764 1561 797; x_wconf 76' lang='lat' dir='ltr'>antem</span> <span class='ocrx_word' id='word_1_81' title='bbox 1587 772 1677 797; x_wconf 73' lang='lat' dir='ltr'>sue-</span> 
     </span>
     <span class='ocr_line' id='line_1_11' title="bbox 139 822 1677 873; baseline -0.001 -10"><span class='ocrx_word' id='word_1_82' title='bbox 139 836 300 863; x_wconf 75' lang='lat' dir='ltr'>cessere</span> <span class='ocrx_word' id='word_1_83' title='bbox 325 825 421 862; x_wconf 73' lang='lat' dir='ltr'>huic</span> <span class='ocrx_word' id='word_1_84' title='bbox 448 825 540 862; x_wconf 76' lang='lat' dir='ltr'>belle·</span> <span class='ocrx_word' id='word_1_85' title='bbox 574 822 648 872; x_wconf 84' lang='lat' dir='ltr'>[sic</span> <span class='ocrx_word' id='word_1_86' title='bbox 683 824 787 861; x_wconf 90' lang='lat' dir='ltr'>enim</span> <span class='ocrx_word' id='word_1_87' title='bbox 822 835 958 862; x_wconf 90' lang='lat' dir='ltr'>omnes</span> <span class='ocrx_word' id='word_1_88' title='bbox 984 822 1147 861; x_wconf 78' lang='lat' dir='ltr'>Vahleni</span> <span class='ocrx_word' id='word_1_89' title='bbox 1180 822 1288 873; x_wconf 81' lang='lat' dir='ltr'>libri,</span> <span class='ocrx_word' id='word_1_90' title='bbox 1327 836 1430 861; x_wconf 90' lang='lat' dir='ltr'>unus</span> <span class='ocrx_word' id='word_1_91' title='bbox 1457 837 1477 861; x_wconf 85' lang='lat' dir='ltr'>a</span> <span class='ocrx_word' id='word_1_92' title='bbox 1505 824 1677 863; x_wconf 87' lang='lat' dir='ltr'>secunda</span> 
     </span>
     <span class='ocr_line' id='line_1_12' title="bbox 141 885 1681 940; baseline 0 -13"><span class='ocrx_word' id='word_1_93' title='bbox 141 901 258 927; x_wconf 88' lang='lat' dir='ltr'>manu</span> <span class='ocrx_word' id='word_1_94' title='bbox 281 888 437 926; x_wconf 86' lang='lat' dir='ltr'>exbibet</span> <span class='ocrx_word' id='word_1_95' title='bbox 458 885 577 940; x_wconf 80' lang='lat' dir='ltr'>bello]</span> <span class='ocrx_word' id='word_1_96' title='bbox 603 890 775 936; x_wconf 64' lang='lat' dir='ltr'>Clodius,</span> <span class='ocrx_word' id='word_1_97' title='bbox 792 891 951 938; x_wconf 79' lang='lat' dir='ltr'>Asellio,</span> <span class='ocrx_word' id='word_1_98' title='bbox 972 890 1076 927; x_wconf 73' lang='lat' dir='ltr'>nihil</span> <span class='ocrx_word' id='word_1_99' title='bbox 1095 890 1151 926; x_wconf 78' lang='lat' dir='ltr'>ad</span> <span class='ocrx_word' id='word_1_100' title='bbox 1171 889 1360 936; x_wconf 69' lang='lat' dir='ltr'>Caelium,</span> <span class='ocrx_word' id='word_1_101' title='bbox 1381 891 1603 937; x_wconf 70' lang='lat' dir='ltr'>sedpotius</span> <span class='ocrx_word' id='word_1_102' title='bbox 1624 891 1681 927; x_wconf 78' lang='lat' dir='ltr'>ad</span> 
     </span>
     <span class='ocr_line' id='line_1_13' title="bbox 138 953 1678 1003; baseline 0.001 -11"><span class='ocrx_word' id='word_1_103' title='bbox 138 957 399 1003; x_wconf 71' lang='lat' dir='ltr'>antiquorum</span> <span class='ocrx_word' id='word_1_104' title='bbox 413 956 652 1002; x_wconf 73' lang='lat' dir='ltr'>lanquorem</span> <span class='ocrx_word' id='word_1_105' title='bbox 667 960 705 992; x_wconf 77' lang='lat' dir='ltr'>el</span> <span class='ocrx_word' id='word_1_106' title='bbox 721 957 935 1003; x_wconf 73' lang='lat' dir='ltr'>inscitiam,</span> <span class='ocrx_word' id='word_1_107' title='bbox 957 953 1157 991; x_wconf 89' lang='lat' dir='ltr'>lenissima</span> <span class='ocrx_word' id='word_1_108' title='bbox 1170 953 1322 992; x_wconf 88' lang='lat' dir='ltr'>medela</span> <span class='ocrx_word' id='word_1_109' title='bbox 1339 953 1572 992; x_wconf 77' lang='lat' dir='ltr'>Guilielmus</span> <span class='ocrx_word' id='word_1_110' title='bbox 1585 956 1678 993; x_wconf 67' lang='lat' dir='ltr'>belle*</span> 
     </span>
     <span class='ocr_line' id='line_1_14' title="bbox 140 1018 1676 1069; baseline 0 -12"><span class='ocrx_word' id='word_1_111' title='bbox 140 1024 296 1057; x_wconf 79' lang='lat' dir='ltr'>mutans</span> <span class='ocrx_word' id='word_1_112' title='bbox 317 1020 357 1056; x_wconf 89' lang='lat' dir='ltr'>in</span> <span class='ocrx_word' id='word_1_113' title='bbox 384 1019 501 1057; x_wconf 68' lang='lat' dir='ltr'>Gellii</span> <span class='ocrx_word' id='word_1_114' title='bbox 526 1023 565 1056; x_wconf 88' lang='lat' dir='ltr'>et</span> <span class='ocrx_word' id='word_1_115' title='bbox 592 1019 719 1069; x_wconf 91' lang='lat' dir='ltr'>ipsum</span> <span class='ocrx_word' id='word_1_116' title='bbox 750 1018 877 1057; x_wconf 86' lang='lat' dir='ltr'>locum</span> <span class='ocrx_word' id='word_1_117' title='bbox 906 1020 1022 1057; x_wconf 91' lang='lat' dir='ltr'>etiam</span> <span class='ocrx_word' id='word_1_118' title='bbox 1049 1018 1145 1056; x_wconf 84' lang='lat' dir='ltr'>milii</span> <span class='ocrx_word' id='word_1_119' title='bbox 1169 1018 1365 1069; x_wconf 88' lang='lat' dir='ltr'>quondam</span> <span class='ocrx_word' id='word_1_120' title='bbox 1387 1031 1546 1057; x_wconf 80' lang='lat' dir='ltr'>sanasse</span> <span class='ocrx_word' id='word_1_121' title='bbox 1567 1020 1676 1057; x_wconf 86' lang='lat' dir='ltr'>uisus</span> 
     </span>
     <span class='ocr_line' id='line_1_15' title="bbox 141 1082 1678 1134; baseline 0 -13"><span class='ocrx_word' id='word_1_122' title='bbox 141 1090 203 1122; x_wconf 90' lang='lat' dir='ltr'>est</span> <span class='ocrx_word' id='word_1_123' title='bbox 230 1089 265 1121; x_wconf 92' lang='lat' dir='ltr'>et</span> <span class='ocrx_word' id='word_1_124' title='bbox 295 1082 534 1122; x_wconf 89' lang='lat' dir='ltr'>desiderium</span> <span class='ocrx_word' id='word_1_125' title='bbox 563 1083 659 1121; x_wconf 91' lang='lat' dir='ltr'>illud</span> <span class='ocrx_word' id='word_1_126' title='bbox 687 1083 922 1134; x_wconf 84' lang='lat' dir='ltr'>expleuisse.</span> <span class='ocrx_word' id='word_1_127' title='bbox 962 1096 1198 1134; x_wconf 88' lang='lat' dir='ltr'>quamquam</span> <span class='ocrx_word' id='word_1_128' title='bbox 1226 1085 1302 1122; x_wconf 85' lang='lat' dir='ltr'>iam</span> <span class='ocrx_word' id='word_1_129' title='bbox 1328 1089 1410 1122; x_wconf 89' lang='lat' dir='ltr'>tum</span> <span class='ocrx_word' id='word_1_130' title='bbox 1430 1097 1492 1122; x_wconf 92' lang='lat' dir='ltr'>me</span> <span class='ocrx_word' id='word_1_131' title='bbox 1514 1084 1678 1123; x_wconf 78' lang='lat' dir='ltr'>offendit.</span> 
     </span>
     <span class='ocr_line' id='line_1_16' title="bbox 139 1148 1677 1200; baseline 0 -13"><span class='ocrx_word' id='word_1_132' title='bbox 139 1148 311 1187; x_wconf 90' lang='lat' dir='ltr'>eundem</span> <span class='ocrx_word' id='word_1_133' title='bbox 338 1150 378 1187; x_wconf 91' lang='lat' dir='ltr'>in</span> <span class='ocrx_word' id='word_1_134' title='bbox 405 1149 478 1187; x_wconf 87' lang='lat' dir='ltr'>boc</span> <span class='ocrx_word' id='word_1_135' title='bbox 505 1148 604 1187; x_wconf 90' lang='lat' dir='ltr'>libro</span> <span class='ocrx_word' id='word_1_136' title='bbox 632 1151 872 1187; x_wconf 80' lang='lat' dir='ltr'>successisse</span> <span class='ocrx_word' id='word_1_137' title='bbox 901 1148 1031 1187; x_wconf 85' lang='lat' dir='ltr'>Coelio</span> <span class='ocrx_word' id='word_1_138' title='bbox 1060 1148 1245 1200; x_wconf 89' lang='lat' dir='ltr'>Gellium,</span> <span class='ocrx_word' id='word_1_139' title='bbox 1279 1150 1319 1187; x_wconf 86' lang='lat' dir='ltr'>in</span> <span class='ocrx_word' id='word_1_140' title='bbox 1352 1149 1417 1187; x_wconf 91' lang='lat' dir='ltr'>illo</span> <span class='ocrx_word' id='word_1_141' title='bbox 1451 1149 1525 1187; x_wconf 91' lang='lat' dir='ltr'>alio</span> <span class='ocrx_word' id='word_1_142' title='bbox 1553 1149 1677 1188; x_wconf 86' lang='lat' dir='ltr'>Gellio</span> 
     </span>
     <span class='ocr_line' id='line_1_17' title="bbox 140 1213 1677 1265; baseline 0.001 -13"><span class='ocrx_word' id='word_1_143' title='bbox 140 1213 317 1253; x_wconf 89' lang='lat' dir='ltr'>Coelium</span> <span class='ocrx_word' id='word_1_144' title='bbox 345 1213 462 1265; x_wconf 91' lang='lat' dir='ltr'>idque</span> <span class='ocrx_word' id='word_1_145' title='bbox 492 1215 548 1252; x_wconf 92' lang='lat' dir='ltr'>eis</span> <span class='ocrx_word' id='word_1_146' title='bbox 576 1213 684 1264; x_wconf 87' lang='lat' dir='ltr'>locis,</span> <span class='ocrx_word' id='word_1_147' title='bbox 711 1214 854 1265; x_wconf 87' lang='lat' dir='ltr'>quibus</span> <span class='ocrx_word' id='word_1_148' title='bbox 876 1214 1077 1253; x_wconf 74' lang='lat' dir='ltr'>Ciceronis</span> <span class='ocrx_word' id='word_1_149' title='bbox 1101 1220 1247 1253; x_wconf 84' lang='lat' dir='ltr'>aetates</span> <span class='ocrx_word' id='word_1_150' title='bbox 1269 1227 1404 1253; x_wconf 91' lang='lat' dir='ltr'>eorum</span> <span class='ocrx_word' id='word_1_151' title='bbox 1428 1214 1591 1254; x_wconf 84' lang='lat' dir='ltr'>definire</span> <span class='ocrx_word' id='word_1_152' title='bbox 1618 1216 1677 1253; x_wconf 93' lang='lat' dir='ltr'>in-</span> 
     </span>
     <span class='ocr_line' id='line_1_18' title="bbox 141 1277 1676 1331; baseline 0.001 -14"><span class='ocrx_word' id='word_1_153' title='bbox 141 1284 326 1329; x_wconf 85' lang='lat' dir='ltr'>teresset,</span> <span class='ocrx_word' id='word_1_154' title='bbox 362 1291 491 1330; x_wconf 91' lang='lat' dir='ltr'>neque</span> <span class='ocrx_word' id='word_1_155' title='bbox 524 1285 655 1318; x_wconf 81' lang='lat' dir='ltr'>tamen</span> <span class='ocrx_word' id='word_1_156' title='bbox 681 1279 827 1318; x_wconf 81' lang='lat' dir='ltr'>Vahlen</span> <span class='ocrx_word' id='word_1_157' title='bbox 860 1281 900 1318; x_wconf 89' lang='lat' dir='ltr'>in</span> <span class='ocrx_word' id='word_1_158' title='bbox 934 1279 992 1318; x_wconf 88' lang='lat' dir='ltr'>ed.</span> <span class='ocrx_word' id='word_1_159' title='bbox 1021 1291 1089 1318; x_wconf 89' lang='lat' dir='ltr'>sua</span> <span class='ocrx_word' id='word_1_160' title='bbox 1118 1292 1148 1318; x_wconf 90' lang='lat' dir='ltr'>a.</span> <span class='ocrx_word' id='word_1_161' title='bbox 1171 1279 1192 1319; x_wconf 89' lang='lat' dir='ltr'>l.</span> <span class='ocrx_word' id='word_1_162' title='bbox 1215 1292 1243 1318; x_wconf 93' lang='grc'>5.</span> <span class='ocrx_word' id='word_1_163' title='bbox 1271 1277 1425 1319; x_wconf 63' lang='lat' dir='ltr'>‘bellos’</span> <span class='ocrx_word' id='word_1_164' title='bbox 1460 1293 1548 1319; x_wconf 91' lang='lat' dir='ltr'>cum</span> <span class='ocrx_word' id='word_1_165' title='bbox 1589 1287 1676 1331; x_wconf 82' lang='lat' dir='ltr'>apta</span> 
     </span>
     <span class='ocr_line' id='line_1_19' title="bbox 140 1344 1677 1396; baseline 0.002 -14"><span class='ocrx_word' id='word_1_166' title='bbox 140 1345 267 1383; x_wconf 90' lang='lat' dir='ltr'>ironia</span> <span class='ocrx_word' id='word_1_167' title='bbox 300 1357 320 1383; x_wconf 94' lang='lat' dir='ltr'>a</span> <span class='ocrx_word' id='word_1_168' title='bbox 353 1344 542 1383; x_wconf 87' lang='lat' dir='ltr'>Cicerone</span> <span class='ocrx_word' id='word_1_169' title='bbox 574 1344 638 1383; x_wconf 88' lang='lat' dir='ltr'>uel</span> <span class='ocrx_word' id='word_1_170' title='bbox 671 1345 798 1384; x_wconf 87' lang='lat' dir='ltr'>Attico</span> <span class='ocrx_word' id='word_1_171' title='bbox 833 1344 1011 1383; x_wconf 91' lang='lat' dir='ltr'>Clodium</span> <span class='ocrx_word' id='word_1_172' title='bbox 1046 1351 1083 1384; x_wconf 87' lang='lat' dir='ltr'>et</span> <span class='ocrx_word' id='word_1_173' title='bbox 1114 1345 1352 1384; x_wconf 89' lang='lat' dir='ltr'>Asellionem</span> <span class='ocrx_word' id='word_1_174' title='bbox 1386 1346 1461 1385; x_wconf 89' lang='lat' dir='ltr'>dici</span> <span class='ocrx_word' id='word_1_175' title='bbox 1501 1348 1677 1396; x_wconf 87' lang='lat' dir='ltr'>potuisse</span> 
     </span>
     <span class='ocr_line' id='line_1_20' title="bbox 141 1408 1676 1464; baseline 0 -15"><span class='ocrx_word' id='word_1_176' title='bbox 141 1411 238 1449; x_wconf 89' lang='lat' dir='ltr'>mihi</span> <span class='ocrx_word' id='word_1_177' title='bbox 259 1412 467 1461; x_wconf 83' lang='lat' dir='ltr'>persuasit,</span> <span class='ocrx_word' id='word_1_178' title='bbox 495 1416 560 1450; x_wconf 87' lang='lat' dir='ltr'>aut</span> <span class='ocrx_word' id='word_1_179' title='bbox 586 1410 629 1449; x_wconf 92' lang='lat' dir='ltr'>H.</span> <span class='ocrx_word' id='word_1_180' title='bbox 649 1410 789 1449; x_wconf 90' lang='lat' dir='ltr'>lordan</span> <span class='ocrx_word' id='word_1_181' title='bbox 812 1408 961 1462; x_wconf 86' lang='lat' dir='ltr'>(Herm.</span> <span class='ocrx_word' id='word_1_182' title='bbox 977 1410 1023 1448; x_wconf 94' lang='lat' dir='ltr'>VI</span> <span class='ocrx_word' id='word_1_183' title='bbox 1044 1423 1079 1461; x_wconf 88' lang='lat' dir='ltr'>p.</span> <span class='ocrx_word' id='word_1_184' title='bbox 1095 1408 1200 1463; x_wconf 71' lang='lat'>5209)</span> <span class='ocrx_word' id='word_1_185' title='bbox 1222 1411 1419 1450; x_wconf 89' lang='lat' dir='ltr'>Valerium</span> <span class='ocrx_word' id='word_1_186' title='bbox 1440 1408 1676 1464; x_wconf 75' lang='lat' dir='ltr'>(Antiatem)</span> 
     </span>
     <span class='ocr_line' id='line_1_21' title="bbox 140 1472 1676 1529; baseline 0 -14"><span class='ocrx_word' id='word_1_187' title='bbox 140 1476 380 1528; x_wconf 65' lang='lat' dir='ltr'>praeferens</span> <span class='ocrx_word' id='word_1_188' title='bbox 420 1477 551 1527; x_wconf 89' lang='lat' dir='ltr'>itaque</span> <span class='ocrx_word' id='word_1_189' title='bbox 581 1482 647 1514; x_wconf 88' lang='lat' dir='ltr'>aut</span> <span class='ocrx_word' id='word_1_190' title='bbox 673 1479 732 1515; x_wconf 77' lang='lat' dir='ltr'>llle&#39;</span> <span class='ocrx_word' id='word_1_191' title='bbox 759 1475 1013 1514; x_wconf 88' lang='lat' dir='ltr'>scribendum</span> <span class='ocrx_word' id='word_1_192' title='bbox 1041 1472 1228 1529; x_wconf 72' lang='lat' dir='ltr'>(duorum</span> <span class='ocrx_word' id='word_1_193' title='bbox 1256 1478 1458 1515; x_wconf 88' lang='lat' dir='ltr'>nominum</span> <span class='ocrx_word' id='word_1_194' title='bbox 1487 1476 1676 1527; x_wconf 90' lang='lat' dir='ltr'>exemplis</span> 
     </span>
     <span class='ocr_line' id='line_1_22' title="bbox 141 1537 1676 1594; baseline 0.001 -15"><span class='ocrx_word' id='word_1_195' title='bbox 141 1541 279 1580; x_wconf 92' lang='lat' dir='ltr'>Cicero</span> <span class='ocrx_word' id='word_1_196' title='bbox 313 1542 430 1580; x_wconf 87' lang='lat' dir='ltr'>etiam</span> <span class='ocrx_word' id='word_1_197' title='bbox 458 1540 496 1592; x_wconf 76' lang='lat'>2,</span> <span class='ocrx_word' id='word_1_198' title='bbox 517 1539 585 1592; x_wconf 76' lang='lat'>23,</span> <span class='ocrx_word' id='word_1_199' title='bbox 606 1538 662 1580; x_wconf 83' lang='lat'>59</span> <span class='ocrx_word' id='word_1_200' title='bbox 697 1547 904 1579; x_wconf 84' lang='lat' dir='ltr'>contentus</span> <span class='ocrx_word' id='word_1_201' title='bbox 939 1537 1030 1594; x_wconf 49' lang='lat' dir='ltr'>suits)</span> <span class='ocrx_word' id='word_1_202' title='bbox 1065 1546 1131 1580; x_wconf 84' lang='lat' dir='ltr'>aut</span> <span class='ocrx_word' id='word_1_203' title='bbox 1159 1539 1279 1580; x_wconf 71' lang='lat' dir='ltr'>‘belli’</span> <span class='ocrx_word' id='word_1_204' title='bbox 1309 1554 1426 1580; x_wconf 84' lang='lat' dir='ltr'>cruce</span> <span class='ocrx_word' id='word_1_205' title='bbox 1462 1541 1676 1580; x_wconf 87' lang='lat' dir='ltr'>notandum</span> 
     </span>
     <span class='ocr_line' id='line_1_23' title="bbox 140 1602 1677 1659; baseline 0.001 -14"><span class='ocrx_word' id='word_1_206' title='bbox 140 1612 212 1645; x_wconf 87' lang='lat' dir='ltr'>est.</span> <span class='ocrx_word' id='word_1_207' title='bbox 247 1606 402 1645; x_wconf 73' lang='lat' dir='ltr'>certius</span> <span class='ocrx_word' id='word_1_208' title='bbox 431 1606 477 1645; x_wconf 91' lang='lat' dir='ltr'>de</span> <span class='ocrx_word' id='word_1_209' title='bbox 505 1606 589 1645; x_wconf 89' lang='lat' dir='ltr'>loco</span> <span class='ocrx_word' id='word_1_210' title='bbox 616 1606 733 1644; x_wconf 86' lang='lat' dir='ltr'>Nonii</span> <span class='ocrx_word' id='word_1_211' title='bbox 761 1602 810 1659; x_wconf 68' lang='lat' dir='ltr'>(s.</span> <span class='ocrx_word' id='word_1_212' title='bbox 831 1619 867 1645; x_wconf 90' lang='lat' dir='ltr'>u.</span> <span class='ocrx_word' id='word_1_213' title='bbox 890 1605 993 1644; x_wconf 88' lang='lat' dir='ltr'>bubo</span> <span class='ocrx_word' id='word_1_214' title='bbox 1015 1619 1050 1657; x_wconf 90' lang='lat' dir='ltr'>p.</span> <span class='ocrx_word' id='word_1_215' title='bbox 1070 1603 1171 1659; x_wconf 78' lang='lat'>194)</span> <span class='ocrx_word' id='word_1_216' title='bbox 1199 1608 1433 1657; x_wconf 78' lang='lat' dir='ltr'>transigam:</span> <span class='ocrx_word' id='word_1_217' title='bbox 1461 1609 1507 1646; x_wconf 88' lang='grc' dir='ltr'>Α.</span> <span class='ocrx_word' id='word_1_218' title='bbox 1528 1608 1677 1646; x_wconf 74' lang='lat' dir='ltr'>Gellius</span> 
     </span>
     <span class='ocr_line' id='line_1_24' title="bbox 136 1672 1677 1720; baseline 0 -9"><span class='ocrx_word' id='word_1_219' title='bbox 136 1673 404 1711; x_wconf 73' lang='lat' dir='ltr'>historiarum</span> <span class='ocrx_word' id='word_1_220' title='bbox 431 1673 534 1711; x_wconf 75' lang='lat' dir='ltr'>libro</span> <span class='ocrx_word' id='word_1_221' title='bbox 562 1672 602 1710; x_wconf 86' lang='lat' dir='ltr'>I:</span> <span class='ocrx_word' id='word_1_222' title='bbox 635 1673 686 1710; x_wconf 87' lang='lat' dir='ltr'>Et</span> <span class='ocrx_word' id='word_1_223' title='bbox 712 1674 820 1720; x_wconf 79' lang='lat' dir='ltr'>quod</span> <span class='ocrx_word' id='word_1_224' title='bbox 845 1673 946 1710; x_wconf 72' lang='lat' dir='ltr'>babo</span> <span class='ocrx_word' id='word_1_225' title='bbox 974 1674 1013 1710; x_wconf 77' lang='lat'>2&#39;71</span> <span class='ocrx_word' id='word_1_226' title='bbox 1044 1674 1229 1710; x_wconf 72' lang='lat' dir='ltr'>columna</span> <span class='ocrx_word' id='word_1_227' title='bbox 1257 1674 1371 1711; x_wconf 74' lang='lat' dir='ltr'>aedis</span> <span class='ocrx_word' id='word_1_228' title='bbox 1398 1673 1509 1711; x_wconf 63' lang='lat' dir='ltr'>Iouis</span> <span class='ocrx_word' id='word_1_229' title='bbox 1534 1675 1677 1711; x_wconf 75' lang='lat' dir='ltr'>sedens</span> 
     </span>
     <span class='ocr_line' id='line_1_25' title="bbox 139 1736 1675 1787; baseline -0.001 -11"><span class='ocrx_word' id='word_1_230' title='bbox 139 1743 378 1786; x_wconf 73' lang='lat' dir='ltr'>conspeclus</span> <span class='ocrx_word' id='word_1_231' title='bbox 404 1743 472 1776; x_wconf 77' lang='lat' dir='ltr'>est.</span> <span class='ocrx_word' id='word_1_232' title='bbox 514 1749 641 1787; x_wconf 91' lang='lat' dir='ltr'>neque</span> <span class='ocrx_word' id='word_1_233' title='bbox 670 1738 774 1775; x_wconf 90' lang='lat' dir='ltr'>enim</span> <span class='ocrx_word' id='word_1_234' title='bbox 797 1736 912 1775; x_wconf 80' lang='lat' dir='ltr'>Gellii</span> <span class='ocrx_word' id='word_1_235' title='bbox 939 1736 1103 1775; x_wconf 87' lang='lat' dir='ltr'>alicuius</span> <span class='ocrx_word' id='word_1_236' title='bbox 1130 1736 1318 1776; x_wconf 86' lang='lat' dir='ltr'>historiae</span> <span class='ocrx_word' id='word_1_237' title='bbox 1340 1749 1360 1775; x_wconf 88' lang='lat' dir='ltr'>a</span> <span class='ocrx_word' id='word_1_238' title='bbox 1382 1736 1507 1775; x_wconf 87' lang='lat' dir='ltr'>Nonio</span> <span class='ocrx_word' id='word_1_239' title='bbox 1535 1739 1675 1776; x_wconf 85' lang='lat' dir='ltr'>citatae</span> 
     </span>
     <span class='ocr_line' id='line_1_26' title="bbox 139 1800 1672 1855; baseline 0 -14"><span class='ocrx_word' id='word_1_240' title='bbox 139 1807 233 1841; x_wconf 87' lang='lat' dir='ltr'>sunt</span> <span class='ocrx_word' id='word_1_241' title='bbox 266 1800 415 1855; x_wconf 87' lang='lat' dir='ltr'>(itaque</span> <span class='ocrx_word' id='word_1_242' title='bbox 449 1815 526 1840; x_wconf 91' lang='lat' dir='ltr'>non</span> <span class='ocrx_word' id='word_1_243' title='bbox 560 1803 654 1840; x_wconf 86' lang='lat' dir='ltr'>satis</span> <span class='ocrx_word' id='word_1_244' title='bbox 694 1807 753 1841; x_wconf 89' lang='lat' dir='ltr'>est</span> <span class='ocrx_word' id='word_1_245' title='bbox 792 1814 881 1840; x_wconf 91' lang='lat' dir='ltr'>cum</span> <span class='ocrx_word' id='word_1_246' title='bbox 914 1801 1162 1853; x_wconf 68' lang='lat' dir='ltr'>Nipperdeyo</span> <span class='ocrx_word' id='word_1_247' title='bbox 1196 1801 1218 1841; x_wconf 92' lang='lat' dir='ltr'>l.</span> <span class='ocrx_word' id='word_1_248' title='bbox 1246 1814 1275 1842; x_wconf 88' lang='grc'>5.</span> <span class='ocrx_word' id='word_1_249' title='bbox 1302 1815 1338 1853; x_wconf 91' lang='lat' dir='ltr'>p.</span> <span class='ocrx_word' id='word_1_250' title='bbox 1364 1800 1446 1841; x_wconf 83' lang='lat'>133</span> <span class='ocrx_word' id='word_1_251' title='bbox 1468 1822 1511 1833; x_wconf 89' lang='lat'>=</span> <span class='ocrx_word' id='word_1_252' title='bbox 1532 1816 1567 1854; x_wconf 90' lang='lat' dir='ltr'>p.</span> <span class='ocrx_word' id='word_1_253' title='bbox 1589 1801 1672 1842; x_wconf 81' lang='lat'>401</span> 
     </span>
     <span class='ocr_line' id='line_1_27' title="bbox 139 1863 1676 1920; baseline 0.001 -15"><span class='ocrx_word' id='word_1_254' title='bbox 139 1879 381 1918; x_wconf 88' lang='lat' dir='ltr'>praenomen</span> <span class='ocrx_word' id='word_1_255' title='bbox 407 1872 450 1905; x_wconf 92' lang='lat' dir='ltr'>ut</span> <span class='ocrx_word' id='word_1_256' title='bbox 477 1879 496 1905; x_wconf 93' lang='lat' dir='ltr'>a</span> <span class='ocrx_word' id='word_1_257' title='bbox 523 1866 696 1905; x_wconf 89' lang='lat' dir='ltr'>librariis</span> <span class='ocrx_word' id='word_1_258' title='bbox 723 1866 1002 1918; x_wconf 83' lang='lat' dir='ltr'>interpolatum</span> <span class='ocrx_word' id='word_1_259' title='bbox 1031 1863 1265 1920; x_wconf 79' lang='lat' dir='ltr'>delenisse),</span> <span class='ocrx_word' id='word_1_260' title='bbox 1294 1880 1420 1918; x_wconf 89' lang='lat' dir='ltr'>neque</span> <span class='ocrx_word' id='word_1_261' title='bbox 1448 1868 1536 1906; x_wconf 88' lang='lat' dir='ltr'>Auli</span> <span class='ocrx_word' id='word_1_262' title='bbox 1563 1868 1676 1906; x_wconf 86' lang='lat' dir='ltr'>Gellii</span> 
     </span>
     <span class='ocr_line' id='line_1_28' title="bbox 141 1932 1676 1983; baseline 0.001 -12"><span class='ocrx_word' id='word_1_263' title='bbox 141 1945 161 1971; x_wconf 92' lang='lat' dir='ltr'>a</span> <span class='ocrx_word' id='word_1_264' title='bbox 190 1944 396 1982; x_wconf 89' lang='lat' dir='ltr'>quoquam.</span> <span class='ocrx_word' id='word_1_265' title='bbox 440 1932 609 1970; x_wconf 85' lang='lat' dir='ltr'>inuitum</span> <span class='ocrx_word' id='word_1_266' title='bbox 643 1943 736 1983; x_wconf 81' lang='lat' dir='ltr'>ergo</span> <span class='ocrx_word' id='word_1_267' title='bbox 769 1932 879 1971; x_wconf 92' lang='lat' dir='ltr'>illum</span> <span class='ocrx_word' id='word_1_268' title='bbox 912 1944 1055 1971; x_wconf 92' lang='lat' dir='ltr'>nomen</span> <span class='ocrx_word' id='word_1_269' title='bbox 1089 1933 1191 1983; x_wconf 88' lang='lat' dir='ltr'>eius,</span> <span class='ocrx_word' id='word_1_270' title='bbox 1229 1934 1340 1971; x_wconf 92' lang='lat' dir='ltr'>cuius</span> <span class='ocrx_word' id='word_1_271' title='bbox 1368 1938 1503 1971; x_wconf 88' lang='lat' dir='ltr'>noctes</span> <span class='ocrx_word' id='word_1_272' title='bbox 1529 1934 1676 1972; x_wconf 84' lang='lat' dir='ltr'>Atticas</span> 
     </span>
     <span class='ocr_line' id='line_1_29' title="bbox 141 1997 1676 2048; baseline 0.001 -12"><span class='ocrx_word' id='word_1_273' title='bbox 141 1997 372 2048; x_wconf 87' lang='lat' dir='ltr'>saepissime</span> <span class='ocrx_word' id='word_1_274' title='bbox 394 1998 681 2048; x_wconf 80' lang='lat' dir='ltr'>exscripsisset,</span> <span class='ocrx_word' id='word_1_275' title='bbox 703 2010 916 2048; x_wconf 88' lang='lat' dir='ltr'>numquam</span> <span class='ocrx_word' id='word_1_276' title='bbox 937 1999 1191 2048; x_wconf 86' lang='lat' dir='ltr'>nominasset,</span> <span class='ocrx_word' id='word_1_277' title='bbox 1217 1997 1364 2037; x_wconf 88' lang='lat' dir='ltr'>calamo</span> <span class='ocrx_word' id='word_1_278' title='bbox 1386 2011 1567 2037; x_wconf 87' lang='lat' dir='ltr'>exarasse</span> <span class='ocrx_word' id='word_1_279' title='bbox 1588 2000 1676 2037; x_wconf 86' lang='lat' dir='ltr'>ueri</span> 
     </span>
     <span class='ocr_line' id='line_1_30' title="bbox 140 2061 1675 2102; baseline 0.001 -1"><span class='ocrx_word' id='word_1_280' title='bbox 140 2061 386 2101; x_wconf 88' lang='lat' dir='ltr'>simillimum</span> <span class='ocrx_word' id='word_1_281' title='bbox 417 2067 487 2100; x_wconf 91' lang='lat' dir='ltr'>est.</span> <span class='ocrx_word' id='word_1_282' title='bbox 532 2061 672 2100; x_wconf 86' lang='lat' dir='ltr'>leuitas</span> <span class='ocrx_word' id='word_1_283' title='bbox 700 2067 830 2101; x_wconf 87' lang='lat' dir='ltr'>autem</span> <span class='ocrx_word' id='word_1_284' title='bbox 857 2062 1035 2101; x_wconf 85' lang='lat' dir='ltr'>Noniana</span> <span class='ocrx_word' id='word_1_285' title='bbox 1062 2064 1101 2101; x_wconf 90' lang='lat' dir='ltr'>in</span> <span class='ocrx_word' id='word_1_286' title='bbox 1130 2063 1356 2102; x_wconf 81' lang='lat' dir='ltr'>auctoribus</span> <span class='ocrx_word' id='word_1_287' title='bbox 1386 2063 1675 2102; x_wconf 86' lang='lat' dir='ltr'>transscriben-</span> 
     </span>
     <span class='ocr_line' id='line_1_31' title="bbox 141 2127 1675 2180; baseline 0.001 -15"><span class='ocrx_word' id='word_1_288' title='bbox 141 2127 202 2165; x_wconf 93' lang='lat' dir='ltr'>dis</span> <span class='ocrx_word' id='word_1_289' title='bbox 230 2132 368 2178; x_wconf 81' lang='lat' dir='ltr'>quater</span> <span class='ocrx_word' id='word_1_290' title='bbox 401 2127 611 2166; x_wconf 77' lang='lat' dir='ltr'>substituto</span> <span class='ocrx_word' id='word_1_291' title='bbox 639 2140 847 2179; x_wconf 83' lang='lat' dir='ltr'>perperam</span> <span class='ocrx_word' id='word_1_292' title='bbox 880 2140 951 2179; x_wconf 89' lang='lat' dir='ltr'>pro</span> <span class='ocrx_word' id='word_1_293' title='bbox 978 2128 1139 2167; x_wconf 89' lang='lat' dir='ltr'>Claudio</span> <span class='ocrx_word' id='word_1_294' title='bbox 1168 2128 1290 2167; x_wconf 87' lang='lat' dir='ltr'>Coelii</span> <span class='ocrx_word' id='word_1_295' title='bbox 1321 2130 1476 2167; x_wconf 88' lang='lat' dir='ltr'>nomine</span> <span class='ocrx_word' id='word_1_296' title='bbox 1510 2128 1675 2180; x_wconf 90' lang='lat' dir='ltr'>aliisque</span> 
     </span>
     <span class='ocr_line' id='line_1_32' title="bbox 142 2191 1675 2245; baseline 0.001 -14"><span class='ocrx_word' id='word_1_297' title='bbox 142 2192 333 2244; x_wconf 83' lang='lat' dir='ltr'>exemplis</span> <span class='ocrx_word' id='word_1_298' title='bbox 367 2193 460 2230; x_wconf 87' lang='lat' dir='ltr'>satis</span> <span class='ocrx_word' id='word_1_299' title='bbox 489 2191 752 2231; x_wconf 85' lang='lat' dir='ltr'>demonstrata</span> <span class='ocrx_word' id='word_1_300' title='bbox 781 2198 851 2232; x_wconf 85' lang='lat' dir='ltr'>est.</span> <span class='ocrx_word' id='word_1_301' title='bbox 897 2195 1101 2244; x_wconf 84' lang='lat' dir='ltr'>quaeritur</span> <span class='ocrx_word' id='word_1_302' title='bbox 1127 2193 1163 2232; x_wconf 91' lang='lat' dir='ltr'>b.</span> <span class='ocrx_word' id='word_1_303' title='bbox 1191 2193 1214 2231; x_wconf 93' lang='lat' dir='ltr'>l.</span> <span class='ocrx_word' id='word_1_304' title='bbox 1241 2206 1312 2245; x_wconf 90' lang='lat' dir='ltr'>pro</span> <span class='ocrx_word' id='word_1_305' title='bbox 1340 2206 1426 2244; x_wconf 87' lang='lat' dir='ltr'>quo.</span> <span class='ocrx_word' id='word_1_306' title='bbox 1469 2193 1514 2232; x_wconf 90' lang='lat' dir='ltr'>de</span> <span class='ocrx_word' id='word_1_307' title='bbox 1543 2194 1675 2233; x_wconf 87' lang='lat' dir='ltr'>Coelio</span> 
     </span>
     <span class='ocr_line' id='line_1_33' title="bbox 140 2256 1676 2310; baseline 0.002 -15"><span class='ocrx_word' id='word_1_308' title='bbox 140 2270 236 2296; x_wconf 90' lang='lat' dir='ltr'>uero</span> <span class='ocrx_word' id='word_1_309' title='bbox 270 2262 432 2309; x_wconf 88' lang='lat' dir='ltr'>propter</span> <span class='ocrx_word' id='word_1_310' title='bbox 458 2256 727 2296; x_wconf 81' lang='lat' dir='ltr'>diuersitatem</span> <span class='ocrx_word' id='word_1_311' title='bbox 763 2260 1029 2309; x_wconf 87' lang='lat' dir='ltr'>praenominis</span> <span class='ocrx_word' id='word_1_312' title='bbox 1062 2260 1227 2309; x_wconf 76' lang='lat' dir='ltr'>cogitari</span> <span class='ocrx_word' id='word_1_313' title='bbox 1259 2271 1337 2297; x_wconf 91' lang='lat' dir='ltr'>non</span> <span class='ocrx_word' id='word_1_314' title='bbox 1369 2265 1509 2310; x_wconf 87' lang='lat' dir='ltr'>potest.</span> <span class='ocrx_word' id='word_1_315' title='bbox 1555 2265 1676 2298; x_wconf 82' lang='lat' dir='ltr'>restat</span> 
     </span>
     <span class='ocr_line' id='line_1_34' title="bbox 142 2319 1674 2378; baseline 0.002 -18"><span class='ocrx_word' id='word_1_316' title='bbox 142 2322 284 2361; x_wconf 80' lang='lat' dir='ltr'>Asellio</span> <span class='ocrx_word' id='word_1_317' title='bbox 300 2322 345 2361; x_wconf 91' lang='lat' dir='ltr'>ab</span> <span class='ocrx_word' id='word_1_318' title='bbox 360 2323 576 2373; x_wconf 77' lang='lat' dir='ltr'>Augustino</span> <span class='ocrx_word' id='word_1_319' title='bbox 597 2324 823 2373; x_wconf 88' lang='lat' dir='ltr'>propositus</span> <span class='ocrx_word' id='word_1_320' title='bbox 845 2329 960 2374; x_wconf 82' lang='lat' dir='ltr'>atque</span> <span class='ocrx_word' id='word_1_321' title='bbox 982 2325 1099 2362; x_wconf 86' lang='lat' dir='ltr'>etiam</span> <span class='ocrx_word' id='word_1_322' title='bbox 1118 2337 1137 2362; x_wconf 90' lang='lat' dir='ltr'>a</span> <span class='ocrx_word' id='word_1_323' title='bbox 1153 2323 1336 2362; x_wconf 84' lang='lat' dir='ltr'>Meltzero</span> <span class='ocrx_word' id='word_1_324' title='bbox 1359 2319 1402 2377; x_wconf 78' lang='lat' dir='ltr'>(l.</span> <span class='ocrx_word' id='word_1_325' title='bbox 1416 2338 1444 2363; x_wconf 88' lang='grc'>5.</span> <span class='ocrx_word' id='word_1_326' title='bbox 1457 2322 1585 2375; x_wconf 80' lang='lat' dir='ltr'>p.431</span> <span class='ocrx_word' id='word_1_327' title='bbox 1599 2321 1674 2378; x_wconf 88' lang='lat' dir='ltr'>sq.)</span> 
     </span>
     <span class='ocr_line' id='line_1_35' title="bbox 139 2384 1674 2443; baseline 0.002 -18"><span class='ocrx_word' id='word_1_328' title='bbox 139 2393 181 2426; x_wconf 84' lang='lat' dir='ltr'>et</span> <span class='ocrx_word' id='word_1_329' title='bbox 201 2387 241 2426; x_wconf 91' lang='lat' dir='ltr'>L.</span> <span class='ocrx_word' id='word_1_330' title='bbox 255 2387 442 2426; x_wconf 88' lang='lat' dir='ltr'>Muellero</span> <span class='ocrx_word' id='word_1_331' title='bbox 460 2384 519 2437; x_wconf 84' lang='lat' dir='ltr'>(in</span> <span class='ocrx_word' id='word_1_332' title='bbox 535 2387 626 2426; x_wconf 89' lang='lat' dir='ltr'>edit.</span> <span class='ocrx_word' id='word_1_333' title='bbox 642 2387 739 2426; x_wconf 65' lang='lat' dir='ltr'>Non.</span> <span class='ocrx_word' id='word_1_334' title='bbox 756 2388 770 2426; x_wconf 92' lang='lat' dir='ltr'>l</span> <span class='ocrx_word' id='word_1_335' title='bbox 785 2401 820 2439; x_wconf 94' lang='lat' dir='ltr'>p.</span> <span class='ocrx_word' id='word_1_336' title='bbox 834 2385 938 2443; x_wconf 74' lang='lat'>285)</span> <span class='ocrx_word' id='word_1_337' title='bbox 961 2389 1160 2440; x_wconf 85' lang='lat' dir='ltr'>probatus,</span> <span class='ocrx_word' id='word_1_338' title='bbox 1182 2390 1293 2428; x_wconf 85' lang='lat' dir='ltr'>cuius</span> <span class='ocrx_word' id='word_1_339' title='bbox 1316 2387 1534 2428; x_wconf 75' lang='lat' dir='ltr'>‘historiae&#39;</span> <span class='ocrx_word' id='word_1_340' title='bbox 1558 2391 1674 2429; x_wconf 80' lang='lat' dir='ltr'>etiam</span> 
     </span>
     <span class='ocr_line' id='line_1_36' title="bbox 140 2448 988 2507; baseline 0.001 -16"><span class='ocrx_word' id='word_1_341' title='bbox 140 2452 216 2491; x_wconf 88' lang='lat' dir='ltr'>alio</span> <span class='ocrx_word' id='word_1_342' title='bbox 244 2452 327 2491; x_wconf 90' lang='lat' dir='ltr'>loco</span> <span class='ocrx_word' id='word_1_343' title='bbox 356 2448 421 2506; x_wconf 78' lang='lat' dir='ltr'>(fr.</span> <span class='ocrx_word' id='word_1_344' title='bbox 443 2449 489 2507; x_wconf 74' lang='lat'>4)</span> <span class='ocrx_word' id='word_1_345' title='bbox 518 2465 538 2491; x_wconf 89' lang='lat' dir='ltr'>a</span> <span class='ocrx_word' id='word_1_346' title='bbox 566 2452 690 2491; x_wconf 80' lang='lat' dir='ltr'>Nonio</span> <span class='ocrx_word' id='word_1_347' title='bbox 719 2455 858 2492; x_wconf 87' lang='lat' dir='ltr'>citatae</span> <span class='ocrx_word' id='word_1_348' title='bbox 886 2461 988 2492; x_wconf 86' lang='lat' dir='ltr'>sunt.</span> 
     </span>
    </p>

    <p class='ocr_par' dir='ltr' id='par_1_4' title="bbox 142 2518 1674 2702">
     <span class='ocr_line' id='line_1_37' title="bbox 231 2518 1673 2571; baseline 0.002 -15"><span class='ocrx_word' id='word_1_349' title='bbox 231 2518 311 2556; x_wconf 95' lang='lat' dir='ltr'>Iam</span> <span class='ocrx_word' id='word_1_350' title='bbox 338 2519 559 2569; x_wconf 83' lang='lat' dir='ltr'>quaeritur,</span> <span class='ocrx_word' id='word_1_351' title='bbox 587 2531 673 2569; x_wconf 88' lang='lat' dir='ltr'>qua</span> <span class='ocrx_word' id='word_1_352' title='bbox 701 2524 854 2557; x_wconf 82' lang='lat' dir='ltr'>aetate</span> <span class='ocrx_word' id='word_1_353' title='bbox 886 2519 959 2557; x_wconf 77' lang='lat' dir='ltr'>bic</span> <span class='ocrx_word' id='word_1_354' title='bbox 988 2520 1061 2557; x_wconf 78' lang='lat' dir='ltr'>Cn.</span> <span class='ocrx_word' id='word_1_355' title='bbox 1084 2518 1266 2558; x_wconf 82' lang='lat' dir='ltr'>Gellius</span> <span class='ocrx_word' id='word_1_356' title='bbox 1299 2521 1496 2570; x_wconf 84' lang='lat' dir='ltr'>uixerit,</span> <span class='ocrx_word' id='word_1_357' title='bbox 1525 2520 1571 2559; x_wconf 86' lang='lat' dir='ltr'>de</span> <span class='ocrx_word' id='word_1_358' title='bbox 1599 2534 1673 2571; x_wconf 83' lang='lat' dir='ltr'>qua</span> 
     </span>
     <span class='ocr_line' id='line_1_38' title="bbox 142 2582 1674 2634; baseline 0.002 -14"><span class='ocrx_word' id='word_1_359' title='bbox 142 2584 301 2621; x_wconf 89' lang='lat' dir='ltr'>omnino</span> <span class='ocrx_word' id='word_1_360' title='bbox 334 2582 431 2621; x_wconf 89' lang='lat' dir='ltr'>nibil</span> <span class='ocrx_word' id='word_1_361' title='bbox 462 2584 676 2622; x_wconf 89' lang='lat' dir='ltr'>memoriae</span> <span class='ocrx_word' id='word_1_362' title='bbox 708 2583 907 2634; x_wconf 86' lang='lat' dir='ltr'>proditum</span> <span class='ocrx_word' id='word_1_363' title='bbox 942 2590 1011 2623; x_wconf 87' lang='lat' dir='ltr'>est.</span> <span class='ocrx_word' id='word_1_364' title='bbox 1058 2584 1127 2622; x_wconf 91' lang='lat' dir='ltr'>sed</span> <span class='ocrx_word' id='word_1_365' title='bbox 1160 2597 1248 2623; x_wconf 89' lang='lat' dir='ltr'>cum</span> <span class='ocrx_word' id='word_1_366' title='bbox 1283 2586 1420 2624; x_wconf 81' lang='lat' dir='ltr'>Cicero</span> <span class='ocrx_word' id='word_1_367' title='bbox 1452 2598 1530 2624; x_wconf 91' lang='lat' dir='ltr'>uno</span> <span class='ocrx_word' id='word_1_368' title='bbox 1566 2592 1674 2624; x_wconf 89' lang='lat' dir='ltr'>certo</span> 
     </span>
     <span class='ocr_line' id='line_1_39' title="bbox 143 2644 1673 2702; baseline 0.001 -16"><span class='ocrx_word' id='word_1_369' title='bbox 143 2648 227 2686; x_wconf 88' lang='lat' dir='ltr'>loco</span> <span class='ocrx_word' id='word_1_370' title='bbox 256 2644 323 2701; x_wconf 77' lang='lat' dir='ltr'>(de</span> <span class='ocrx_word' id='word_1_371' title='bbox 352 2648 428 2687; x_wconf 91' lang='lat' dir='ltr'>diu.</span> <span class='ocrx_word' id='word_1_372' title='bbox 451 2648 472 2686; x_wconf 94' lang='lat' dir='ltr'>l.</span> <span class='ocrx_word' id='word_1_373' title='bbox 495 2661 524 2686; x_wconf 90' lang='grc'>5.</span> <span class='ocrx_word' id='word_1_374' title='bbox 547 2645 595 2702; x_wconf 74' lang='lat' dir='ltr'>S.)</span> <span class='ocrx_word' id='word_1_375' title='bbox 625 2661 714 2687; x_wconf 89' lang='lat' dir='ltr'>eum</span> <span class='ocrx_word' id='word_1_376' title='bbox 743 2650 950 2700; x_wconf 87' lang='lat' dir='ltr'>scripsisse</span> <span class='ocrx_word' id='word_1_377' title='bbox 979 2649 1124 2687; x_wconf 89' lang='lat' dir='ltr'>diserte</span> <span class='ocrx_word' id='word_1_378' title='bbox 1154 2649 1256 2688; x_wconf 83' lang='lat' dir='ltr'>dicat</span> <span class='ocrx_word' id='word_1_379' title='bbox 1282 2655 1370 2688; x_wconf 85' lang='lat' dir='ltr'>ante</span> <span class='ocrx_word' id='word_1_380' title='bbox 1392 2649 1579 2701; x_wconf 88' lang='lat' dir='ltr'>Coelium,</span> <span class='ocrx_word' id='word_1_381' title='bbox 1607 2652 1673 2701; x_wconf 86' lang='lat' dir='ltr'>qui</span> 
     </span>
    </p>
   </div>
   <div class='ocr_carea' id='block_1_4' title="bbox 140 2744 1674 2896">
    <p class='ocr_par' dir='ltr' id='par_1_5' title="bbox 140 2744 1674 2896">
     <span class='ocr_line' id='line_1_40' title="bbox 241 2744 1673 2790; baseline 0.002 -13"><span class='ocrx_word' id='word_1_382' title='bbox 241 2745 271 2787; x_wconf 70' lang='lat'>1)</span> <span class='ocrx_word' id='word_1_383' title='bbox 299 2744 394 2778; x_wconf 77' lang='lat' dir='ltr'>Vsus</span> <span class='ocrx_word' id='word_1_384' title='bbox 416 2744 476 2779; x_wconf 87' lang='lat' dir='ltr'>hic</span> <span class='ocrx_word' id='word_1_385' title='bbox 496 2744 674 2789; x_wconf 87' lang='lat' dir='ltr'>loquendi</span> <span class='ocrx_word' id='word_1_386' title='bbox 695 2756 777 2779; x_wconf 89' lang='lat' dir='ltr'>cum</span> <span class='ocrx_word' id='word_1_387' title='bbox 799 2744 938 2780; x_wconf 83' lang='lat' dir='ltr'>Graeco</span> <span class='ocrx_word' id='word_1_388' title='bbox 960 2746 1159 2789; x_wconf 66' lang='lat' dir='ltr'>conspirat,</span> <span class='ocrx_word' id='word_1_389' title='bbox 1188 2757 1260 2790; x_wconf 88' lang='lat' dir='ltr'>quo</span> <span class='ocrx_word' id='word_1_390' title='bbox 1284 2746 1444 2780; x_wconf 78' lang='lat' dir='ltr'>formula</span> <span class='ocrx_word' id='word_1_391' title='bbox 1468 2745 1501 2779; x_wconf 81' lang='grc' dir='ltr'>οἱ</span> <span class='ocrx_word' id='word_1_392' title='bbox 1529 2747 1610 2787; x_wconf 77' lang='grc' dir='ltr'>περὶ</span> <span class='ocrx_word' id='word_1_393' title='bbox 1632 2749 1673 2780; x_wconf 87' lang='grc' dir='ltr'>Γ.</span> 
     </span>
     <span class='ocr_line' id='line_1_41' title="bbox 144 2796 1674 2843; baseline 0.001 -12"><span class='ocrx_word' id='word_1_394' title='bbox 144 2808 166 2831; x_wconf 73' lang='lat' dir='ltr'>a,</span> <span class='ocrx_word' id='word_1_395' title='bbox 192 2796 371 2841; x_wconf 86' lang='lat' dir='ltr'>Dionysio</span> <span class='ocrx_word' id='word_1_396' title='bbox 399 2800 443 2842; x_wconf 84' lang='lat'>(6,</span> <span class='ocrx_word' id='word_1_397' title='bbox 467 2803 520 2840; x_wconf 82' lang='grc'>11,</span> <span class='ocrx_word' id='word_1_398' title='bbox 543 2802 579 2832; x_wconf 78' lang='lat'>2:</span> <span class='ocrx_word' id='word_1_399' title='bbox 607 2797 796 2838; x_wconf 77' lang='grc' dir='ltr'><em>Λικίννιος</em></span> <span class='ocrx_word' id='word_1_400' title='bbox 822 2799 885 2832; x_wconf 77' lang='grc' dir='ltr'>καὶ</span> <span class='ocrx_word' id='word_1_401' title='bbox 912 2798 947 2833; x_wconf 77' lang='grc' dir='ltr'>οἱ</span> <span class='ocrx_word' id='word_1_402' title='bbox 973 2799 1059 2842; x_wconf 83' lang='grc' dir='ltr'><em>περὶ</em></span> <span class='ocrx_word' id='word_1_403' title='bbox 1083 2797 1246 2842; x_wconf 76' lang='grc' dir='ltr'>Γέλλιον)</span> <span class='ocrx_word' id='word_1_404' title='bbox 1272 2811 1367 2833; x_wconf 81' lang='lat' dir='ltr'>unus</span> <span class='ocrx_word' id='word_1_405' title='bbox 1387 2799 1451 2833; x_wconf 80' lang='lat' dir='ltr'>ille</span> <span class='ocrx_word' id='word_1_406' title='bbox 1472 2802 1512 2833; x_wconf 91' lang='grc' dir='ltr'>Γ.</span> <span class='ocrx_word' id='word_1_407' title='bbox 1535 2799 1674 2843; x_wconf 80' lang='lat' dir='ltr'>signifi-</span> 
     </span>
     <span class='ocr_line' id='line_1_42' title="bbox 140 2850 1475 2896; baseline 0.001 -12"><span class='ocrx_word' id='word_1_408' title='bbox 140 2852 258 2893; x_wconf 78' lang='lat' dir='ltr'>catur,</span> <span class='ocrx_word' id='word_1_409' title='bbox 286 2850 340 2885; x_wconf 76' lang='lat' dir='ltr'>ita</span> <span class='ocrx_word' id='word_1_410' title='bbox 372 2851 498 2884; x_wconf 73' lang='lat' dir='ltr'>tamen</span> <span class='ocrx_word' id='word_1_411' title='bbox 523 2853 565 2885; x_wconf 77' lang='lat' dir='ltr'>ut</span> <span class='ocrx_word' id='word_1_412' title='bbox 591 2851 731 2885; x_wconf 76' lang='lat' dir='ltr'>oculati</span> <span class='ocrx_word' id='word_1_413' title='bbox 757 2852 963 2886; x_wconf 72' lang='lat' dir='ltr'>testimonii</span> <span class='ocrx_word' id='word_1_414' title='bbox 990 2852 1080 2886; x_wconf 85' lang='lat' dir='ltr'>fides</span> <span class='ocrx_word' id='word_1_415' title='bbox 1106 2863 1179 2886; x_wconf 87' lang='lat' dir='ltr'>non</span> <span class='ocrx_word' id='word_1_416' title='bbox 1205 2852 1475 2896; x_wconf 72' lang='lat' dir='ltr'>interponatur.</span> 
     </span>
    </p>
   </div>
  </div>
 </body>
</html>
