<?xml version="1.0" encoding="UTF-8"?>
<!DOCTYPE html PUBLIC "-//W3C//DTD XHTML 1.0 Transitional//EN"
    "http://www.w3.org/TR/xhtml1/DTD/xhtml1-transitional.dtd">
<html xmlns="http://www.w3.org/1999/xhtml" xml:lang="en" lang="en">
 <head>
  <title>
</title>
<meta http-equiv="Content-Type" content="text/html;charset=utf-8" />
  <meta name='ocr-system' content='tesseract 3.04.00' />
  <meta name='ocr-capabilities' content='ocr_page ocr_carea ocr_par ocr_line ocrx_word'/>
</head>
<body>
  <div class='ocr_page' id='page_1' title='image "./historicorumroma01peteuoft_0205.png"; bbox 0 0 2002 3342; ppageno 0'>
   <div class='ocr_carea' id='block_1_1' title="bbox 0 1332 5 1840">
    <p class='ocr_par' dir='ltr' id='par_1_1' title="bbox 0 1332 5 1840">
     <span class='ocr_line' id='line_1_1' title="bbox 0 1332 5 1840; baseline 0 0"><span class='ocrx_word' id='word_1_1' title='bbox 0 1332 5 1840; x_wconf 95' lang='lat' dir='ltr'> </span> 
     </span>
    </p>
   </div>
   <div class='ocr_carea' id='block_1_2' title="bbox 0 1332 9 2204">
    <p class='ocr_par' dir='ltr' id='par_1_2' title="bbox 0 1332 9 2204">
     <span class='ocr_line' id='line_1_2' title="bbox 0 1332 9 2204; baseline 0 0"><span class='ocrx_word' id='word_1_2' title='bbox 0 1332 9 2204; x_wconf 95' lang='lat' dir='ltr'> </span> 
     </span>
    </p>
   </div>
   <div class='ocr_carea' id='block_1_3' title="bbox 1 1332 8 2227">
    <p class='ocr_par' dir='ltr' id='par_1_3' title="bbox 1 1332 8 2227">
     <span class='ocr_line' id='line_1_3' title="bbox 1 1332 8 2227; baseline 0 0"><span class='ocrx_word' id='word_1_3' title='bbox 1 1332 8 2227; x_wconf 95' lang='lat' dir='ltr'> </span> 
     </span>
    </p>
   </div>
   <div class='ocr_carea' id='block_1_4' title="bbox 458 177 1707 226">
    <p class='ocr_par' dir='ltr' id='par_1_4' title="bbox 458 177 1707 226">
     <span class='ocr_line' id='line_1_4' title="bbox 458 177 1707 226; baseline 0.003 -15"><span class='ocrx_word' id='word_1_4' title='bbox 458 178 495 211; x_wconf 89' lang='lat' dir='ltr'>L.</span> <span class='ocrx_word' id='word_1_5' title='bbox 520 177 823 212; x_wconf 84' lang='lat' dir='ltr'>CALPVRNIVS</span> <span class='ocrx_word' id='word_1_6' title='bbox 850 178 953 212; x_wconf 86' lang='lat' dir='ltr'>PISO</span> <span class='ocrx_word' id='word_1_7' title='bbox 983 177 1247 214; x_wconf 82' lang='lat' dir='ltr'>CENSORIVS</span> <span class='ocrx_word' id='word_1_8' title='bbox 1274 180 1420 215; x_wconf 82' lang='lat' dir='ltr'>FRVGI</span> <span class='ocrx_word' id='word_1_9' title='bbox 1603 195 1707 226; x_wconf 64' lang='lat' dir='ltr'>CXCI</span> 
     </span>
    </p>
   </div>
   <div class='ocr_carea' id='block_1_5' title="bbox 170 289 1710 2427">
    <p class='ocr_par' dir='ltr' id='par_1_5' title="bbox 170 289 1710 2427">
     <span class='ocr_line' id='line_1_5' title="bbox 175 289 1708 343; baseline 0.003 -16"><span class='ocrx_word' id='word_1_10' title='bbox 175 295 258 328; x_wconf 92' lang='lat' dir='ltr'>tum</span> <span class='ocrx_word' id='word_1_11' title='bbox 286 301 427 327; x_wconf 87' lang='lat' dir='ltr'>nouem</span> <span class='ocrx_word' id='word_1_12' title='bbox 449 301 571 326; x_wconf 85' lang='lat' dir='ltr'>annos</span> <span class='ocrx_word' id='word_1_13' title='bbox 593 289 822 327; x_wconf 80' lang='lat' dir='ltr'>interiectos</span> <span class='ocrx_word' id='word_1_14' title='bbox 844 301 929 327; x_wconf 86' lang='lat' dir='ltr'>esse</span> <span class='ocrx_word' id='word_1_15' title='bbox 952 289 1077 327; x_wconf 84' lang='lat' dir='ltr'>elucet</span> <span class='ocrx_word' id='word_1_16' title='bbox 1101 290 1336 341; x_wconf 86' lang='lat' dir='ltr'>Liuiumque</span> <span class='ocrx_word' id='word_1_17' title='bbox 1359 291 1536 343; x_wconf 86' lang='lat' dir='ltr'>ducibus,</span> <span class='ocrx_word' id='word_1_18' title='bbox 1563 293 1708 343; x_wconf 86' lang='lat' dir='ltr'>quibus</span> 
     </span>
     <span class='ocr_line' id='line_1_6' title="bbox 176 350 1707 407; baseline 0.003 -16"><span class='ocrx_word' id='word_1_19' title='bbox 176 352 241 404; x_wconf 85' lang='lat'>10,</span> <span class='ocrx_word' id='word_1_20' title='bbox 263 351 300 404; x_wconf 86' lang='lat'>9,</span> <span class='ocrx_word' id='word_1_21' title='bbox 323 352 346 392; x_wconf 88' lang='grc'>9</span> <span class='ocrx_word' id='word_1_22' title='bbox 381 366 421 392; x_wconf 82' lang='lat' dir='ltr'>se</span> <span class='ocrx_word' id='word_1_23' title='bbox 455 350 718 407; x_wconf 41' lang='lat' dir='ltr'>addixeratss),</span> <span class='ocrx_word' id='word_1_24' title='bbox 752 353 919 392; x_wconf 77' lang='lat' dir='ltr'>desertis</span> <span class='ocrx_word' id='word_1_25' title='bbox 947 366 978 392; x_wconf 84' lang='lat' dir='ltr'>c.</span> <span class='ocrx_word' id='word_1_26' title='bbox 1004 352 1055 391; x_wconf 75' lang='lat'>13</span> <span class='ocrx_word' id='word_1_27' title='bbox 1084 356 1123 392; x_wconf 92' lang='lat' dir='ltr'>in</span> <span class='ocrx_word' id='word_1_28' title='bbox 1152 355 1270 394; x_wconf 88' lang='lat' dir='ltr'>rebus</span> <span class='ocrx_word' id='word_1_29' title='bbox 1305 357 1535 395; x_wconf 78' lang='lat' dir='ltr'>enarrandis</span> <span class='ocrx_word' id='word_1_30' title='bbox 1569 358 1616 396; x_wconf 84' lang='lat' dir='ltr'>ad</span> <span class='ocrx_word' id='word_1_31' title='bbox 1643 358 1707 396; x_wconf 88' lang='lat' dir='ltr'>Pi-</span> 
     </span>
     <span class='ocr_line' id='line_1_7' title="bbox 175 418 1706 474; baseline 0.003 -17"><span class='ocrx_word' id='word_1_32' title='bbox 175 431 309 457; x_wconf 81' lang='lat' dir='ltr'>sonem</span> <span class='ocrx_word' id='word_1_33' title='bbox 336 418 399 457; x_wconf 88' lang='lat' dir='ltr'>uel</span> <span class='ocrx_word' id='word_1_34' title='bbox 427 418 473 456; x_wconf 92' lang='lat' dir='ltr'>ad</span> <span class='ocrx_word' id='word_1_35' title='bbox 502 418 682 469; x_wconf 79' lang='lat' dir='ltr'>aliquem,</span> <span class='ocrx_word' id='word_1_36' title='bbox 711 420 778 469; x_wconf 81' lang='grc'><strong>(1111</strong></span> <span class='ocrx_word' id='word_1_37' title='bbox 804 418 910 456; x_wconf 85' lang='grc'><strong>1111116</strong></span> <span class='ocrx_word' id='word_1_38' title='bbox 932 420 1207 471; x_wconf 75' lang='lat' dir='ltr'>exscripserat,</span> <span class='ocrx_word' id='word_1_39' title='bbox 1236 434 1276 459; x_wconf 91' lang='lat' dir='ltr'>se</span> <span class='ocrx_word' id='word_1_40' title='bbox 1299 423 1556 462; x_wconf 87' lang='lat' dir='ltr'>conuertisse.</span> <span class='ocrx_word' id='word_1_41' title='bbox 1591 428 1706 474; x_wconf 86' lang='lat' dir='ltr'>atque</span> 
     </span>
     <span class='ocr_line' id='line_1_8' title="bbox 174 483 1706 541; baseline 0.004 -20"><span class='ocrx_word' id='word_1_42' title='bbox 174 484 267 522; x_wconf 86' lang='lat' dir='ltr'>haec</span> <span class='ocrx_word' id='word_1_43' title='bbox 296 483 452 534; x_wconf 84' lang='lat' dir='ltr'>quidem</span> <span class='ocrx_word' id='word_1_44' title='bbox 483 483 528 521; x_wconf 90' lang='lat' dir='ltr'>de</span> <span class='ocrx_word' id='word_1_45' title='bbox 556 485 680 534; x_wconf 88' lang='lat' dir='ltr'>prima</span> <span class='ocrx_word' id='word_1_46' title='bbox 710 483 865 522; x_wconf 82' lang='lat' dir='ltr'>decade.</span> <span class='ocrx_word' id='word_1_47' title='bbox 905 484 947 522; x_wconf 91' lang='lat' dir='ltr'>In</span> <span class='ocrx_word' id='word_1_48' title='bbox 970 486 1084 522; x_wconf 87' lang='lat' dir='ltr'>tertia</span> <span class='ocrx_word' id='word_1_49' title='bbox 1106 498 1183 523; x_wconf 87' lang='lat' dir='ltr'>uno</span> <span class='ocrx_word' id='word_1_50' title='bbox 1212 485 1293 523; x_wconf 85' lang='lat' dir='ltr'>loco</span> <span class='ocrx_word' id='word_1_51' title='bbox 1317 486 1406 524; x_wconf 82' lang='lat' dir='ltr'>libri</span> <span class='ocrx_word' id='word_1_52' title='bbox 1429 486 1528 524; x_wconf 75' lang='lat' dir='ltr'>XXV</span> <span class='ocrx_word' id='word_1_53' title='bbox 1549 483 1706 541; x_wconf 76' lang='grc'><strong>(11.32)</strong></span> 
     </span>
     <span class='ocr_line' id='line_1_9' title="bbox 171 548 1707 604; baseline 0.004 -18"><span class='ocrx_word' id='word_1_54' title='bbox 171 548 260 587; x_wconf 89' lang='lat' dir='ltr'>Piso</span> <span class='ocrx_word' id='word_1_55' title='bbox 294 561 381 587; x_wconf 91' lang='lat' dir='ltr'>cum</span> <span class='ocrx_word' id='word_1_56' title='bbox 410 548 560 586; x_wconf 73' lang='lat' dir='ltr'>Valerio</span> <span class='ocrx_word' id='word_1_57' title='bbox 586 549 741 587; x_wconf 88' lang='lat' dir='ltr'>Antiate</span> <span class='ocrx_word' id='word_1_58' title='bbox 768 550 928 599; x_wconf 87' lang='lat' dir='ltr'>citatur,</span> <span class='ocrx_word' id='word_1_59' title='bbox 966 555 1167 600; x_wconf 88' lang='lat' dir='ltr'>praeterea</span> <span class='ocrx_word' id='word_1_60' title='bbox 1200 563 1394 602; x_wconf 78' lang='lat' dir='ltr'>nusquam</span> <span class='ocrx_word' id='word_1_61' title='bbox 1422 554 1507 591; x_wconf 86' lang='lat' dir='ltr'>eius</span> <span class='ocrx_word' id='word_1_62' title='bbox 1540 555 1707 604; x_wconf 79' lang='lat' dir='ltr'>uestigia</span> 
     </span>
     <span class='ocr_line' id='line_1_10' title="bbox 172 614 1707 665; baseline 0.004 -14"><span class='ocrx_word' id='word_1_63' title='bbox 172 620 405 664; x_wconf 86' lang='lat' dir='ltr'>cernuntur,</span> <span class='ocrx_word' id='word_1_64' title='bbox 444 626 571 665; x_wconf 83' lang='lat' dir='ltr'>neque</span> <span class='ocrx_word' id='word_1_65' title='bbox 606 614 652 652; x_wconf 89' lang='lat' dir='ltr'>de</span> <span class='ocrx_word' id='word_1_66' title='bbox 686 619 818 652; x_wconf 87' lang='lat' dir='ltr'>nostra</span> <span class='ocrx_word' id='word_1_67' title='bbox 852 616 1046 653; x_wconf 88' lang='lat' dir='ltr'>sententia</span> <span class='ocrx_word' id='word_1_68' title='bbox 1079 616 1118 652; x_wconf 91' lang='lat' dir='ltr'>in</span> <span class='ocrx_word' id='word_1_69' title='bbox 1152 615 1224 653; x_wconf 91' lang='grc'><strong>1136</strong></span> <span class='ocrx_word' id='word_1_70' title='bbox 1259 616 1402 655; x_wconf 84' lang='grc'><strong>(1663(16</strong></span> <span class='ocrx_word' id='word_1_71' title='bbox 1437 619 1471 655; x_wconf 90' lang='grc'>61</span> <span class='ocrx_word' id='word_1_72' title='bbox 1500 624 1558 656; x_wconf 85' lang='lat' dir='ltr'>est</span> <span class='ocrx_word' id='word_1_73' title='bbox 1585 618 1707 658; x_wconf 86' lang='lat' dir='ltr'>locus.</span> 
     </span>
     <span class='ocr_line' id='line_1_11' title="bbox 172 678 1706 733; baseline 0.003 -16"><span class='ocrx_word' id='word_1_74' title='bbox 172 678 276 717; x_wconf 91' lang='lat' dir='ltr'>idem</span> <span class='ocrx_word' id='word_1_75' title='bbox 304 678 406 717; x_wconf 86' lang='lat' dir='ltr'>cadit</span> <span class='ocrx_word' id='word_1_76' title='bbox 432 680 472 717; x_wconf 91' lang='lat' dir='ltr'>in</span> <span class='ocrx_word' id='word_1_77' title='bbox 500 685 678 729; x_wconf 79' lang='lat' dir='ltr'>quartam</span> <span class='ocrx_word' id='word_1_78' title='bbox 706 685 743 718; x_wconf 88' lang='lat' dir='ltr'>et</span> <span class='ocrx_word' id='word_1_79' title='bbox 770 680 964 730; x_wconf 77' lang='lat' dir='ltr'>quintam,</span> <span class='ocrx_word' id='word_1_80' title='bbox 994 681 1035 717; x_wconf 93' lang='lat' dir='ltr'>in</span> <span class='ocrx_word' id='word_1_81' title='bbox 1063 679 1205 730; x_wconf 84' lang='lat' dir='ltr'>quibus</span> <span class='ocrx_word' id='word_1_82' title='bbox 1233 694 1332 731; x_wconf 86' lang='grc'><strong>(11136</strong></span> <span class='ocrx_word' id='word_1_83' title='bbox 1359 682 1591 733; x_wconf 61' lang='lat' dir='ltr'>Polybianae</span> <span class='ocrx_word' id='word_1_84' title='bbox 1617 696 1706 722; x_wconf 87' lang='lat' dir='ltr'>nar-</span> 
     </span>
     <span class='ocr_line' id='line_1_12' title="bbox 172 743 1708 801; baseline 0.004 -19"><span class='ocrx_word' id='word_1_85' title='bbox 172 746 314 782; x_wconf 83' lang='lat' dir='ltr'>rationi</span> <span class='ocrx_word' id='word_1_86' title='bbox 335 745 520 795; x_wconf 82' lang='lat' dir='ltr'>inspersit</span> <span class='ocrx_word' id='word_1_87' title='bbox 537 743 700 782; x_wconf 89' lang='lat' dir='ltr'>Claudio</span> <span class='ocrx_word' id='word_1_88' title='bbox 714 744 972 795; x_wconf 80' lang='lat' dir='ltr'>Quadrigario</span> <span class='ocrx_word' id='word_1_89' title='bbox 994 750 1033 783; x_wconf 92' lang='lat' dir='ltr'>et</span> <span class='ocrx_word' id='word_1_90' title='bbox 1047 745 1198 783; x_wconf 85' lang='lat' dir='ltr'>Valerio</span> <span class='ocrx_word' id='word_1_91' title='bbox 1212 746 1356 784; x_wconf 75' lang='lat' dir='ltr'>Antiati</span> <span class='ocrx_word' id='word_1_92' title='bbox 1381 745 1549 801; x_wconf 69' lang='lat' dir='ltr'>de11et.²&#39;)</span> <span class='ocrx_word' id='word_1_93' title='bbox 1585 749 1708 788; x_wconf 83' lang='lat' dir='ltr'>nihilo</span> 
     </span>
     <span class='ocr_line' id='line_1_13' title="bbox 171 807 1704 863; baseline 0.004 -17"><span class='ocrx_word' id='word_1_94' title='bbox 171 810 302 847; x_wconf 88' lang='lat' dir='ltr'>minus</span> <span class='ocrx_word' id='word_1_95' title='bbox 335 810 374 847; x_wconf 92' lang='lat' dir='ltr'>in</span> <span class='ocrx_word' id='word_1_96' title='bbox 407 809 506 847; x_wconf 89' lang='lat' dir='ltr'>libro</span> <span class='ocrx_word' id='word_1_97' title='bbox 534 808 599 848; x_wconf 75' lang='lat' dir='ltr'>XL</span> <span class='ocrx_word' id='word_1_98' title='bbox 627 822 658 847; x_wconf 88' lang='lat' dir='ltr'>c.</span> <span class='ocrx_word' id='word_1_99' title='bbox 680 807 735 847; x_wconf 75' lang='lat'>29</span> <span class='ocrx_word' id='word_1_100' title='bbox 763 807 861 863; x_wconf 88' lang='lat' dir='ltr'>(uid.</span> <span class='ocrx_word' id='word_1_101' title='bbox 883 810 970 848; x_wconf 85' lang='lat' dir='ltr'>adn.</span> <span class='ocrx_word' id='word_1_102' title='bbox 992 809 1038 848; x_wconf 89' lang='lat' dir='ltr'>ad</span> <span class='ocrx_word' id='word_1_103' title='bbox 1060 810 1105 848; x_wconf 86' lang='grc'>11.</span> <span class='ocrx_word' id='word_1_104' title='bbox 1130 807 1203 863; x_wconf 79' lang='grc'>11)</span> <span class='ocrx_word' id='word_1_105' title='bbox 1232 817 1381 850; x_wconf 85' lang='lat' dir='ltr'>certum</span> <span class='ocrx_word' id='word_1_106' title='bbox 1417 813 1614 852; x_wconf 87' lang='lat' dir='ltr'>annalium</span> <span class='ocrx_word' id='word_1_107' title='bbox 1642 815 1704 852; x_wconf 91' lang='lat' dir='ltr'>Pi-</span> 
     </span>
     <span class='ocr_line' id='line_1_14' title="bbox 172 874 1705 927; baseline 0.004 -15"><span class='ocrx_word' id='word_1_108' title='bbox 172 875 424 912; x_wconf 89' lang='lat' dir='ltr'>sonianorum</span> <span class='ocrx_word' id='word_1_109' title='bbox 446 874 636 912; x_wconf 84' lang='lat' dir='ltr'>indicium</span> <span class='ocrx_word' id='word_1_110' title='bbox 659 880 812 913; x_wconf 87' lang='lat' dir='ltr'>exstare</span> <span class='ocrx_word' id='word_1_111' title='bbox 834 875 1015 925; x_wconf 84' lang='lat' dir='ltr'>arbitror,</span> <span class='ocrx_word' id='word_1_112' title='bbox 1037 888 1272 927; x_wconf 86' lang='lat' dir='ltr'>quamquam</span> <span class='ocrx_word' id='word_1_113' title='bbox 1294 877 1365 915; x_wconf 84' lang='lat' dir='ltr'>sub</span> <span class='ocrx_word' id='word_1_114' title='bbox 1382 877 1523 916; x_wconf 71' lang='lat' dir='ltr'>Valerii</span> <span class='ocrx_word' id='word_1_115' title='bbox 1539 880 1705 918; x_wconf 79' lang='lat' dir='ltr'>Antiatis</span> 
     </span>
     <span class='ocr_line' id='line_1_15' title="bbox 173 939 1705 993; baseline 0.004 -16"><span class='ocrx_word' id='word_1_116' title='bbox 173 941 341 978; x_wconf 78' lang='lat' dir='ltr'>nomine.</span> <span class='ocrx_word' id='word_1_117' title='bbox 387 939 504 978; x_wconf 82' lang='lat' dir='ltr'>tradit</span> <span class='ocrx_word' id='word_1_118' title='bbox 537 941 641 978; x_wconf 89' lang='lat' dir='ltr'>enim</span> <span class='ocrx_word' id='word_1_119' title='bbox 669 939 723 978; x_wconf 90' lang='lat' dir='ltr'>ibi</span> <span class='ocrx_word' id='word_1_120' title='bbox 750 940 887 979; x_wconf 87' lang='lat' dir='ltr'>Liuius</span> <span class='ocrx_word' id='word_1_121' title='bbox 914 942 954 978; x_wconf 89' lang='lat' dir='ltr'>in</span> <span class='ocrx_word' id='word_1_122' title='bbox 982 942 1217 979; x_wconf 83' lang='lat' dir='ltr'>narrationis</span> <span class='ocrx_word' id='word_1_123' title='bbox 1247 947 1399 993; x_wconf 87' lang='lat' dir='ltr'>tenore,</span> <span class='ocrx_word' id='word_1_124' title='bbox 1436 956 1523 981; x_wconf 83' lang='lat' dir='ltr'>cum</span> <span class='ocrx_word' id='word_1_125' title='bbox 1553 956 1583 982; x_wconf 89' lang='grc'>3.</span> <span class='ocrx_word' id='word_1_126' title='bbox 1609 942 1705 983; x_wconf 78' lang='lat'>181.</span> 
     </span>
     <span class='ocr_line' id='line_1_16' title="bbox 174 1002 1704 1058; baseline 0.003 -15"><span class='ocrx_word' id='word_1_127' title='bbox 174 1002 259 1043; x_wconf 72' lang='lat'>573</span> <span class='ocrx_word' id='word_1_128' title='bbox 286 1007 326 1043; x_wconf 92' lang='lat' dir='ltr'>in</span> <span class='ocrx_word' id='word_1_129' title='bbox 352 1017 444 1056; x_wconf 74' lang='lat' dir='ltr'>agro</span> <span class='ocrx_word' id='word_1_130' title='bbox 473 1005 512 1044; x_wconf 91' lang='lat' dir='ltr'>L.</span> <span class='ocrx_word' id='word_1_131' title='bbox 534 1005 677 1043; x_wconf 82' lang='lat' dir='ltr'>Petillii</span> <span class='ocrx_word' id='word_1_132' title='bbox 705 1005 857 1044; x_wconf 87' lang='lat' dir='ltr'>scribae</span> <span class='ocrx_word' id='word_1_133' title='bbox 887 1005 984 1044; x_wconf 87' lang='lat' dir='ltr'>duae</span> <span class='ocrx_word' id='word_1_134' title='bbox 1010 1018 1122 1044; x_wconf 87' lang='lat' dir='ltr'>arcae</span> <span class='ocrx_word' id='word_1_135' title='bbox 1145 1007 1330 1045; x_wconf 86' lang='lat' dir='ltr'>inuentae</span> <span class='ocrx_word' id='word_1_136' title='bbox 1353 1013 1496 1058; x_wconf 84' lang='lat' dir='ltr'>essent,</span> <span class='ocrx_word' id='word_1_137' title='bbox 1524 1010 1562 1046; x_wconf 92' lang='lat' dir='ltr'>in</span> <span class='ocrx_word' id='word_1_138' title='bbox 1585 1009 1704 1048; x_wconf 90' lang='lat' dir='ltr'>altera</span> 
     </span>
     <span class='ocr_line' id='line_1_17' title="bbox 174 1070 1706 1125; baseline 0.004 -18"><span class='ocrx_word' id='word_1_139' title='bbox 174 1070 294 1109; x_wconf 88' lang='grc'><strong>1111556</strong></span> <span class='ocrx_word' id='word_1_140' title='bbox 323 1070 419 1109; x_wconf 84' lang='grc'><strong>(11105</strong></span> <span class='ocrx_word' id='word_1_141' title='bbox 447 1071 572 1109; x_wconf 73' lang='lat' dir='ltr'>fasces</span> <span class='ocrx_word' id='word_1_142' title='bbox 600 1076 784 1121; x_wconf 86' lang='lat' dir='ltr'>septenos</span> <span class='ocrx_word' id='word_1_143' title='bbox 812 1072 1059 1110; x_wconf 87' lang='lat' dir='ltr'>continentes</span> <span class='ocrx_word' id='word_1_144' title='bbox 1092 1071 1214 1110; x_wconf 87' lang='lat' dir='ltr'>libros</span> <span class='ocrx_word' id='word_1_145' title='bbox 1247 1078 1362 1123; x_wconf 86' lang='lat' dir='ltr'>atque</span> <span class='ocrx_word' id='word_1_146' title='bbox 1391 1085 1526 1112; x_wconf 86' lang='lat' dir='ltr'>eorum</span> <span class='ocrx_word' id='word_1_147' title='bbox 1555 1080 1706 1125; x_wconf 86' lang='lat' dir='ltr'>septem</span> 
     </span>
     <span class='ocr_line' id='line_1_18' title="bbox 172 1135 1708 1191; baseline 0.003 -18"><span class='ocrx_word' id='word_1_148' title='bbox 172 1135 331 1174; x_wconf 87' lang='lat' dir='ltr'>Latinos</span> <span class='ocrx_word' id='word_1_149' title='bbox 361 1135 406 1174; x_wconf 82' lang='lat' dir='ltr'>de</span> <span class='ocrx_word' id='word_1_150' title='bbox 434 1137 518 1174; x_wconf 93' lang='lat' dir='ltr'>iure</span> <span class='ocrx_word' id='word_1_151' title='bbox 544 1137 765 1187; x_wconf 78' lang='lat' dir='ltr'>pontificio,</span> <span class='ocrx_word' id='word_1_152' title='bbox 792 1141 943 1187; x_wconf 88' lang='lat' dir='ltr'>septem</span> <span class='ocrx_word' id='word_1_153' title='bbox 972 1135 1141 1175; x_wconf 89' lang='lat' dir='ltr'>Graecos</span> <span class='ocrx_word' id='word_1_154' title='bbox 1170 1137 1216 1175; x_wconf 89' lang='lat' dir='ltr'>de</span> <span class='ocrx_word' id='word_1_155' title='bbox 1245 1137 1451 1189; x_wconf 75' lang='lat' dir='ltr'>disciplina</span> <span class='ocrx_word' id='word_1_156' title='bbox 1480 1141 1708 1191; x_wconf 71' lang='lat' dir='ltr'>sapientiae,</span> 
     </span>
     <span class='ocr_line' id='line_1_19' title="bbox 172 1200 1706 1253; baseline 0.003 -14"><span class='ocrx_word' id='word_1_157' title='bbox 172 1213 270 1252; x_wconf 87' lang='lat' dir='ltr'>quae</span> <span class='ocrx_word' id='word_1_158' title='bbox 297 1200 402 1239; x_wconf 88' lang='lat' dir='ltr'>illius</span> <span class='ocrx_word' id='word_1_159' title='bbox 429 1202 566 1239; x_wconf 89' lang='lat' dir='ltr'>aetatis</span> <span class='ocrx_word' id='word_1_160' title='bbox 595 1214 681 1239; x_wconf 89' lang='lat' dir='ltr'>esse</span> <span class='ocrx_word' id='word_1_161' title='bbox 707 1203 910 1253; x_wconf 85' lang='lat' dir='ltr'>potuisset.</span> <span class='ocrx_word' id='word_1_162' title='bbox 958 1207 1038 1240; x_wconf 90' lang='lat' dir='ltr'>tum</span> <span class='ocrx_word' id='word_1_163' title='bbox 1066 1202 1261 1241; x_wconf 88' lang='lat' dir='ltr'>Antiatem</span> <span class='ocrx_word' id='word_1_164' title='bbox 1288 1203 1485 1242; x_wconf 87' lang='lat' dir='ltr'>Valerium</span> <span class='ocrx_word' id='word_1_165' title='bbox 1514 1204 1706 1244; x_wconf 85' lang='lat' dir='ltr'>adiecisse</span> 
     </span>
     <span class='ocr_line' id='line_1_20' title="bbox 172 1267 1710 1318; baseline 0.004 -15"><span class='ocrx_word' id='word_1_166' title='bbox 172 1267 342 1317; x_wconf 86' lang='lat' dir='ltr'>scripsit,</span> <span class='ocrx_word' id='word_1_167' title='bbox 362 1268 487 1305; x_wconf 68' lang='lat' dir='ltr'>libros</span> <span class='ocrx_word' id='word_1_168' title='bbox 508 1268 805 1316; x_wconf 63' lang='lat' dir='ltr'>Pytlzayoroeos</span> <span class='ocrx_word' id='word_1_169' title='bbox 820 1268 962 1316; x_wconf 65' lang='lat' dir='ltr'>fuisse,</span> <span class='ocrx_word' id='word_1_170' title='bbox 986 1270 1180 1317; x_wconf 69' lang='lat' dir='ltr'>uulycctae</span> <span class='ocrx_word' id='word_1_171' title='bbox 1200 1271 1393 1318; x_wconf 67' lang='lat' dir='ltr'>opinioni,</span> <span class='ocrx_word' id='word_1_172' title='bbox 1420 1282 1500 1318; x_wconf 73' lang='lat' dir='ltr'>qua</span> <span class='ocrx_word' id='word_1_173' title='bbox 1522 1273 1710 1310; x_wconf 73' lang='lat' dir='ltr'>creditur</span> 
     </span>
     <span class='ocr_line' id='line_1_21' title="bbox 172 1332 1705 1383; baseline 0.003 -13"><span class='ocrx_word' id='word_1_174' title='bbox 172 1332 435 1381; x_wconf 67' lang='lat' dir='ltr'>Pytlmqorae</span> <span class='ocrx_word' id='word_1_175' title='bbox 462 1334 689 1371; x_wconf 76' lang='lat' dir='ltr'>auditorem</span> <span class='ocrx_word' id='word_1_176' title='bbox 711 1332 840 1382; x_wconf 73' lang='lat' dir='ltr'>fuisse</span> <span class='ocrx_word' id='word_1_177' title='bbox 866 1334 1054 1381; x_wconf 68' lang='lat' dir='ltr'>Numam,</span> <span class='ocrx_word' id='word_1_178' title='bbox 1080 1335 1293 1373; x_wconf 72' lang='lat' dir='ltr'>mendacio</span> <span class='ocrx_word' id='word_1_179' title='bbox 1310 1336 1523 1383; x_wconf 72' lang='lat' dir='ltr'>probabili</span> <span class='ocrx_word' id='word_1_180' title='bbox 1548 1348 1705 1375; x_wconf 80' lang='lat' dir='ltr'>accom-</span> 
     </span>
     <span class='ocr_line' id='line_1_22' title="bbox 171 1397 1707 1448; baseline 0.003 -13"><span class='ocrx_word' id='word_1_181' title='bbox 171 1398 334 1435; x_wconf 76' lang='lat' dir='ltr'>modata</span> <span class='ocrx_word' id='word_1_182' title='bbox 356 1399 450 1444; x_wconf 71' lang='lat' dir='ltr'>lide.</span> <span class='ocrx_word' id='word_1_183' title='bbox 491 1403 528 1435; x_wconf 90' lang='lat' dir='ltr'>at</span> <span class='ocrx_word' id='word_1_184' title='bbox 553 1397 653 1435; x_wconf 88' lang='lat' dir='ltr'>hanc</span> <span class='ocrx_word' id='word_1_185' title='bbox 680 1398 804 1448; x_wconf 84' lang='lat' dir='ltr'>ipsam</span> <span class='ocrx_word' id='word_1_186' title='bbox 832 1398 986 1448; x_wconf 80' lang='lat' dir='ltr'>samam,</span> <span class='ocrx_word' id='word_1_187' title='bbox 1014 1410 1129 1448; x_wconf 87' lang='grc'><strong>(1113111</strong></span> <span class='ocrx_word' id='word_1_188' title='bbox 1156 1398 1221 1437; x_wconf 89' lang='grc'><strong>1116</strong></span> <span class='ocrx_word' id='word_1_189' title='bbox 1247 1405 1289 1437; x_wconf 88' lang='grc'>111</span> <span class='ocrx_word' id='word_1_190' title='bbox 1309 1399 1553 1439; x_wconf 77' lang='lat' dir='ltr'>Valerianam</span> <span class='ocrx_word' id='word_1_191' title='bbox 1583 1401 1707 1440; x_wconf 88' lang='lat' dir='ltr'>edidit</span> 
     </span>
     <span class='ocr_line' id='line_1_23' title="bbox 173 1461 1706 1516; baseline 0.004 -17"><span class='ocrx_word' id='word_1_192' title='bbox 173 1461 326 1511; x_wconf 86' lang='lat' dir='ltr'>Liuius,</span> <span class='ocrx_word' id='word_1_193' title='bbox 358 1462 511 1501; x_wconf 87' lang='lat' dir='ltr'>Pisonis</span> <span class='ocrx_word' id='word_1_194' title='bbox 545 1463 664 1501; x_wconf 78' lang='lat' dir='ltr'>fuisse</span> <span class='ocrx_word' id='word_1_195' title='bbox 699 1475 744 1501; x_wconf 83' lang='lat' dir='ltr'>ex</span> <span class='ocrx_word' id='word_1_196' title='bbox 778 1468 885 1501; x_wconf 87' lang='lat' dir='ltr'>certo</span> <span class='ocrx_word' id='word_1_197' title='bbox 912 1462 1028 1501; x_wconf 88' lang='lat' dir='ltr'>Plinii</span> <span class='ocrx_word' id='word_1_198' title='bbox 1062 1465 1286 1502; x_wconf 89' lang='lat' dir='ltr'>testimonio</span> <span class='ocrx_word' id='word_1_199' title='bbox 1315 1471 1559 1516; x_wconf 89' lang='lat' dir='ltr'>compertum</span> <span class='ocrx_word' id='word_1_200' title='bbox 1587 1466 1706 1505; x_wconf 88' lang='lat' dir='ltr'>habe-</span> 
     </span>
     <span class='ocr_line' id='line_1_24' title="bbox 172 1524 1706 1583; baseline 0.004 -19"><span class='ocrx_word' id='word_1_201' title='bbox 172 1539 259 1565; x_wconf 88' lang='lat' dir='ltr'>mus</span> <span class='ocrx_word' id='word_1_202' title='bbox 287 1527 348 1575; x_wconf 90' lang='grc'><strong>(11.</strong></span> <span class='ocrx_word' id='word_1_203' title='bbox 374 1524 458 1580; x_wconf 76' lang='grc'><strong>11),</strong></span> <span class='ocrx_word' id='word_1_204' title='bbox 485 1527 680 1566; x_wconf 76' lang='lat' dir='ltr'>Valerium</span> <span class='ocrx_word' id='word_1_205' title='bbox 708 1533 843 1566; x_wconf 90' lang='lat' dir='ltr'>contra</span> <span class='ocrx_word' id='word_1_206' title='bbox 870 1527 1103 1567; x_wconf 86' lang='lat' dir='ltr'>Plutarchus</span> <span class='ocrx_word' id='word_1_207' title='bbox 1131 1534 1169 1567; x_wconf 90' lang='lat' dir='ltr'>et</span> <span class='ocrx_word' id='word_1_208' title='bbox 1189 1529 1339 1568; x_wconf 89' lang='lat' dir='ltr'>Plinius</span> <span class='ocrx_word' id='word_1_209' title='bbox 1361 1526 1427 1583; x_wconf 82' lang='lat' dir='ltr'>(l&#39;r.</span> <span class='ocrx_word' id='word_1_210' title='bbox 1451 1529 1487 1569; x_wconf 74' lang='grc'>7.</span> <span class='ocrx_word' id='word_1_211' title='bbox 1510 1528 1554 1583; x_wconf 78' lang='grc'>8)</span> <span class='ocrx_word' id='word_1_212' title='bbox 1583 1538 1706 1571; x_wconf 88' lang='lat' dir='ltr'>rettu-</span> 
     </span>
     <span class='ocr_line' id='line_1_25' title="bbox 172 1592 1707 1649; baseline 0.004 -19"><span class='ocrx_word' id='word_1_213' title='bbox 172 1592 264 1630; x_wconf 85' lang='lat' dir='ltr'>lisse</span> <span class='ocrx_word' id='word_1_214' title='bbox 298 1593 565 1643; x_wconf 90' lang='lat' dir='ltr'>consentiunt,</span> <span class='ocrx_word' id='word_1_215' title='bbox 603 1592 847 1631; x_wconf 86' lang='lat' dir='ltr'>duodecim</span> <span class='ocrx_word' id='word_1_216' title='bbox 880 1592 1001 1632; x_wconf 88' lang='lat' dir='ltr'>libros</span> <span class='ocrx_word' id='word_1_217' title='bbox 1035 1594 1280 1644; x_wconf 86' lang='lat' dir='ltr'>pontificales</span> <span class='ocrx_word' id='word_1_218' title='bbox 1314 1596 1434 1634; x_wconf 89' lang='lat' dir='ltr'>fuisse</span> <span class='ocrx_word' id='word_1_219' title='bbox 1462 1597 1707 1649; x_wconf 85' lang='lat' dir='ltr'>totidemque</span> 
     </span>
     <span class='ocr_line' id='line_1_26' title="bbox 172 1657 1704 1713; baseline 0.005 -19"><span class='ocrx_word' id='word_1_220' title='bbox 172 1657 341 1695; x_wconf 73' lang='lat' dir='ltr'>Graecos</span> <span class='ocrx_word' id='word_1_221' title='bbox 374 1663 580 1708; x_wconf 84' lang='lat' dir='ltr'>praecepta</span> <span class='ocrx_word' id='word_1_222' title='bbox 612 1658 882 1709; x_wconf 88' lang='lat' dir='ltr'>philosophiae</span> <span class='ocrx_word' id='word_1_223' title='bbox 916 1660 1175 1697; x_wconf 76' lang='lat' dir='ltr'>continentes.</span> <span class='ocrx_word' id='word_1_224' title='bbox 1220 1659 1342 1711; x_wconf 89' lang='lat' dir='ltr'>unde,</span> <span class='ocrx_word' id='word_1_225' title='bbox 1378 1662 1411 1699; x_wconf 91' lang='lat' dir='ltr'>si</span> <span class='ocrx_word' id='word_1_226' title='bbox 1447 1662 1539 1712; x_wconf 79' lang='lat' dir='ltr'>quid</span> <span class='ocrx_word' id='word_1_227' title='bbox 1576 1662 1704 1713; x_wconf 88' lang='lat' dir='ltr'>uideo,</span> 
     </span>
     <span class='ocr_line' id='line_1_27' title="bbox 170 1722 1705 1773; baseline 0.004 -13"><span class='ocrx_word' id='word_1_228' title='bbox 170 1724 395 1761; x_wconf 89' lang='lat' dir='ltr'>necessario</span> <span class='ocrx_word' id='word_1_229' title='bbox 423 1724 694 1773; x_wconf 77' lang='lat' dir='ltr'>consequitur,</span> <span class='ocrx_word' id='word_1_230' title='bbox 727 1722 884 1761; x_wconf 90' lang='lat' dir='ltr'>Liuium</span> <span class='ocrx_word' id='word_1_231' title='bbox 917 1723 990 1762; x_wconf 92' lang='grc'><strong>1106</strong></span> <span class='ocrx_word' id='word_1_232' title='bbox 1020 1723 1103 1762; x_wconf 86' lang='grc'><strong>1060</strong></span> <span class='ocrx_word' id='word_1_233' title='bbox 1131 1724 1272 1763; x_wconf 90' lang='lat' dir='ltr'>Pisone</span> <span class='ocrx_word' id='word_1_234' title='bbox 1307 1731 1345 1764; x_wconf 90' lang='lat' dir='ltr'>et</span> <span class='ocrx_word' id='word_1_235' title='bbox 1372 1726 1523 1764; x_wconf 78' lang='lat' dir='ltr'>Valerio</span> <span class='ocrx_word' id='word_1_236' title='bbox 1550 1728 1705 1766; x_wconf 85' lang='lat' dir='ltr'>Antiate</span> 
     </span>
     <span class='ocr_line' id='line_1_28' title="bbox 171 1788 1706 1842; baseline 0.003 -17"><span class='ocrx_word' id='word_1_237' title='bbox 171 1788 275 1826; x_wconf 89' lang='lat' dir='ltr'>inter</span> <span class='ocrx_word' id='word_1_238' title='bbox 307 1800 347 1826; x_wconf 89' lang='lat' dir='ltr'>se</span> <span class='ocrx_word' id='word_1_239' title='bbox 382 1788 554 1826; x_wconf 80' lang='lat' dir='ltr'>confusis</span> <span class='ocrx_word' id='word_1_240' title='bbox 582 1788 723 1826; x_wconf 85' lang='lat' dir='ltr'>Valerii</span> <span class='ocrx_word' id='word_1_241' title='bbox 756 1789 923 1827; x_wconf 83' lang='lat' dir='ltr'>Antiatis</span> <span class='ocrx_word' id='word_1_242' title='bbox 959 1801 1100 1827; x_wconf 89' lang='lat' dir='ltr'>nomen</span> <span class='ocrx_word' id='word_1_243' title='bbox 1138 1791 1345 1841; x_wconf 85' lang='lat' dir='ltr'>scripsisse</span> <span class='ocrx_word' id='word_1_244' title='bbox 1381 1804 1451 1842; x_wconf 91' lang='lat' dir='ltr'>pro</span> <span class='ocrx_word' id='word_1_245' title='bbox 1488 1792 1627 1831; x_wconf 89' lang='lat' dir='ltr'>Pisone</span> <span class='ocrx_word' id='word_1_246' title='bbox 1668 1799 1706 1831; x_wconf 90' lang='lat' dir='ltr'>et</span> 
     </span>
     <span class='ocr_line' id='line_1_29' title="bbox 173 1853 1706 1908; baseline 0.003 -17"><span class='ocrx_word' id='word_1_247' title='bbox 173 1858 284 1891; x_wconf 87' lang='lat' dir='ltr'>antea</span> <span class='ocrx_word' id='word_1_248' title='bbox 319 1858 384 1891; x_wconf 91' lang='lat' dir='ltr'>aut</span> <span class='ocrx_word' id='word_1_249' title='bbox 410 1853 605 1892; x_wconf 80' lang='lat' dir='ltr'>Valerium</span> <span class='ocrx_word' id='word_1_250' title='bbox 639 1859 818 1892; x_wconf 86' lang='lat' dir='ltr'>secutum</span> <span class='ocrx_word' id='word_1_251' title='bbox 851 1866 1061 1892; x_wconf 90' lang='lat' dir='ltr'>numerum</span> <span class='ocrx_word' id='word_1_252' title='bbox 1096 1861 1246 1906; x_wconf 84' lang='lat' dir='ltr'>septem</span> <span class='ocrx_word' id='word_1_253' title='bbox 1279 1855 1488 1907; x_wconf 88' lang='lat' dir='ltr'>librorum,</span> <span class='ocrx_word' id='word_1_254' title='bbox 1522 1859 1589 1908; x_wconf 88' lang='lat' dir='ltr'>qui</span> <span class='ocrx_word' id='word_1_255' title='bbox 1622 1864 1706 1896; x_wconf 86' lang='lat' dir='ltr'>erat</span> 
     </span>
     <span class='ocr_line' id='line_1_30' title="bbox 171 1917 1704 1969; baseline 0.005 -14"><span class='ocrx_word' id='word_1_256' title='bbox 171 1917 343 1968; x_wconf 79' lang='lat' dir='ltr'>Pisonis,</span> <span class='ocrx_word' id='word_1_257' title='bbox 370 1930 440 1969; x_wconf 87' lang='lat' dir='ltr'>pro</span> <span class='ocrx_word' id='word_1_258' title='bbox 470 1917 675 1957; x_wconf 84' lang='lat' dir='ltr'>duodecim</span> <span class='ocrx_word' id='word_1_259' title='bbox 695 1920 876 1969; x_wconf 85' lang='lat' dir='ltr'>posuisse</span> <span class='ocrx_word' id='word_1_260' title='bbox 898 1924 980 1969; x_wconf 87' lang='lat' dir='ltr'>aut,</span> <span class='ocrx_word' id='word_1_261' title='bbox 1008 1932 1097 1958; x_wconf 90' lang='lat' dir='ltr'>cum</span> <span class='ocrx_word' id='word_1_262' title='bbox 1118 1920 1319 1959; x_wconf 86' lang='lat' dir='ltr'>Valeriana</span> <span class='ocrx_word' id='word_1_263' title='bbox 1348 1934 1389 1960; x_wconf 90' lang='lat' dir='ltr'>se</span> <span class='ocrx_word' id='word_1_264' title='bbox 1416 1923 1704 1962; x_wconf 84' lang='lat' dir='ltr'>transscribere</span> 
     </span>
     <span class='ocr_line' id='line_1_31' title="bbox 172 1982 1705 2039; baseline 0.004 -18"><span class='ocrx_word' id='word_1_265' title='bbox 172 1982 441 2033; x_wconf 86' lang='lat' dir='ltr'>arbitraretur,</span> <span class='ocrx_word' id='word_1_266' title='bbox 456 1983 611 2022; x_wconf 89' lang='lat' dir='ltr'>Pisonis</span> <span class='ocrx_word' id='word_1_267' title='bbox 631 1985 897 2022; x_wconf 89' lang='lat' dir='ltr'>narrationem</span> <span class='ocrx_word' id='word_1_268' title='bbox 920 1982 1191 2039; x_wconf 82' lang='lat' dir='ltr'>reddidisse.3)</span> <span class='ocrx_word' id='word_1_269' title='bbox 1225 1986 1294 2025; x_wconf 94' lang='lat' dir='ltr'>sed</span> <span class='ocrx_word' id='word_1_270' title='bbox 1315 1988 1431 2025; x_wconf 88' lang='lat' dir='ltr'>etiam</span> <span class='ocrx_word' id='word_1_271' title='bbox 1451 2000 1566 2026; x_wconf 87' lang='lat' dir='ltr'>causa</span> <span class='ocrx_word' id='word_1_272' title='bbox 1587 1989 1705 2027; x_wconf 91' lang='lat' dir='ltr'>huius</span> 
     </span>
     <span class='ocr_line' id='line_1_32' title="bbox 174 2047 1704 2100; baseline 0.003 -15"><span class='ocrx_word' id='word_1_273' title='bbox 174 2047 479 2098; x_wconf 86' lang='lat' dir='ltr'>perturbationis</span> <span class='ocrx_word' id='word_1_274' title='bbox 507 2048 694 2100; x_wconf 83' lang='lat' dir='ltr'>explicari</span> <span class='ocrx_word' id='word_1_275' title='bbox 720 2054 859 2100; x_wconf 90' lang='lat' dir='ltr'>potest.</span> <span class='ocrx_word' id='word_1_276' title='bbox 899 2051 1087 2088; x_wconf 91' lang='lat' dir='ltr'>nimirum</span> <span class='ocrx_word' id='word_1_277' title='bbox 1114 2050 1239 2089; x_wconf 85' lang='lat' dir='ltr'>Plinio</span> <span class='ocrx_word' id='word_1_278' title='bbox 1268 2056 1367 2090; x_wconf 89' lang='lat' dir='ltr'>teste</span> <span class='ocrx_word' id='word_1_279' title='bbox 1395 2058 1432 2090; x_wconf 92' lang='lat' dir='ltr'>et</span> <span class='ocrx_word' id='word_1_280' title='bbox 1459 2052 1547 2090; x_wconf 80' lang='lat' dir='ltr'>Piso</span> <span class='ocrx_word' id='word_1_281' title='bbox 1576 2053 1704 2090; x_wconf 59' lang='grc'><strong>6113-</strong></span> 
     </span>
     <span class='ocr_line' id='line_1_33' title="bbox 172 2113 1704 2168; baseline 0.004 -18"><span class='ocrx_word' id='word_1_282' title='bbox 172 2113 295 2151; x_wconf 85' lang='lat' dir='ltr'>lerius</span> <span class='ocrx_word' id='word_1_283' title='bbox 320 2113 420 2151; x_wconf 87' lang='lat' dir='ltr'>hanc</span> <span class='ocrx_word' id='word_1_284' title='bbox 447 2126 548 2164; x_wconf 87' lang='lat' dir='ltr'>rem,</span> <span class='ocrx_word' id='word_1_285' title='bbox 584 2127 673 2153; x_wconf 92' lang='lat' dir='ltr'>cum</span> <span class='ocrx_word' id='word_1_286' title='bbox 706 2114 855 2154; x_wconf 84' lang='lat' dir='ltr'>Numae</span> <span class='ocrx_word' id='word_1_287' title='bbox 889 2128 952 2154; x_wconf 87' lang='lat' dir='ltr'>res</span> <span class='ocrx_word' id='word_1_288' title='bbox 986 2122 1244 2167; x_wconf 86' lang='lat' dir='ltr'>exponerent,</span> <span class='ocrx_word' id='word_1_289' title='bbox 1284 2117 1348 2154; x_wconf 91' lang='lat' dir='ltr'>ille</span> <span class='ocrx_word' id='word_1_290' title='bbox 1382 2118 1421 2155; x_wconf 93' lang='lat' dir='ltr'>in</span> <span class='ocrx_word' id='word_1_291' title='bbox 1449 2117 1480 2168; x_wconf 87' lang='lat' dir='ltr'>I,</span> <span class='ocrx_word' id='word_1_292' title='bbox 1513 2118 1577 2156; x_wconf 89' lang='lat' dir='ltr'>hic</span> <span class='ocrx_word' id='word_1_293' title='bbox 1604 2120 1643 2156; x_wconf 91' lang='lat' dir='ltr'>in</span> <span class='ocrx_word' id='word_1_294' title='bbox 1671 2118 1704 2156; x_wconf 93' lang='grc' dir='ltr'>ΙΙ</span> 
     </span>
     <span class='ocr_line' id='line_1_34' title="bbox 173 2177 1703 2233; baseline 0.004 -18"><span class='ocrx_word' id='word_1_295' title='bbox 173 2177 286 2229; x_wconf 83' lang='grc'><strong>111110,</strong></span> <span class='ocrx_word' id='word_1_296' title='bbox 306 2178 549 2217; x_wconf 85' lang='grc'><strong>1611111613111.</strong></span> <span class='ocrx_word' id='word_1_297' title='bbox 586 2192 702 2230; x_wconf 87' lang='lat' dir='ltr'>quam</span> <span class='ocrx_word' id='word_1_298' title='bbox 723 2180 771 2219; x_wconf 89' lang='lat' dir='ltr'>ob</span> <span class='ocrx_word' id='word_1_299' title='bbox 792 2193 888 2231; x_wconf 82' lang='lat' dir='ltr'>rem,</span> <span class='ocrx_word' id='word_1_300' title='bbox 910 2194 999 2220; x_wconf 91' lang='lat' dir='ltr'>cum</span> <span class='ocrx_word' id='word_1_301' title='bbox 1021 2181 1177 2220; x_wconf 90' lang='lat' dir='ltr'>Liuium</span> <span class='ocrx_word' id='word_1_302' title='bbox 1197 2181 1268 2219; x_wconf 88' lang='lat' dir='ltr'>hos</span> <span class='ocrx_word' id='word_1_303' title='bbox 1289 2183 1396 2233; x_wconf 88' lang='lat' dir='ltr'>ipsos</span> <span class='ocrx_word' id='word_1_304' title='bbox 1418 2182 1537 2220; x_wconf 82' lang='lat' dir='ltr'>libros</span> <span class='ocrx_word' id='word_1_305' title='bbox 1559 2184 1703 2221; x_wconf 86' lang='lat' dir='ltr'>iterum</span> 
     </span>
     <span class='ocr_line' id='line_1_35' title="bbox 172 2243 1704 2297; baseline 0.004 -17"><span class='ocrx_word' id='word_1_306' title='bbox 172 2244 368 2294; x_wconf 87' lang='lat' dir='ltr'>inspicere</span> <span class='ocrx_word' id='word_1_307' title='bbox 389 2243 575 2295; x_wconf 84' lang='lat' dir='ltr'>taederet,</span> <span class='ocrx_word' id='word_1_308' title='bbox 603 2250 668 2283; x_wconf 89' lang='lat' dir='ltr'>aut</span> <span class='ocrx_word' id='word_1_309' title='bbox 689 2247 745 2283; x_wconf 90' lang='lat' dir='ltr'>eis</span> <span class='ocrx_word' id='word_1_310' title='bbox 767 2258 865 2296; x_wconf 88' lang='grc'><strong>(11136</strong></span> <span class='ocrx_word' id='word_1_311' title='bbox 887 2252 1138 2297; x_wconf 82' lang='lat' dir='ltr'>excerpserat</span> <span class='ocrx_word' id='word_1_312' title='bbox 1158 2252 1223 2285; x_wconf 86' lang='lat' dir='ltr'>aut</span> <span class='ocrx_word' id='word_1_313' title='bbox 1244 2246 1324 2285; x_wconf 87' lang='lat' dir='ltr'>sola</span> <span class='ocrx_word' id='word_1_314' title='bbox 1346 2249 1533 2285; x_wconf 88' lang='lat' dir='ltr'>memoria</span> <span class='ocrx_word' id='word_1_315' title='bbox 1554 2253 1704 2286; x_wconf 84' lang='lat' dir='ltr'>temere</span> 
     </span>
     <span class='ocr_line' id='line_1_36' title="bbox 174 2309 1703 2362; baseline 0.003 -16"><span class='ocrx_word' id='word_1_316' title='bbox 174 2311 268 2347; x_wconf 78' lang='lat' dir='ltr'>tisus</span> <span class='ocrx_word' id='word_1_317' title='bbox 302 2309 412 2347; x_wconf 83' lang='lat' dir='ltr'>facile</span> <span class='ocrx_word' id='word_1_318' title='bbox 447 2309 562 2348; x_wconf 90' lang='lat' dir='ltr'>talem</span> <span class='ocrx_word' id='word_1_319' title='bbox 597 2322 772 2349; x_wconf 88' lang='lat' dir='ltr'>errorem</span> <span class='ocrx_word' id='word_1_320' title='bbox 805 2313 1051 2350; x_wconf 86' lang='lat' dir='ltr'>committere</span> <span class='ocrx_word' id='word_1_321' title='bbox 1084 2313 1221 2362; x_wconf 84' lang='lat' dir='ltr'>potuit.</span> <span class='ocrx_word' id='word_1_322' title='bbox 1268 2312 1383 2350; x_wconf 90' lang='lat' dir='ltr'>simul</span> <span class='ocrx_word' id='word_1_323' title='bbox 1414 2325 1509 2351; x_wconf 84' lang='lat' dir='ltr'>uero</span> <span class='ocrx_word' id='word_1_324' title='bbox 1538 2313 1610 2351; x_wconf 89' lang='lat' dir='ltr'>hoc</span> <span class='ocrx_word' id='word_1_325' title='bbox 1639 2313 1703 2351; x_wconf 89' lang='lat' dir='ltr'>de-</span> 
     </span>
     <span class='ocr_line' id='line_1_37' title="bbox 173 2374 1705 2427; baseline 0.002 -15"><span class='ocrx_word' id='word_1_326' title='bbox 173 2380 414 2413; x_wconf 86' lang='lat' dir='ltr'>monstrasse</span> <span class='ocrx_word' id='word_1_327' title='bbox 441 2374 554 2413; x_wconf 88' lang='lat' dir='ltr'>nohis</span> <span class='ocrx_word' id='word_1_328' title='bbox 581 2375 774 2427; x_wconf 88' lang='lat' dir='ltr'>uidemur,</span> <span class='ocrx_word' id='word_1_329' title='bbox 801 2388 879 2414; x_wconf 91' lang='lat' dir='ltr'>non</span> <span class='ocrx_word' id='word_1_330' title='bbox 902 2389 987 2415; x_wconf 85' lang='lat' dir='ltr'>esse</span> <span class='ocrx_word' id='word_1_331' title='bbox 1008 2378 1094 2415; x_wconf 90' lang='lat' dir='ltr'>ueri</span> <span class='ocrx_word' id='word_1_332' title='bbox 1116 2376 1243 2415; x_wconf 88' lang='lat' dir='ltr'>simile</span> <span class='ocrx_word' id='word_1_333' title='bbox 1265 2376 1421 2415; x_wconf 88' lang='lat' dir='ltr'>Liuium</span> <span class='ocrx_word' id='word_1_334' title='bbox 1442 2377 1560 2415; x_wconf 88' lang='lat' dir='ltr'>hosce</span> <span class='ocrx_word' id='word_1_335' title='bbox 1582 2377 1705 2416; x_wconf 88' lang='lat' dir='ltr'>libros</span> 
     </span>
    </p>
   </div>
   <div class='ocr_carea' id='block_1_6' title="bbox 173 2467 357 2471">
    <p class='ocr_par' dir='ltr' id='par_1_6' title="bbox 173 2467 357 2471">
     <span class='ocr_line' id='line_1_38' title="bbox 173 2467 357 2471; baseline 0 0"><span class='ocrx_word' id='word_1_336' title='bbox 173 2467 357 2471; x_wconf 95' lang='lat' dir='ltr'> </span> 
     </span>
    </p>
   </div>
   <div class='ocr_carea' id='block_1_7' title="bbox 172 2506 1704 2871">
    <p class='ocr_par' dir='ltr' id='par_1_7' title="bbox 173 2506 1704 2602">
     <span class='ocr_line' id='line_1_39' title="bbox 269 2506 1704 2554; baseline 0.003 -15"><span class='ocrx_word' id='word_1_337' title='bbox 269 2508 302 2550; x_wconf 82' lang='lat'>1)</span> <span class='ocrx_word' id='word_1_338' title='bbox 330 2506 470 2540; x_wconf 86' lang='lat' dir='ltr'>Licinio</span> <span class='ocrx_word' id='word_1_339' title='bbox 490 2506 627 2550; x_wconf 82' lang='lat' dir='ltr'>Macro,</span> <span class='ocrx_word' id='word_1_340' title='bbox 653 2508 695 2540; x_wconf 70' lang='lat' dir='ltr'>ut</span> <span class='ocrx_word' id='word_1_341' title='bbox 715 2507 870 2552; x_wconf 84' lang='lat' dir='ltr'>Klinger</span> <span class='ocrx_word' id='word_1_342' title='bbox 897 2508 966 2552; x_wconf 83' lang='lat' dir='ltr'>(De</span> <span class='ocrx_word' id='word_1_343' title='bbox 987 2509 1117 2542; x_wconf 53' lang='lat' dir='ltr'>decimi</span> <span class='ocrx_word' id='word_1_344' title='bbox 1135 2509 1244 2542; x_wconf 76' lang='lat' dir='ltr'>Lz&#39;m&#39;z&#39;</span> <span class='ocrx_word' id='word_1_345' title='bbox 1263 2509 1283 2542; x_wconf 80' lang='lat' dir='ltr'>l.</span> <span class='ocrx_word' id='word_1_346' title='bbox 1305 2509 1468 2551; x_wconf 75' lang='lat' dir='ltr'>fontibus</span> <span class='ocrx_word' id='word_1_347' title='bbox 1493 2521 1528 2553; x_wconf 90' lang='lat' dir='ltr'>p.</span> <span class='ocrx_word' id='word_1_348' title='bbox 1550 2513 1592 2543; x_wconf 74' lang='lat'>‘21</span> <span class='ocrx_word' id='word_1_349' title='bbox 1609 2512 1704 2554; x_wconf 84' lang='lat' dir='ltr'>sqq.)</span> 
     </span>
     <span class='ocr_line' id='line_1_40' title="bbox 173 2559 474 2602; baseline 0.007 -10"><span class='ocrx_word' id='word_1_350' title='bbox 173 2559 382 2602; x_wconf 76' lang='lat' dir='ltr'>suspicatus</span> <span class='ocrx_word' id='word_1_351' title='bbox 409 2561 474 2595; x_wconf 74' lang='lat' dir='ltr'>est.</span> 
     </span>
    </p>

    <p class='ocr_par' dir='ltr' id='par_1_8' title="bbox 172 2613 1703 2766">
     <span class='ocr_line' id='line_1_41' title="bbox 269 2613 1703 2658; baseline 0.002 -12"><span class='ocrx_word' id='word_1_352' title='bbox 269 2614 302 2655; x_wconf 83' lang='lat'>2)</span> <span class='ocrx_word' id='word_1_353' title='bbox 329 2613 494 2647; x_wconf 75' lang='lat' dir='ltr'>Tertium</span> <span class='ocrx_word' id='word_1_354' title='bbox 521 2616 708 2648; x_wconf 76' lang='lat' dir='ltr'>auctorem</span> <span class='ocrx_word' id='word_1_355' title='bbox 730 2615 782 2648; x_wconf 83' lang='lat' dir='ltr'>eis</span> <span class='ocrx_word' id='word_1_356' title='bbox 803 2615 974 2649; x_wconf 75' lang='lat' dir='ltr'>adiunxit</span> <span class='ocrx_word' id='word_1_357' title='bbox 999 2615 1038 2648; x_wconf 89' lang='lat' dir='ltr'>in</span> <span class='ocrx_word' id='word_1_358' title='bbox 1064 2614 1120 2648; x_wconf 89' lang='lat' dir='ltr'>his</span> <span class='ocrx_word' id='word_1_359' title='bbox 1148 2615 1350 2649; x_wconf 82' lang='lat' dir='ltr'>decadibus</span> <span class='ocrx_word' id='word_1_360' title='bbox 1372 2615 1541 2649; x_wconf 85' lang='lat' dir='ltr'>Pisonem</span> <span class='ocrx_word' id='word_1_361' title='bbox 1563 2616 1703 2658; x_wconf 80' lang='lat' dir='ltr'>Soltau,</span> 
     </span>
     <span class='ocr_line' id='line_1_42' title="bbox 172 2665 1703 2713; baseline 0.003 -15"><span class='ocrx_word' id='word_1_362' title='bbox 172 2665 247 2699; x_wconf 88' lang='lat' dir='ltr'>uid.</span> <span class='ocrx_word' id='word_1_363' title='bbox 274 2666 435 2700; x_wconf 87' lang='lat' dir='ltr'>indicem</span> <span class='ocrx_word' id='word_1_364' title='bbox 464 2667 625 2702; x_wconf 72' lang='lat' dir='ltr'>‘Livius&#39;</span> <span class='ocrx_word' id='word_1_365' title='bbox 654 2679 688 2712; x_wconf 90' lang='lat' dir='ltr'>p.</span> <span class='ocrx_word' id='word_1_366' title='bbox 710 2672 860 2702; x_wconf 76' lang='lat'>43—46.</span> <span class='ocrx_word' id='word_1_367' title='bbox 906 2668 1018 2702; x_wconf 83' lang='lat' dir='ltr'>etiam</span> <span class='ocrx_word' id='word_1_368' title='bbox 1045 2667 1158 2702; x_wconf 83' lang='lat' dir='ltr'>latius</span> <span class='ocrx_word' id='word_1_369' title='bbox 1186 2668 1263 2702; x_wconf 88' lang='lat' dir='ltr'>eius</span> <span class='ocrx_word' id='word_1_370' title='bbox 1289 2680 1378 2702; x_wconf 87' lang='lat' dir='ltr'>usus</span> <span class='ocrx_word' id='word_1_371' title='bbox 1405 2669 1438 2703; x_wconf 90' lang='lat' dir='ltr'>ei</span> <span class='ocrx_word' id='word_1_372' title='bbox 1463 2669 1612 2703; x_wconf 74' lang='lat' dir='ltr'>uidetur</span> <span class='ocrx_word' id='word_1_373' title='bbox 1637 2680 1703 2713; x_wconf 84' lang='lat' dir='ltr'>pa-</span> 
     </span>
     <span class='ocr_line' id='line_1_43' title="bbox 174 2720 1622 2766; baseline 0.003 -15"><span class='ocrx_word' id='word_1_374' title='bbox 174 2720 251 2752; x_wconf 82' lang='lat' dir='ltr'>tere</span> <span class='ocrx_word' id='word_1_375' title='bbox 277 2729 389 2762; x_wconf 81' lang='lat' dir='ltr'>quam</span> <span class='ocrx_word' id='word_1_376' title='bbox 414 2720 452 2753; x_wconf 88' lang='lat' dir='ltr'>in</span> <span class='ocrx_word' id='word_1_377' title='bbox 477 2720 589 2754; x_wconf 81' lang='lat' dir='ltr'>tertia</span> <span class='ocrx_word' id='word_1_378' title='bbox 616 2721 755 2755; x_wconf 83' lang='lat' dir='ltr'>decade</span> <span class='ocrx_word' id='word_1_379' title='bbox 782 2724 894 2764; x_wconf 75' lang='lat' dir='ltr'>atque</span> <span class='ocrx_word' id='word_1_380' title='bbox 920 2721 958 2754; x_wconf 89' lang='lat' dir='ltr'>in</span> <span class='ocrx_word' id='word_1_381' title='bbox 985 2721 1115 2765; x_wconf 80' lang='lat' dir='ltr'>prima,</span> <span class='ocrx_word' id='word_1_382' title='bbox 1143 2721 1217 2755; x_wconf 87' lang='lat' dir='ltr'>uid.</span> <span class='ocrx_word' id='word_1_383' title='bbox 1245 2721 1404 2756; x_wconf 83' lang='lat' dir='ltr'>indicem</span> <span class='ocrx_word' id='word_1_384' title='bbox 1430 2735 1465 2766; x_wconf 72' lang='lat' dir='ltr'>p.</span> <span class='ocrx_word' id='word_1_385' title='bbox 1488 2727 1554 2756; x_wconf 68' lang='lat'>206</span> <span class='ocrx_word' id='word_1_386' title='bbox 1570 2734 1622 2765; x_wconf 83' lang='lat' dir='ltr'>sq.</span> 
     </span>
    </p>

    <p class='ocr_par' dir='ltr' id='par_1_9' title="bbox 173 2772 1701 2871">
     <span class='ocr_line' id='line_1_44' title="bbox 270 2772 1701 2819; baseline 0.002 -14"><span class='ocrx_word' id='word_1_387' title='bbox 270 2775 303 2816; x_wconf 85' lang='lat'>3)</span> <span class='ocrx_word' id='word_1_388' title='bbox 330 2772 462 2807; x_wconf 83' lang='lat' dir='ltr'>Nissen</span> <span class='ocrx_word' id='word_1_389' title='bbox 491 2774 698 2808; x_wconf 73' lang='lat' dir='ltr'>Untersuch.</span> <span class='ocrx_word' id='word_1_390' title='bbox 720 2786 754 2818; x_wconf 87' lang='lat' dir='ltr'>p.</span> <span class='ocrx_word' id='word_1_391' title='bbox 777 2778 844 2808; x_wconf 76' lang='lat'>236</span> <span class='ocrx_word' id='word_1_392' title='bbox 872 2774 965 2808; x_wconf 81' lang='lat' dir='ltr'>falsa</span> <span class='ocrx_word' id='word_1_393' title='bbox 986 2774 1094 2808; x_wconf 85' lang='lat' dir='ltr'>Plinii</span> <span class='ocrx_word' id='word_1_394' title='bbox 1123 2775 1305 2819; x_wconf 79' lang='lat' dir='ltr'>scriptura</span> <span class='ocrx_word' id='word_1_395' title='bbox 1330 2775 1505 2819; x_wconf 77' lang='lat' dir='ltr'>deceptus</span> <span class='ocrx_word' id='word_1_396' title='bbox 1531 2787 1607 2809; x_wconf 79' lang='lat' dir='ltr'>reni</span> <span class='ocrx_word' id='word_1_397' title='bbox 1628 2786 1701 2809; x_wconf 90' lang='lat' dir='ltr'>non</span> 
     </span>
     <span class='ocr_line' id='line_1_45' title="bbox 173 2825 814 2871; baseline 0.005 -13"><span class='ocrx_word' id='word_1_398' title='bbox 173 2825 296 2868; x_wconf 78' lang='lat' dir='ltr'>potuit</span> <span class='ocrx_word' id='word_1_399' title='bbox 322 2825 365 2859; x_wconf 87' lang='lat' dir='ltr'>ad</span> <span class='ocrx_word' id='word_1_400' title='bbox 395 2825 577 2869; x_wconf 84' lang='lat' dir='ltr'>liquidum</span> <span class='ocrx_word' id='word_1_401' title='bbox 603 2827 814 2871; x_wconf 85' lang='lat' dir='ltr'>perducere.</span> 
     </span>
    </p>
   </div>
  </div>
 </body>
</html>
