2002 3342
302 204 413 233 XLIV
869 188 1271 224 PROLEGOMENON

303 300 470 350 sulatus,
510 299 555 338 ad
593 312 710 350 quem
750 301 862 350 quasi
899 299 1008 339 sidus
1047 305 1373 351 exsurrexerunt,
1412 312 1484 351 per
1521 306 1671 351 septem
1711 313 1832 340 annos

302 362 419 417 (485.
448 362 694 404 269—479.
722 360 828 418 275)
857 364 1137 415 administrati,
1165 367 1232 416 qui
1258 365 1383 403 honor
1409 377 1457 403 ne
1484 364 1647 403 Valeriis
1675 365 1832 416 quidem

302 432 467 481 contigit
493 429 786 480 Niebuhrioque
817 425 869 482 (ΙΙ
894 442 931 480 1).
955 427 1038 468 198
1055 426 1158 483 sqq.)
1188 435 1265 468 tam
1291 431 1415 468 mirus
1443 442 1529 468 esse
1556 431 1667 469 uisus
1694 436 1764 481 est,
1789 435 1834 469 ut

301 506 443 533 nouam
480 500 562 533 tuni
599 496 788 533 rationem
828 494 1009 533 6011511165
1048 495 1207 533 creandi
1243 496 1462 533 institutam
1500 507 1586 534 esse
1623 497 1833 546 coniceret,

302 565 369 598 aut
396 565 549 611 patrum
583 561 829 598 auctoritatis
857 565 992 598 contra
1019 559 1083 610 Sp.
1105 560 1284 598 Cassium
1316 559 1575 610 tribunosque
1609 565 1834 599 constanter

303 624 498 676 defensae,
526 637 737 676 pergamus
759 637 963 675 egressum
985 626 1159 664 omnium
1181 624 1390 663 Fabiorum
1410 630 1656 676 mortemque
1678 631 1837 676 praeter

301 703 425 728 unum
453 702 605 728 summa
632 689 746 728 laude
774 689 987 740 celebrare,
1015 690 1210 741 explicare
1238 689 1411 728 subitum
1438 691 1648 728 transitum
1675 702 1695 728 a
1715 691 1834 741 patri-

301 754 375 793 bus
397 754 444 793 ad
465 755 591 806 plebis
614 767 784 806 causam,
805 768 893 805 quo,
913 756 1145 806 priusquam
1166 755 1213 793 ad
1229 754 1454 793 Cremeram
1474 756 1836 806 proficiscerentur,

303 818 473 870 ‘ingens’
504 825 542 858 et
568 820 756 871 populare
785 832 921 859 eorum
948 832 1090 858 nomen
1121 820 1264 858 factum
1292 826 1368 870 est,
1396 820 1581 858 admirari
1607 819 1649 865 Q.
1671 820 1834 858 Fabium

301 885 512 923 Maximum
544 885 786 936 Rullianum,
826 886 893 935 qui
926 886 1164 936 quinquiens
1198 885 1334 923 consul
1366 885 1546 923 hostibus
1578 884 1765 923 audacter
1797 890 1835 924 et

302 950 500 1001 impauide
521 950 701 1001 petendis
722 950 871 989 Tuscos
893 956 931 988 et
953 949 1148 988 Samnites
1174 951 1330 1001 egregie
1352 949 1588 1000 perdomuit,
1615 949 1657 995 Q.
1673 949 1834 989 Fabium

302 1015 513 1054 Maximum
540 1015 805 1054 Verrucosum
844 1016 939 1053 item
972 1016 1210 1066 quinquiens
1250 1014 1469 1065 consulem,
1509 1016 1575 1065 qui
1615 1015 1835 1054 cunctando

304 1081 479 1119 restituit
506 1093 600 1118 rem.

391 1145 635 1195 Quamquam
662 1144 802 1183 fabulis
829 1145 925 1183 haec
952 1145 1222 1195 fundamenta,
1263 1157 1360 1195 quae
1387 1145 1465 1183 fato
1493 1150 1532 1183 et
1556 1146 1704 1183 uirtute
1730 1147 1836 1184 uiro-

303 1222 390 1249 rum
419 1209 665 1261 quorundam
692 1211 907 1260 insignium
934 1211 1033 1248 iacta
1061 1216 1168 1260 sunt,
1207 1214 1478 1261 superstructa
1511 1215 1549 1248 et
1581 1216 1716 1248 ornata
1749 1222 1835 1249 esse

303 1277 502 1314 neminem
536 1276 646 1325 fugit.
697 1287 838 1314 uerum
871 1280 1003 1313 tamen
1035 1276 1189 1313 uersari
1223 1274 1406 1313 nolumus
1432 1276 1473 1313 in
1500 1276 1556 1313 eis
1584 1275 1837 1326 disserendis,

303 1352 401 1391 quae
429 1339 634 1378 admiratio
663 1345 701 1378 et
728 1340 948 1378 recordatio
977 1339 1176 1390 popularis
1204 1340 1315 1377 finxit
1342 1344 1379 1378 et
1406 1339 1571 1392 addidit3
1606 1352 1696 1378 nam
1725 1340 1836 1379 docte

304 1410 341 1444 et
369 1405 578 1455 diligenter
605 1405 644 1443 F.
666 1405 852 1444 Muenzer
878 1400 947 1457 (R.
970 1406 1014 1443 E.
1036 1404 1083 1442 VI
1111 1417 1141 1443 c.
1165 1402 1278 1443 1739
1295 1401 1398 1458 sqq.)
1434 1406 1630 1455 exposuit,
1664 1417 1763 1456 quae
1796 1407 1836 1444 in

302 1472 399 1521 ipsis
425 1470 636 1508 Fabiorum
663 1470 782 1508 rebus
810 1471 1002 1508 enarratis
1030 1482 1119 1508 cum
1146 1469 1222 1508 fide
1249 1482 1424 1520 pugnare
1451 1470 1673 1509 uideantur.
1684 1467 1717 1524 1)
1769 1483 1837 1509 no-

304 1540 430 1573 strum
456 1547 562 1572 nunc
589 1535 682 1585 erit,
719 1534 822 1585 quod
856 1534 1067 1573 nemodum
1096 1534 1225 1574 dedita
1252 1547 1372 1585 opera
1405 1537 1601 1586 exposuit,
1640 1537 1838 1587 persequi,

304 1612 402 1651 quae
429 1601 469 1638 in
497 1611 634 1638 eorum
660 1601 848 1638 memoria
876 1601 930 1638 ita
956 1600 1098 1638 tradita
1125 1601 1221 1650 sint,
1259 1605 1303 1638 ut
1329 1605 1453 1638 artem
1486 1606 1601 1651 atque
1633 1601 1837 1652 ingenium

304 1666 510 1716 scriptoris
538 1664 729 1715 gentilicii
755 1664 844 1715 plus
870 1666 1054 1704 minusue
1078 1665 1297 1704 manufesta
1318 1665 1495 1716 prodant.
1529 1671 1644 1717 atque
1664 1667 1837 1717 primum

304 1730 463 1781 quidem
496 1729 650 1780 Liuius,
686 1731 798 1781 isque
831 1732 872 1768 in
904 1730 1086 1781 plurimis
1122 1730 1240 1769 rebus
1274 1743 1362 1769 cum
1394 1730 1579 1781 Dionysio
1613 1733 1838 1782 concinens,

304 1795 539 1846 simulatque
568 1795 614 1833 ad
640 1795 782 1834 Fabios
808 1796 1008 1846 peruenit,
1042 1795 1165 1834 lactea
1192 1808 1261 1834 sua
1287 1795 1466 1834 ubertate
1499 1795 1737 1847 luxuriatur,
1769 1796 1837 1834 ubi

303 1862 448 1900 mirum
475 1865 665 1911 quantum
693 1873 782 1899 cum
810 1860 981 1899 exilitate
1011 1860 1224 1911 discrepat,
1258 1873 1332 1911 qua
1361 1860 1526 1899 aliorum
1554 1873 1746 1899 annorum
1773 1873 1838 1900 res

304 1925 484 1964 absoluit.
518 1927 675 1976 copiosa
701 1927 742 1964 in
769 1926 830 1964 his
858 1928 895 1964 ei
921 1925 1155 1977 suppetebat
1175 1927 1338 1979 materia
1360 1927 1476 1964 etiam
1501 1925 1693 1964 dictorum
1718 1925 1837 1965 sabel-

304 1991 521 2042 larumque,
549 2003 624 2042 qua
652 2003 740 2029 eum
768 1991 965 2029 fruentem
994 1991 1180 2029 delectari
1208 1992 1319 2041 quasi
1339 1992 1416 2041 ipsi
1437 1990 1612 2041 legentes
1633 1992 1838 2042 sentimus,

304 2069 383 2095 non
409 2057 540 2094 minus
567 2061 696 2094 autem
724 2062 805 2094 arte
833 2056 1079 2095 exornandae
1113 2061 1151 2094 et
1177 2055 1472 2107 amplificandae
1499 2056 1686 2095 historiae
1709 2058 1751 2095 in
1776 2056 1838 2095 his

304 2122 554 2173 potissimum
582 2121 776 2172 capitibus
805 2121 970 2172 excellit,
997 2127 1041 2160 ut
1070 2133 1187 2172 saepe
1215 2133 1380 2159 numero
1408 2122 1448 2159 in
1470 2122 1526 2159 eis
1555 2120 1837 2160 dubitationem

304 2192 478 2225 nostram
499 2192 665 2225 moueat.
699 2186 802 2237 quod
822 2188 943 2237 igitur
962 2186 1172 2238 Dionysius
1193 2183 1251 2239 (9,
1272 2184 1347 2239 22)
1368 2185 1437 2224 ubi
1457 2186 1544 2224 fieri
1564 2198 1642 2225 non
1662 2187 1838 2238 potuisse

307 2251 490 2303 disputat,
511 2257 553 2290 111
576 2251 622 2290 de
644 2264 711 2290 sex
732 2252 810 2290 illis
832 2258 872 2291 et
891 2254 1080 2291 trecentis
1100 2251 1230 2290 Fabiis
1252 2264 1354 2290 unus
1376 2251 1556 2302 impubes
1576 2264 1675 2302 puer
1693 2251 1838 2290 Romae

306 2316 468 2356 relictus
496 2322 652 2367 gentem
680 2323 931 2368 propagaret,
970 2315 1133 2367 μύθοις
1173 2316 1226 2368 δὴ
1264 2314 1401 2355 ταῦτά
1427 2329 1474 2367 γε
1509 2313 1580 2355 καὶ,
1616 2314 1838 2368 πλάσμασι

305 2384 558 2434 θεατρικοῖς
584 2383 727 2421 similia
755 2395 841 2421 esse
870 2383 975 2434 dicit,
1002 2383 1075 2421 1106
1102 2384 1254 2420 crimen
1282 2383 1397 2420 etiam
1426 2383 1465 2420 in
1493 2381 1649 2420 Liuium
1670 2381 1838 2420 Fabiana

305 2447 581 2485 inlustrantem
618 2453 684 2486 aut
718 2449 757 2485 in
794 2453 995 2487 auctorem
1031 2449 1116 2486 eius
1152 2447 1266 2485 cadit.
1319 2446 1558 2485 Graecorum
1592 2446 1837 2497 quorundam

306 2513 545 2563 scriptorum
570 2519 615 2551 ut
640 2512 847 2563 Phylarchi
873 2513 987 2551 nobis
1014 2514 1055 2550 in
1080 2518 1254 2550 mentem
1279 2513 1400 2550 uenit.

397 2577 473 2616 Sed
494 2589 557 2615 res
579 2579 624 2615 in
645 2580 845 2628 gratiam
867 2578 1117 2617 Fabiorum
1138 2590 1216 2616 non
1236 2577 1362 2615 solum
1380 2581 1560 2615 narratae
1576 2581 1614 2614 et
1628 2582 1837 2615 exornatae

307 2648 409 2693 sunt,
436 2642 504 2680 sed
532 2644 649 2681 etiam
676 2643 853 2681 consulto
880 2648 1087 2682 mutatae
1114 2655 1159 2681 ac
1186 2644 1310 2693 fictae,
1337 2654 1453 2692 saepe
1479 2642 1532 2680 ita
1552 2647 1595 2680 ut
1615 2641 1751 2680 eadem
1772 2654 1837 2680 res

405 2793 436 2836 1)
465 2792 517 2826 Cf.
545 2794 693 2836 praeter
719 2791 811 2826 alios
840 2792 954 2826 etiam
981 2791 1255 2837 Schweglerum
1275 2792 1306 2825 Π
1331 2803 1367 2836 p.
1389 2794 1457 2825 494
1472 2802 1549 2835 sqq.
1577 2793 1645 2824 519
1661 2801 1738 2834 sqq.
1778 2790 1837 2824 Du

307 2844 401 2879 Rieu
428 2846 485 2879 De
509 2850 610 2890 yeme
637 2845 771 2880 Fabia.
