2002 3342
670 210 709 252 Q.
737 209 906 244 minvs
933 209 1105 244 PICTOR
1543 225 1651 255 πῃ

129 324 285 362 Graeco
312 325 494 360 carmine
517 324 787 370 interpretata
809 323 1011 368 recitauit,
1039 326 1120 359 tum
1142 322 1249 359 de‘oeit
1267 333 1309 360 se
1330 324 1496 360 oraculo
1519 335 1650 369 effres-

120 401 206 427 szzm
234 390 429 436 ertemplo
456 390 505 425 ils
531 388 711 425 omnibus
739 387 845 424 diuis
872 397 955 424 rem
983 387 1165 424 diuinam
1187 392 1276 424 ture
1298 398 1348 424 cte
1374 389 1468 425 uino
1492 387 1650 435 fecisse,

124 457 351 501 jussumque
384 465 409 490 α
443 454 577 501 templi
615 454 810 498 (nite‘sle'le,
848 454 951 489 sicut
991 457 1210 490 coronatus
1247 453 1391 489 laurea
1427 463 1579 490 corona
1615 459 1652 491 el

121 520 330 557 oraculum
364 519 514 556 adisset
546 522 583 555 et
616 528 700 555 rem
732 518 912 555 dim'nam
942 516 1124 565 fecisset,
1158 518 1215 554 ila
1242 522 1479 555 coronatum
1506 530 1651 555 nauem

121 584 344 622 ascendere
375 594 450 620 nee
482 588 575 620 ante
608 583 808 631 deponere
841 593 926 619 eam
955 593 1074 629 quam
1102 581 1269 619 Romam
1293 584 1560 630 pernem'sset.
1611 594 1652 621 se

119 659 394 696 quaecumque
420 650 618 696 imperata
644 650 724 685 εἴη]
752 658 840 684 cum
866 658 1020 684 summa
1047 648 1244 694 reliqz‘one
1271 658 1321 684 ac
1342 648 1554 694 de'liqenle'a
1582 660 1650 686 ea:-

118 719 297 751 secutum
320 724 509 751 coronam
527 712 681 750 Romae
705 714 743 750 ln
768 723 882 749 aram
903 713 1102 760 Apollinis
1123 712 1364 760 deposuisse.
1399 718 1564 750 senatus
1585 714 1649 751 de-

121 781 262 827 creuit,
290 783 333 816 ut
356 789 428 816 eae
449 790 513 815 res
534 779 702 815 diuinae
719 778 1116 825 supplicationesque
1134 779 1270 825 primo
1298 788 1454 824 quoque
1476 782 1651 826 tempore

119 855 209 881 cum
237 855 339 881 cura
361 845 518 890 fierent.

208 907 383 958 Denique
419 907 602 958 Polybius
639 919 727 945 eum
764 912 987 945 senatorem
1025 907 1145 944 fuisse
1186 912 1224 945 et
1259 912 1420 958 propter
1454 908 1576 945 uitam
1614 914 1649 945 et

120 985 249 1011 mores
272 972 370 1011 bene
392 972 547 1011 audisse
570 985 641 1010 nos
662 973 852 1011 certiores
875 972 966 1010 fecit
988 968 1046 1024 (3,
1068 969 1106 1021 9,
1126 968 1192 1024 4);
1225 967 1337 1010 ἔνιοι
1366 970 1446 1023 γὰρ
1474 970 1554 1011 οὐκ
1582 970 1650 1011 ἐπὶ

118 1036 169 1076 τὰ
203 1037 416 1089 λεγόμενα
450 1037 845 1088 συνεπιστήσαντες
879 1032 969 1075 ἀλλ’
1003 1032 1068 1075 ἐπ’
1099 1035 1237 1077 αὐτὸν
1263 1035 1342 1076 τὸν
1370 1034 1552 1088 λέγοντα
1579 1034 1649 1076 καὶ

119 1102 326 1154 λαβόντες
347 1100 395 1142 ἐν
421 1105 497 1157 νῷ,
526 1101 638 1142 διότι
663 1101 771 1141 κατὰ
799 1102 901 1148 τοὺς
927 1101 1108 1155 καιροὺς
1135 1100 1157 1142 ὁ
1186 1101 1371 1155 γράφων
1398 1100 1552 1154 γέγονε
1579 1101 1649 1142 καὶ

116 1172 195 1207 τοῦ
223 1166 460 1220 ουνεδρίου
487 1173 653 1219 μετεῖχε
679 1172 768 1207 τῶν
790 1163 1027 1219 Ῥωμαίων,
1053 1171 1142 1207 πᾶν
1168 1164 1336 1214 εὐθέως
1363 1166 1574 1219 ἡγοῦνται
1601 1168 1648 1207 τὸ

118 1231 357 1284 λεγόμενον
393 1230 476 1272 ὑπὸ
513 1231 671 1273 τούτου
708 1232 877 1283 πιστόν,
919 1238 955 1271 et
995 1231 1029 1283 1,
1060 1230 1125 1283 14,
1152 1231 1190 1283 2,
1224 1246 1299 1284 quo
1335 1233 1419 1272 loco
1453 1233 1499 1272 de
1532 1233 1649 1271 Fabio

116 1298 347 1350 Philinoque
382 1300 476 1349 agit:
522 1295 698 1345 ἑκόντας
733 1293 814 1348 μὲν
849 1292 931 1337 οὖν
970 1293 1187 1345 ἐψεῦσθαι
1222 1297 1326 1345 τοὺς
1365 1297 1531 1351 ἄνδρας
1570 1296 1648 1350 οὐχ

116 1362 433 1416 ὑπολαμβάνω,
486 1363 797 1416 στοχαζόμενος
842 1361 887 1402 ἐκ
931 1366 1010 1402 τοῦ
1056 1362 1158 1414 βίου
1202 1361 1274 1402 καὶ
1318 1368 1394 1416 τῆς
1443 1361 1650 1415 αἱρέσεως

116 1426 317 1484 αὐτῶν.1)

206 1494 383 1546 Denique
417 1495 528 1545 quasi
561 1494 779 1533 hereditate
813 1493 986 1533 studium
1020 1495 1114 1532 artis
1148 1501 1186 1533 et
1219 1494 1419 1533 doctrinae
1449 1496 1647 1546 accepisse

115 1559 285 1598 uidetur.
328 1572 417 1598 nam
440 1561 556 1598 etiam
577 1560 744 1598 Pictoris
766 1559 882 1610 filius,
909 1558 953 1597 N.
975 1558 1117 1597 Fabius
1138 1559 1270 1598 Pictor
1289 1555 1387 1613 (cos.
1409 1557 1507 1598 266.
1527 1557 1648 1614 488),

115 1626 450 1675 consanguineum
491 1624 533 1670 Q.
567 1625 607 1663 F.
641 1624 851 1663 Maximum
891 1623 1094 1675 Gurgitem
1129 1637 1159 1663 a.
1187 1622 1285 1664 273.
1312 1623 1395 1664 481
1439 1625 1485 1664 ad
1521 1625 1648 1664 Ptolo-

115 1702 271 1728 maeum
298 1689 468 1740 legatum
495 1691 702 1729 comitatus
726 1695 810 1728 erat
830 1686 1035 1741 (Muenzer
1062 1702 1091 1728 e.
1117 1686 1264 1743 1836),
1291 1689 1503 1729 Cunctator
1524 1691 1647 1730 filium

114 1760 313 1793 mortuum
341 1756 393 1792 ita
422 1754 661 1805 nudauerat,
688 1761 731 1794 ut
751 1756 926 1793 oratione
948 1754 1216 1806 Thucydidem
1237 1768 1426 1806 aequasse
1450 1756 1648 1795 diceretur

114 1815 213 1873 (uid.
236 1832 264 1857 S.
286 1832 321 1871 p.
337 1829 485 1858 XXXIII
501 1817 589 1873 sq),
616 1819 720 1858 unde
743 1819 971 1871 explicatur,
999 1819 1103 1871 quod
1128 1832 1256 1871 neque
1284 1820 1348 1859 ille
1371 1822 1437 1872 qui
1460 1822 1586 1872 pinxit
1606 1823 1646 1860 in

115 1885 225 1923 fastis
247 1897 413 1936 usquam
435 1891 767 1924 commemoratur
786 1897 914 1936 neque
937 1885 999 1923 hic
1021 1887 1087 1936 qui
1110 1887 1280 1936 scripsit,
1308 1892 1423 1937 atque
1444 1893 1487 1925 ut
1507 1887 1563 1925 illi
1584 1900 1646 1926 ars

113 1949 219 1988 laudi
241 1951 357 1988 etiam
379 1963 399 1989 a
419 1950 604 1989 Romanis
627 1950 712 1989 data
737 1956 796 1989 est
817 1947 915 2002 (Cic.
937 1950 1052 1989 Tusc.
1078 1949 1112 2001 1,
1128 1948 1165 2001 2,
1180 1948 1239 2003 4),
1266 1952 1318 1990 ita
1339 1952 1402 1990 hic
1424 1951 1470 1991 de
1493 1953 1646 1992 ciuibus

112 2015 268 2067 publice
297 2015 473 2054 doctrina
501 2021 539 2054 et
566 2015 708 2054 litteris
736 2017 882 2054 mereri
911 2017 1052 2068 potuit3
1080 2017 1203 2067 pestis
1231 2016 1390 2067 quidem
1417 2017 1482 2055 illa
1510 2031 1645 2069 super-

113 2082 318 2119 stitionum
344 2080 484 2119 urbem
511 2093 589 2119 non
617 2080 743 2120 solum
770 2086 858 2132 post
885 2081 1034 2119 cladem
1062 2081 1307 2121 Cannensem
1335 2079 1432 2135 (uid.
1454 2083 1585 2134 Polyb,
1607 2082 1645 2133 3,

115 2143 211 2197 112,
233 2144 270 2184 6.
309 2145 413 2184 Diels
447 2146 468 2184 l.
492 2158 520 2184 s.
547 2159 583 2197 p.
606 2143 662 2184 84
677 2143 753 2200 sq.)
788 2147 984 2185 inuasisse
1022 2146 1198 2198 uidetur,
1237 2154 1280 2186 ut
1318 2149 1357 2186 in
1398 2161 1441 2187 ea
1475 2148 1645 2188 sedanda

112 2212 229 2250 etiam
262 2210 438 2249 ciuilium
473 2213 617 2249 artium
653 2213 845 2262 grauitate
882 2218 921 2250 et
956 2212 1099 2250 auxilio
1136 2219 1280 2263 egeret.
1331 2215 1491 2252 omnino
1524 2216 1646 2265 igitur

115 2276 330 2314 decemuiri
362 2276 499 2315 militia
534 2276 650 2315 soluti
679 2284 790 2315 erant
818 2272 948 2330 (Dion.
976 2275 1014 2327 3,
1048 2275 1115 2328 62,
1142 2274 1208 2332 ὃ),
1241 2291 1316 2329 quo
1350 2280 1427 2317 otio
1454 2292 1569 2330 quem
1598 2281 1643 2319 ad

112 2340 271 2380 modum
305 2343 427 2380 ceteri
459 2343 517 2380 uti
550 2341 655 2381 soliti
687 2343 782 2393 sint,
821 2355 898 2381 non
932 2348 991 2381 est
1021 2342 1229 2394 traditum,
1266 2343 1308 2389 Q.
1336 2344 1445 2382 Fabii
1478 2344 1644 2384 Pictoris

111 2412 242 2445 autem
276 2408 438 2446 scientia
471 2420 549 2445 non
582 2407 707 2446 solum
741 2419 873 2446 rerum
908 2420 928 2446 a
961 2413 1076 2458 gente
1110 2420 1179 2447 sua
1206 2415 1405 2459 gestarum
1432 2410 1501 2449 sed
1528 2412 1643 2449 etiam

210 2500 242 2540 1)
269 2498 368 2532 Inter
386 2498 670 2542 proquaestores
691 2498 779 2532 anni
800 2501 879 2532 219.
902 2502 968 2532 535
997 2509 1079 2532 eum
1099 2501 1265 2534 recenset
1283 2499 1440 2545 Pighius
1468 2501 1590 2535 annal.
1613 2502 1643 2535 II

110 2562 145 2594 p.
164 2553 241 2592 153,
269 2560 378 2594 quem
393 2550 546 2585 Vossius
566 2550 620 2585 De
639 2550 724 2586 hist.
740 2550 803 2585 lat.
819 2563 853 2596 p.
872 2556 925 2593 13,
953 2551 1164 2586 Lachmann
1187 2552 1241 2587 De
1261 2553 1351 2588 sont.
1374 2553 1452 2588 Liu.
1469 2554 1501 2587 II
1523 2559 1564 2588 14
1577 2567 1644 2599 sq„

111 2603 316 2648 Baumgart
342 2615 377 2648 p.
393 2608 424 2646 2,
453 2603 593 2638 Closset
618 2605 732 2639 Essai
756 2617 792 2649 p.
814 2608 882 2639 438
909 2604 1023 2639 secuti
1046 2607 1140 2639 sunt.
1187 2606 1250 2640 sed
1272 2617 1293 2640 a
1313 2607 1501 2642 ueteribus
1522 2607 1576 2641 nil
1598 2608 1642 2642 de

111 2656 182 2690 hoc
208 2655 431 2701 magistratu
462 2656 619 2691 relatum
652 2659 716 2691 est.
762 2660 841 2691 tum
869 2669 958 2692 caue
991 2658 1119 2692 credas
1146 2659 1384 2694 Lachmanno
1411 2660 1448 2704 (l.
1470 2663 1511 2704 s.)
1545 2661 1642 2695 hunc

111 2709 294 2743 Pictorem
326 2712 533 2753 praetorem
567 2710 654 2744 anni
690 2714 767 2745 189.
795 2715 862 2745 565
890 2711 982 2756 (Liu.
1005 2715 1059 2754 37,
1088 2716 1144 2755 47,
1166 2716 1204 2755 83
1233 2716 1287 2755 50,
1310 2716 1349 2757 83
1375 2718 1431 2756 51,
1455 2716 1486 2758 1)
1514 2714 1639 2748 fuisse.

111 2761 184 2796 fuit
209 2762 333 2807 potius
360 2762 419 2796 hie
446 2763 543 2797 idem
571 2775 654 2797 cum
682 2775 735 2806 eo,
763 2765 825 2807 qui
852 2766 947 2799 teste
973 2765 1078 2799 Liuio
1106 2768 1174 2809 (45,
1203 2769 1259 2807 44,
1281 2769 1315 2810 3)
1343 2778 1438 2801 anno
1462 2771 1538 2802 167.
1561 2771 1639 2809 587,

112 2826 195 2849 cum
221 2814 356 2850 flamen
377 2815 579 2857 Quirinalis
606 2819 712 2859 esset,
740 2819 906 2852 mortuus
934 2821 987 2852 est
1014 2820 1050 2852 et,
1076 2818 1230 2853 fortasse
1257 2818 1353 2853 filius
1379 2830 1500 2854 rerum
1528 2820 1640 2864 scrip-

110 2868 202 2902 toris
230 2869 311 2911 fuit,
338 2868 513 2903 Muenzer
537 2870 560 2904 l.
582 2882 607 2904 s.
637 2882 665 2904 c.
689 2873 776 2905 1841
795 2883 846 2915 sq.
