2002 3342
245 195 477 225 CUCXLVlH
580 181 643 215 DE
671 180 975 216 SCRIPTORVM
1002 180 1125 215 VlTls
1153 181 1213 214 ΕΤ
1241 180 1448 215 SCRIPTIS

245 294 477 343 praesertim
502 304 589 330 cum
607 291 794 329 Sisennae
816 291 1000 329 historias
1022 291 1146 329 Nonio
1168 292 1206 328 in
1229 290 1409 329 manibus
1433 291 1553 329 fuisse
1574 292 1652 329 uiri
1674 290 1777 329 docti

244 357 516 407 dissentirent,
556 357 654 394 infra
694 358 732 394 in
770 358 996 405 fragmentis
1034 355 1288 407 disponendis
1321 355 1394 394 hoc
1428 355 1564 394 ordine
1598 355 1776 406 neglecto

243 422 404 461 eandem
434 423 538 460 uiam
567 423 736 471 ingressi
758 434 872 472 quam
895 423 933 459 in
957 423 1099 459 ceteris
1121 420 1379 471 scriptoribus
1408 421 1533 471 primo
1555 420 1638 458 loco
1660 419 1775 459 collo-

243 500 332 525 care
354 486 564 525 maluimus
586 499 628 524 ea
651 487 880 537 fragmenta,
908 499 1005 537 qnae
1030 486 1156 536 aliqua
1178 498 1266 523 cum
1287 484 1560 536 probabilitate
1582 485 1628 523 ad
1650 490 1777 523 certas

242 564 306 589 res
334 553 474 590 referri
503 557 673 602 possent,
705 551 751 589 ad
779 556 999 602 temporum
1022 550 1200 589 ordinem
1223 550 1383 600 digesta,
1412 549 1551 588 deinde
1573 555 1702 588 cetera
1730 562 1776 588 ex

242 629 374 655 rerum
411 616 669 654 similitudine
703 615 928 666 adiungere,
968 622 1119 654 certum
1154 621 1281 654 autem
1316 615 1506 653 iudicium
1541 614 1587 653 de
1614 615 1777 666 ratione,

241 694 340 732 quae
368 683 472 720 inter
498 681 666 719 Nonium
696 687 729 719 et
760 681 965 719 Sisennam
993 679 1222 730 intercedat,
1249 680 1426 731 proferre
1454 681 1576 730 magis
1598 679 1645 717 ad
1670 679 1777 718 illius

241 746 411 785 indolem
434 746 687 797 studiumque
709 745 1023 797 cognoscendum
1043 747 1216 796 pertinet
1231 757 1345 795 quam
1368 744 1414 783 ad
1436 750 1614 783 nostrum
1629 740 1775 797 opus.¹)

330 812 440 863 Apud
473 812 569 850 alios
603 814 817 863 scriptores
847 823 1041 862 perpauca
1070 811 1230 849 notitiae
1259 810 1514 848 Sisennianae
1541 808 1684 848 indicia
1712 821 1777 847 ex-

241 882 355 915 stant.
396 876 598 915 Seruius
626 878 730 915 enim
757 876 884 914 tribus
912 875 1007 914 locis
1029 872 1094 928 (fr.
1113 873 1148 913 1.
1170 873 1208 913 2.
1228 873 1267 913 4.
1295 875 1342 913 cl'.
1367 871 1470 928 143)
1498 875 1537 912 in
1565 873 1683 912 rebus
1711 885 1776 912 an-

240 943 360 992 tiquis
381 941 566 980 Romanis
588 942 777 980 Sisennae
805 942 1036 979 auctoritate
1057 941 1193 990 utitur,
1220 938 1488 977 Macrobius
1514 938 1575 976 bis
1595 935 1660 991 (sr.
1679 936 1714 977 7.
1731 935 1776 990 8)

242 1008 326 1045 eius
355 1006 474 1045 uerba
503 1006 692 1057 quaedam
721 1019 766 1044 ex
794 1005 893 1044 libro
915 1005 960 1056 Il,
988 1005 1271 1043 Priscianus
1297 1016 1420 1042 unum
1448 1003 1575 1042 locum
1603 1016 1647 1041 ex
1676 1003 1777 1041 libro

243 1071 473 1110 duodecimo
501 1067 567 1124 (fr.
592 1067 707 1123 131),
742 1070 837 1109 duos
866 1083 911 1109 ex
943 1071 1104 1109 incertis
1132 1070 1176 1107 sr.
1202 1066 1295 1108 138.
1322 1067 1422 1119 135»,
1457 1069 1624 1119 denique
1654 1081 1776 1107 unum

240 1136 442 1175 Ioannes
476 1136 629 1187 Lydus
663 1137 921 1186 inscriptione
955 1136 1097 1173 omissa
1131 1132 1196 1187 (fr.
1221 1132 1323 1187 133)
1357 1135 1503 1173 citauit.
1549 1134 1610 1171 hic
1645 1139 1775 1171 tamen

244 1204 327 1253 ipse
364 1202 551 1240 Sisennae
588 1201 732 1240 librum
769 1214 809 1239 se
846 1200 994 1239 uidisse
1031 1196 1212 1252 negat2),
1244 1199 1427 1250 idemque
1461 1200 1576 1237 etiam
1612 1198 1657 1236 de
1691 1197 1777 1236 aliis

240 1267 512 1318 scriptoribus,
542 1280 638 1317 quos
664 1266 779 1305 modo
807 1266 1125 1315 commemoraui,
1155 1264 1355 1315 probabile
1383 1260 1491 1316 est.3)

329 1332 385 1370 Ad
407 1332 669 1383 supplendum
689 1344 786 1370 uero
807 1332 927 1369 totius
944 1330 1132 1368 Sisennae
1150 1329 1350 1368 doctrinae
1372 1335 1410 1367 et
1431 1328 1664 1367 eruditionis
1686 1340 1776 1366 con-

240 1404 417 1448 spectum
439 1398 550 1448 quasi
573 1396 821 1435 corollarium
845 1395 934 1434 dedi
961 1396 1177 1446 fragmenta
1199 1394 1511 1445 Milesiarum,
1538 1406 1635 1444 quos
1655 1392 1776 1431 libros

241 1486 294 1489 -
332 1464 538 1501 minimum
575 1462 764 1501 tredecim
801 1484 857 1488 —
893 1461 1061 1499 lasciuos
1098 1466 1136 1498 et.
1172 1462 1346 1511 impuros
1389 1472 1477 1498 cum
1516 1464 1692 1498 uerteret
1730 1470 1776 1496 ex

241 1527 389 1566 Graeco
404 1527 616 1566 Aristidem
639 1533 798 1566 secutus
820 1526 918 1579 (uid.
940 1538 1057 1576 supra
1079 1538 1114 1576 p.
1132 1534 1296 1564 CCCXLI
1310 1522 1379 1578 n.),
1401 1526 1538 1563 aetatis
1560 1536 1652 1562 suae
1674 1524 1776 1561 auri-

238 1593 311 1632 bus
345 1600 381 1631 et
413 1592 559 1632 iudicio
596 1593 894 1643 obtemperauit.
935 1604 1024 1630 nam
1056 1603 1152 1641 quos
1179 1590 1313 1629 Parthi
1340 1595 1427 1641 post
1461 1588 1611 1628 cladem
1638 1588 1776 1626 Roma-

239 1671 328 1697 nam
357 1672 387 1697 a.
409 1655 477 1697 53.
501 1656 581 1697 701
612 1660 651 1696 in
674 1659 813 1696 castris
840 1659 1080 1695 inuenerunt
1108 1655 1240 1706 libros,
1268 1660 1334 1694 aut
1353 1653 1536 1693 Aristidis
1560 1659 1625 1692 aut
1646 1653 1775 1692 Sisen-

240 1736 311 1762 nae
347 1723 543 1762 Milesiaca
580 1723 741 1761 fuerunt
777 1718 902 1774 (plut.
930 1722 1058 1760 Crass.
1085 1717 1186 1775 3⁵2),
1226 1732 1392 1772 quorum
1430 1732 1527 1770 quae
1565 1724 1777 1770 supersunt

240 1789 447 1840 reliquiae,
488 1801 533 1827 ex
573 1788 672 1826 libro
712 1788 827 1826 tertio
863 1787 1014 1825 decimo
1047 1799 1118 1837 per
1149 1786 1291 1824 lulium
1323 1785 1540 1823 Romanum
1575 1784 1776 1823 Charisius

241 1855 426 1892 seruauit.
467 1855 663 1892 orationes
691 1858 820 1891 autem
843 1854 940 1903 eius,
968 1865 1063 1902 quas
1090 1851 1227 1890 habuit
1251 1863 1322 1902 pro
1344 1850 1464 1888 Verre
1486 1856 1523 1888 et
1545 1855 1678 1888 contra
1699 1849 1775 1888 Ru-

241 1921 341 1957 sium
364 1924 402 1957 et
423 1920 455 1956 si
477 1931 573 1969 quas
596 1918 689 1956 alias
711 1915 1006 1969 (Meyerpssbss
1020 1921 1136 1969 sqq),
1158 1910 1298 1954 litteris
1320 1928 1397 1953 non
1419 1920 1652 1965 propagatae
1675 1920 1777 1964 sunt,

338 2041 370 2083 1)
398 2039 568 2072 Breuitas
600 2038 911 2083 fragmentorum,
945 2048 1041 2080 quae
1074 2036 1251 2081 pleraque
1284 2035 1413 2079 paucis
1440 2034 1563 2068 uerbis
1591 2033 1669 2067 sine
1696 2045 1777 2068 sen-

239 2092 361 2126 tentia
388 2094 572 2134 constant,
600 2092 638 2125 id
665 2091 805 2133 effecit⁷
832 2092 874 2124 ut
900 2101 1050 2134 perraro
1078 2090 1126 2124 ad
1153 2092 1272 2123 certas
1300 2088 1480 2132 quasdam
1508 2099 1564 2122 res
1592 2098 1635 2121 ea
1661 2088 1777 2121 rettu-

240 2145 403 2179 lerimus.
445 2145 648 2179 accedebat
681 2145 794 2179 etiam
827 2144 925 2188 quod
959 2144 1090 2178 eadem
1118 2153 1255 2187 genera
1281 2141 1429 2176 urbium
1455 2140 1515 2175 uel
1543 2140 1777 2175 obsessarum

241 2199 300 2233 uel
328 2202 623 2243 oppugnatarum
657 2198 719 2232 uel
752 2199 1049 2242 expugnatarum
1082 2205 1367 2241 pugnarumque
1394 2193 1551 2228 diuersis
1576 2193 1667 2227 locis
1693 2203 1778 2226 nar-

243 2252 360 2286 randa
386 2254 506 2293 erant,
534 2252 772 2295 uarietasque
798 2251 970 2285 fortunae
1004 2252 1040 2284 et
1068 2249 1235 2283 dolorum
1269 2259 1378 2292 saepe
1410 2246 1665 2291 repetebatur,
1693 2257 1777 2279 cum

242 2306 286 2340 de
313 2305 423 2339 rebus
450 2305 486 2338 in
514 2305 607 2338 mari
634 2305 760 2349 gestis,
787 2304 825 2337 in
852 2304 988 2347 quibus
1014 2302 1231 2337 enarrandis
1253 2300 1447 2345 complura
1466 2300 1675 2344 fragmenta
1696 2310 1777 2333 uer-

243 2360 381 2401 santur,
409 2358 502 2392 nihil
530 2359 575 2392 de
602 2358 701 2392 bello
730 2357 859 2392 sociali
884 2357 1085 2392 memoriae
1111 2355 1301 2401 proditum
1328 2355 1385 2388 sit.

339 2413 372 2453 2)
401 2411 506 2452 Quod
535 2411 780 2446 Fenestellam
810 2412 922 2455 atque
949 2410 1143 2445 Sisennam
1170 2420 1191 2443 a
1218 2409 1382 2443 Varrone
1409 2407 1447 2440 in
1473 2406 1568 2440 libro
1595 2405 1641 2439 de
1667 2405 1777 2439 rebus

245 2465 417 2498 humanis
439 2465 512 2508 (ἐπὶ
534 2464 787 2508 ἀνθρωπίνων
813 2463 1053 2508 πραγμάτων)
1079 2463 1250 2497 laudatos
1274 2471 1353 2495 esse
1374 2460 1497 2504 Lydus
1519 2459 1624 2502 dixit,
1651 2458 1776 2503 negle-

243 2519 373 2562 genter
399 2519 607 2560 auctorem,
640 2518 699 2552 cui
725 2518 818 2551 haee
845 2517 967 2561 debet,
994 2516 1200 2560 exscripsit.
1239 2513 1450 2549 Fenestella
1476 2513 1573 2547 enim
1601 2511 1777 2554 Varrone,

243 2580 315 2604 non
344 2571 459 2605 Varro
487 2571 693 2605 Fenestella
719 2571 775 2604 uti
800 2570 935 2615 potuit.

341 2626 374 2665 3)
401 2624 441 2658 In
469 2624 511 2658 fr.
540 2625 701 2659 incertae
723 2624 819 2659 sedis
841 2623 988 2669 neglexi
1009 2635 1124 2657 unum
1147 2622 1281 2663 locum,
1309 2631 1418 2664 quem
1439 2619 1614 2663 apposuit
1634 2619 1776 2652 Krause

244 2689 279 2721 p.
297 2681 373 2711 317.
414 2677 506 2711 haec
539 2678 637 2711 enim
671 2679 756 2712 sunt
781 2677 957 2711 Varronis
990 2677 1106 2711 uerba
1137 2675 1237 2720 apud
1264 2673 1425 2709 Gellium
1454 2675 1609 2714 2‚25,9:
1643 2672 1775 2706 Assen—

245 2731 316 2764 tior
341 2735 461 2764 tamen
487 2731 560 2772 fere
585 2742 705 2766 onmes
731 2731 867 2766 dicunt.
907 2730 1062 2765 Sisenna
1088 2741 1187 2764 unus
1215 2727 1401 2763 ‘assentio’
1430 2726 1467 2759 in
1488 2729 1617 2759 senatu
1638 2725 1776 2759 dicebat

245 2788 276 2817 et
307 2795 385 2818 eum
414 2788 538 2828 postea
571 2785 678 2818 multi
709 2785 831 2818 secuti.
871 2783 1076 2826 eademque
1104 2782 1219 2817 refert
1245 2779 1498 2822 Quintilianus
1524 2778 1609 2811 inst.
1628 2783 1655 2820 1,
1672 2782 1703 2819 5,
1722 2780 1775 2811 13.

246 2846 312 2869 sua
339 2837 462 2870 autem
489 2838 619 2879 sponte
647 2838 805 2881 apparet
834 2837 925 2871 haec
956 2847 1029 2871 non
1061 2846 1169 2880 posse
1194 2833 1321 2869 referri
1348 2832 1395 2866 ad
1423 2831 1598 2866 Sisennae
1626 2831 1774 2874 scripta.
