<?xml version="1.0" encoding="UTF-8"?>
<!DOCTYPE html PUBLIC "-//W3C//DTD XHTML 1.0 Transitional//EN"
    "http://www.w3.org/TR/xhtml1/DTD/xhtml1-transitional.dtd">
<html xmlns="http://www.w3.org/1999/xhtml" xml:lang="en" lang="en">
 <head>
  <title>
</title>
<meta http-equiv="Content-Type" content="text/html;charset=utf-8" />
  <meta name='ocr-system' content='tesseract 3.04.00' />
  <meta name='ocr-capabilities' content='ocr_page ocr_carea ocr_par ocr_line ocrx_word'/>
</head>
<body>
  <div class='ocr_page' id='page_1' title='image "./historicorumroma01peteuoft_0084.png"; bbox 0 0 2002 3342; ppageno 0'>
   <div class='ocr_carea' id='block_1_1' title="bbox 302 235 1502 278">
    <p class='ocr_par' dir='ltr' id='par_1_1' title="bbox 302 235 1502 278">
     <span class='ocr_line' id='line_1_1' title="bbox 302 235 1502 278; baseline 0.003 -10"><span class='ocrx_word' id='word_1_1' title='bbox 302 249 395 278; x_wconf 74' lang='lat' dir='ltr'>LXX</span> <span class='ocrx_word' id='word_1_2' title='bbox 635 235 697 269; x_wconf 88' lang='lat' dir='ltr'>DE</span> <span class='ocrx_word' id='word_1_3' title='bbox 725 235 1031 270; x_wconf 87' lang='lat' dir='ltr'>SCRIPTORVM</span> <span class='ocrx_word' id='word_1_4' title='bbox 1056 235 1181 270; x_wconf 85' lang='lat' dir='ltr'>VITIS</span> <span class='ocrx_word' id='word_1_5' title='bbox 1207 236 1268 270; x_wconf 89' lang='lat' dir='ltr'>ET</span> <span class='ocrx_word' id='word_1_6' title='bbox 1295 236 1502 272; x_wconf 82' lang='lat' dir='ltr'>SCRIPTIS</span> 
     </span>
    </p>
   </div>
   <div class='ocr_carea' id='block_1_2' title="bbox 290 345 1837 1897">
    <p class='ocr_par' dir='ltr' id='par_1_2' title="bbox 290 345 1837 1897">
     <span class='ocr_line' id='line_1_2' title="bbox 302 345 1828 399; baseline 0.003 -16"><span class='ocrx_word' id='word_1_7' title='bbox 302 346 432 384; x_wconf 87' lang='lat' dir='ltr'>dinem</span> <span class='ocrx_word' id='word_1_8' title='bbox 460 359 479 384; x_wconf 90' lang='lat' dir='ltr'>a</span> <span class='ocrx_word' id='word_1_9' title='bbox 506 346 623 397; x_wconf 84' lang='lat' dir='ltr'>pullis</span> <span class='ocrx_word' id='word_1_10' title='bbox 651 345 698 384; x_wconf 89' lang='lat' dir='ltr'>ad</span> <span class='ocrx_word' id='word_1_11' title='bbox 725 358 766 384; x_wconf 88' lang='lat' dir='ltr'>se</span> <span class='ocrx_word' id='word_1_12' title='bbox 793 345 958 384; x_wconf 88' lang='lat' dir='ltr'>adlatam</span> <span class='ocrx_word' id='word_1_13' title='bbox 986 358 1073 385; x_wconf 90' lang='lat' dir='ltr'>esse</span> <span class='ocrx_word' id='word_1_14' title='bbox 1107 348 1282 397; x_wconf 75' lang='lat' dir='ltr'>scripsit,</span> <span class='ocrx_word' id='word_1_15' title='bbox 1321 352 1363 385; x_wconf 88' lang='lat' dir='ltr'>ut</span> <span class='ocrx_word' id='word_1_16' title='bbox 1397 347 1475 385; x_wconf 75' lang='lat' dir='ltr'>lIno</span> <span class='ocrx_word' id='word_1_17' title='bbox 1503 347 1550 386; x_wconf 87' lang='lat' dir='ltr'>ad</span> <span class='ocrx_word' id='word_1_18' title='bbox 1576 348 1716 399; x_wconf 89' lang='lat' dir='ltr'>pedem</span> <span class='ocrx_word' id='word_1_19' title='bbox 1744 350 1828 387; x_wconf 86' lang='lat' dir='ltr'>eius</span> 
     </span>
     <span class='ocr_line' id='line_1_3' title="bbox 299 410 1830 464; baseline 0.001 -15"><span class='ocrx_word' id='word_1_20' title='bbox 299 411 465 461; x_wconf 78' lang='lat' dir='ltr'>adligato</span> <span class='ocrx_word' id='word_1_21' title='bbox 493 410 604 449; x_wconf 86' lang='lat' dir='ltr'>nodis</span> <span class='ocrx_word' id='word_1_22' title='bbox 633 411 884 461; x_wconf 81' lang='lat' dir='ltr'>significaret,</span> <span class='ocrx_word' id='word_1_23' title='bbox 912 416 1029 461; x_wconf 88' lang='lat' dir='ltr'>quoto</span> <span class='ocrx_word' id='word_1_24' title='bbox 1058 411 1119 449; x_wconf 90' lang='lat' dir='ltr'>die</span> <span class='ocrx_word' id='word_1_25' title='bbox 1147 411 1381 450; x_wconf 85' lang='lat' dir='ltr'>adueniente</span> <span class='ocrx_word' id='word_1_26' title='bbox 1405 412 1548 451; x_wconf 84' lang='lat' dir='ltr'>auxilio</span> <span class='ocrx_word' id='word_1_27' title='bbox 1570 414 1722 464; x_wconf 82' lang='lat' dir='ltr'>eruptio</span> <span class='ocrx_word' id='word_1_28' title='bbox 1744 414 1830 452; x_wconf 77' lang='lat' dir='ltr'>lieri</span> 
     </span>
     <span class='ocr_line' id='line_1_4' title="bbox 300 475 1829 529; baseline 0.002 -15"><span class='ocrx_word' id='word_1_29' title='bbox 300 475 471 514; x_wconf 82' lang='lat' dir='ltr'>deberet.</span> <span class='ocrx_word' id='word_1_30' title='bbox 517 475 617 513; x_wconf 88' lang='lat' dir='ltr'>bello</span> <span class='ocrx_word' id='word_1_31' title='bbox 650 475 906 513; x_wconf 88' lang='lat' dir='ltr'>Ilannibalico</span> <span class='ocrx_word' id='word_1_32' title='bbox 943 477 1064 526; x_wconf 84' lang='lat' dir='ltr'>magis</span> <span class='ocrx_word' id='word_1_33' title='bbox 1095 477 1252 527; x_wconf 87' lang='lat' dir='ltr'>ingenio</span> <span class='ocrx_word' id='word_1_34' title='bbox 1286 477 1528 529; x_wconf 87' lang='lat' dir='ltr'>consilioque</span> <span class='ocrx_word' id='word_1_35' title='bbox 1562 479 1709 529; x_wconf 76' lang='lat' dir='ltr'>patriae</span> <span class='ocrx_word' id='word_1_36' title='bbox 1742 491 1829 529; x_wconf 90' lang='lat' dir='ltr'>pro-</span> 
     </span>
     <span class='ocr_line' id='line_1_5' title="bbox 300 538 1830 594; baseline 0.003 -16"><span class='ocrx_word' id='word_1_37' title='bbox 300 541 421 579; x_wconf 84' lang='lat' dir='ltr'>fuisse</span> <span class='ocrx_word' id='word_1_38' title='bbox 449 540 618 590; x_wconf 80' lang='lat' dir='ltr'>uidetur,</span> <span class='ocrx_word' id='word_1_39' title='bbox 645 552 734 578; x_wconf 91' lang='lat' dir='ltr'>nam</span> <span class='ocrx_word' id='word_1_40' title='bbox 762 552 862 579; x_wconf 87' lang='lat' dir='ltr'>anno</span> <span class='ocrx_word' id='word_1_41' title='bbox 883 538 980 579; x_wconf 77' lang='lat'>216.</span> <span class='ocrx_word' id='word_1_42' title='bbox 1003 538 1087 580; x_wconf 79' lang='lat'>538</span> <span class='ocrx_word' id='word_1_43' title='bbox 1116 547 1203 592; x_wconf 89' lang='lat' dir='ltr'>post</span> <span class='ocrx_word' id='word_1_44' title='bbox 1223 541 1372 581; x_wconf 85' lang='lat' dir='ltr'>cladem</span> <span class='ocrx_word' id='word_1_45' title='bbox 1395 542 1639 581; x_wconf 78' lang='lat' dir='ltr'>Cannensem</span> <span class='ocrx_word' id='word_1_46' title='bbox 1662 543 1830 594; x_wconf 86' lang='lat' dir='ltr'>Delphos</span> 
     </span>
     <span class='ocr_line' id='line_1_6' title="bbox 299 603 1831 657; baseline 0.003 -15"><span class='ocrx_word' id='word_1_47' title='bbox 299 605 346 643; x_wconf 88' lang='lat' dir='ltr'>ad</span> <span class='ocrx_word' id='word_1_48' title='bbox 373 605 572 643; x_wconf 89' lang='lat' dir='ltr'>oraculum</span> <span class='ocrx_word' id='word_1_49' title='bbox 602 617 690 643; x_wconf 91' lang='lat' dir='ltr'>eum</span> <span class='ocrx_word' id='word_1_50' title='bbox 719 617 805 644; x_wconf 90' lang='lat' dir='ltr'>esse</span> <span class='ocrx_word' id='word_1_51' title='bbox 832 607 998 644; x_wconf 78' lang='lat' dir='ltr'>missum</span> <span class='ocrx_word' id='word_1_52' title='bbox 1018 607 1216 657; x_wconf 87' lang='lat' dir='ltr'>Appianus</span> <span class='ocrx_word' id='word_1_53' title='bbox 1238 606 1404 646; x_wconf 80' lang='lat' dir='ltr'>Ilannib.</span> <span class='ocrx_word' id='word_1_54' title='bbox 1426 605 1479 645; x_wconf 79' lang='lat'>27</span> <span class='ocrx_word' id='word_1_55' title='bbox 1503 607 1671 646; x_wconf 87' lang='lat' dir='ltr'>rettulit:</span> <span class='ocrx_word' id='word_1_56' title='bbox 1702 603 1762 646; x_wconf 78' lang='lat' dir='ltr'>‘H</span> <span class='ocrx_word' id='word_1_57' title='bbox 1783 603 1831 647; x_wconf 76' lang='grc' dir='ltr'>δὲ</span> 
     </span>
     <span class='ocr_line' id='line_1_7' title="bbox 298 665 1831 724; baseline 0.002 -16"><span class='ocrx_word' id='word_1_58' title='bbox 298 668 436 721; x_wconf 82' lang='grc' dir='ltr'><strong><em>βουλὴ</em></strong></span> <span class='ocrx_word' id='word_1_59' title='bbox 475 669 669 709; x_wconf 88' lang='grc' dir='ltr'><em>Κόιντον</em></span> <span class='ocrx_word' id='word_1_60' title='bbox 705 665 786 720; x_wconf 73' lang='grc' dir='ltr'>μὲν</span> <span class='ocrx_word' id='word_1_61' title='bbox 824 667 1013 722; x_wconf 77' lang='grc' dir='ltr'><em>Φάβιον,</em></span> <span class='ocrx_word' id='word_1_62' title='bbox 1058 669 1146 710; x_wconf 87' lang='grc' dir='ltr'>τὸν</span> <span class='ocrx_word' id='word_1_63' title='bbox 1188 669 1491 724; x_wconf 74' lang='grc' dir='ltr'><em>συγγραφέα</em></span> <span class='ocrx_word' id='word_1_64' title='bbox 1530 671 1692 712; x_wconf 80' lang='grc' dir='ltr'><em>τῶνδε</em></span> <span class='ocrx_word' id='word_1_65' title='bbox 1730 677 1831 711; x_wconf 86' lang='grc' dir='ltr'>τῶν</span> 
     </span>
     <span class='ocr_line' id='line_1_8' title="bbox 301 731 1830 789; baseline 0.002 -16"><span class='ocrx_word' id='word_1_66' title='bbox 301 734 483 786; x_wconf 77' lang='grc' dir='ltr'><em>ἔργων,</em></span> <span class='ocrx_word' id='word_1_67' title='bbox 517 731 560 782; x_wconf 76' lang='grc' dir='ltr'>ἐς</span> <span class='ocrx_word' id='word_1_68' title='bbox 591 734 800 787; x_wconf 77' lang='grc' dir='ltr'><em>Δελφοὺς</em></span> <span class='ocrx_word' id='word_1_69' title='bbox 832 731 993 787; x_wconf 79' lang='grc' dir='ltr'><em>ἔπεμπε</em></span> <span class='ocrx_word' id='word_1_70' title='bbox 1026 735 1301 788; x_wconf 81' lang='grc' dir='ltr'><em>χρησόμενον</em></span> <span class='ocrx_word' id='word_1_71' title='bbox 1333 733 1433 788; x_wconf 81' lang='grc' dir='ltr'><em>περὶ</em></span> <span class='ocrx_word' id='word_1_72' title='bbox 1465 742 1554 776; x_wconf 85' lang='grc' dir='ltr'>τῶν</span> <span class='ocrx_word' id='word_1_73' title='bbox 1585 736 1830 789; x_wconf 82' lang='grc' dir='ltr'><em>παρόντων.</em></span> 
     </span>
     <span class='ocr_line' id='line_1_9' title="bbox 301 799 1831 853; baseline 0.002 -15"><span class='ocrx_word' id='word_1_74' title='bbox 301 799 346 838; x_wconf 93' lang='lat' dir='ltr'>de</span> <span class='ocrx_word' id='word_1_75' title='bbox 386 812 459 850; x_wconf 89' lang='lat' dir='ltr'>qua</span> <span class='ocrx_word' id='word_1_76' title='bbox 499 799 693 850; x_wconf 80' lang='lat' dir='ltr'>legatione</span> <span class='ocrx_word' id='word_1_77' title='bbox 731 813 854 851; x_wconf 86' lang='lat' dir='ltr'>pauca</span> <span class='ocrx_word' id='word_1_78' title='bbox 896 802 1013 839; x_wconf 87' lang='lat' dir='ltr'>etiam</span> <span class='ocrx_word' id='word_1_79' title='bbox 1048 801 1281 839; x_wconf 82' lang='lat' dir='ltr'>Plutarchus</span> <span class='ocrx_word' id='word_1_80' title='bbox 1314 801 1403 839; x_wconf 89' lang='lat' dir='ltr'>Fab.</span> <span class='ocrx_word' id='word_1_81' title='bbox 1436 799 1508 853; x_wconf 82' lang='lat'>18,</span> <span class='ocrx_word' id='word_1_82' title='bbox 1546 801 1659 853; x_wconf 89' lang='lat' dir='ltr'>plura</span> <span class='ocrx_word' id='word_1_83' title='bbox 1695 802 1831 841; x_wconf 87' lang='lat' dir='ltr'>Liuius</span> 
     </span>
     <span class='ocr_line' id='line_1_10' title="bbox 299 862 1831 918; baseline 0.003 -16"><span class='ocrx_word' id='word_1_84' title='bbox 299 864 416 903; x_wconf 85' lang='lat' dir='ltr'>hahet</span> <span class='ocrx_word' id='word_1_85' title='bbox 443 863 510 916; x_wconf 77' lang='lat'>22,</span> <span class='ocrx_word' id='word_1_86' title='bbox 537 862 605 915; x_wconf 80' lang='lat'>57,</span> <span class='ocrx_word' id='word_1_87' title='bbox 626 863 652 903; x_wconf 81' lang='lat'>5</span> <span class='ocrx_word' id='word_1_88' title='bbox 680 870 718 904; x_wconf 88' lang='lat' dir='ltr'>et</span> <span class='ocrx_word' id='word_1_89' title='bbox 745 863 813 915; x_wconf 77' lang='lat'>23,</span> <span class='ocrx_word' id='word_1_90' title='bbox 844 863 908 916; x_wconf 90' lang='grc'>11,</span> <span class='ocrx_word' id='word_1_91' title='bbox 933 863 1063 916; x_wconf 86' lang='grc'>1-6,</span> <span class='ocrx_word' id='word_1_92' title='bbox 1101 867 1213 904; x_wconf 90' lang='lat' dir='ltr'>cuius</span> <span class='ocrx_word' id='word_1_93' title='bbox 1240 866 1378 917; x_wconf 83' lang='lat' dir='ltr'>uerba,</span> <span class='ocrx_word' id='word_1_94' title='bbox 1412 868 1597 917; x_wconf 89' lang='lat' dir='ltr'>quoniam</span> <span class='ocrx_word' id='word_1_95' title='bbox 1625 867 1672 906; x_wconf 88' lang='lat' dir='ltr'>ad</span> <span class='ocrx_word' id='word_1_96' title='bbox 1702 868 1831 918; x_wconf 88' lang='lat' dir='ltr'>ipsum</span> 
     </span>
     <span class='ocr_line' id='line_1_11' title="bbox 299 927 1833 985; baseline 0.001 -17"><span class='ocrx_word' id='word_1_97' title='bbox 299 929 463 968; x_wconf 83' lang='lat' dir='ltr'>Fabium</span> <span class='ocrx_word' id='word_1_98' title='bbox 491 929 696 969; x_wconf 87' lang='lat' dir='ltr'>referenda</span> <span class='ocrx_word' id='word_1_99' title='bbox 723 942 810 969; x_wconf 90' lang='lat' dir='ltr'>esse</span> <span class='ocrx_word' id='word_1_100' title='bbox 832 930 945 969; x_wconf 86' lang='lat' dir='ltr'>multi</span> <span class='ocrx_word' id='word_1_101' title='bbox 971 936 1058 982; x_wconf 90' lang='lat' dir='ltr'>post</span> <span class='ocrx_word' id='word_1_102' title='bbox 1084 931 1146 969; x_wconf 89' lang='lat' dir='ltr'>Fr.</span> <span class='ocrx_word' id='word_1_103' title='bbox 1169 931 1461 970; x_wconf 85' lang='lat' dir='ltr'>Lachmaunum</span> <span class='ocrx_word' id='word_1_104' title='bbox 1484 927 1557 985; x_wconf 78' lang='lat' dir='ltr'>(De</span> <span class='ocrx_word' id='word_1_105' title='bbox 1580 932 1673 970; x_wconf 83' lang='lat' dir='ltr'>font.</span> <span class='ocrx_word' id='word_1_106' title='bbox 1695 932 1778 971; x_wconf 91' lang='lat' dir='ltr'>Liu.</span> <span class='ocrx_word' id='word_1_107' title='bbox 1799 932 1833 970; x_wconf 87' lang='grc' dir='ltr'>ΙΙ</span> 
     </span>
     <span class='ocr_line' id='line_1_12' title="bbox 299 990 1832 1048; baseline 0.002 -15"><span class='ocrx_word' id='word_1_108' title='bbox 299 1007 334 1046; x_wconf 89' lang='lat' dir='ltr'>p.</span> <span class='ocrx_word' id='word_1_109' title='bbox 356 990 432 1048; x_wconf 83' lang='lat'>46)</span> <span class='ocrx_word' id='word_1_110' title='bbox 461 996 648 1046; x_wconf 88' lang='lat' dir='ltr'>suspicati</span> <span class='ocrx_word' id='word_1_111' title='bbox 677 1001 783 1046; x_wconf 79' lang='lat' dir='ltr'>sunt,</span> <span class='ocrx_word' id='word_1_112' title='bbox 812 996 888 1034; x_wconf 91' lang='lat' dir='ltr'>huc</span> <span class='ocrx_word' id='word_1_113' title='bbox 920 995 1199 1034; x_wconf 80' lang='lat' dir='ltr'>transcribam:</span> <span class='ocrx_word' id='word_1_114' title='bbox 1252 997 1338 1036; x_wconf 88' lang='lat' dir='ltr'>Hoc</span> <span class='ocrx_word' id='word_1_115' title='bbox 1364 997 1480 1046; x_wconf 87' lang='lat' dir='ltr'>nefas</span> <span class='ocrx_word' id='word_1_116' title='bbox 1514 996 1631 1047; x_wconf 88' lang='lat' dir='ltr'>[duae</span> <span class='ocrx_word' id='word_1_117' title='bbox 1657 997 1832 1036; x_wconf 83' lang='lat' dir='ltr'>Vestales</span> 
     </span>
     <span class='ocr_line' id='line_1_13' title="bbox 301 1060 1833 1112; baseline 0.002 -14"><span class='ocrx_word' id='word_1_118' title='bbox 301 1061 428 1111; x_wconf 86' lang='lat' dir='ltr'>stupri</span> <span class='ocrx_word' id='word_1_119' title='bbox 452 1060 680 1112; x_wconf 88' lang='lat' dir='ltr'>conpertae]</span> <span class='ocrx_word' id='word_1_120' title='bbox 704 1073 793 1100; x_wconf 82' lang='lat' dir='ltr'>cum</span> <span class='ocrx_word' id='word_1_121' title='bbox 815 1064 923 1100; x_wconf 87' lang='lat' dir='ltr'>inter</span> <span class='ocrx_word' id='word_1_122' title='bbox 944 1067 1010 1110; x_wconf 83' lang='lat' dir='ltr'>tot,</span> <span class='ocrx_word' id='word_1_123' title='bbox 1038 1068 1080 1100; x_wconf 91' lang='lat' dir='ltr'>ut</span> <span class='ocrx_word' id='word_1_124' title='bbox 1095 1064 1154 1110; x_wconf 79' lang='lat' dir='ltr'>fit,</span> <span class='ocrx_word' id='word_1_125' title='bbox 1182 1064 1319 1100; x_wconf 77' lang='lat' dir='ltr'>clades</span> <span class='ocrx_word' id='word_1_126' title='bbox 1345 1065 1386 1101; x_wconf 87' lang='lat' dir='ltr'>in</span> <span class='ocrx_word' id='word_1_127' title='bbox 1405 1064 1645 1112; x_wconf 77' lang='lat' dir='ltr'>prodiqium</span> <span class='ocrx_word' id='word_1_128' title='bbox 1671 1074 1833 1101; x_wconf 84' lang='lat' dir='ltr'>uersum</span> 
     </span>
     <span class='ocr_line' id='line_1_14' title="bbox 301 1127 1831 1175; baseline 0.001 -11"><span class='ocrx_word' id='word_1_129' title='bbox 301 1131 419 1174; x_wconf 83' lang='lat' dir='ltr'>esset,</span> <span class='ocrx_word' id='word_1_130' title='bbox 448 1127 674 1165; x_wconf 82' lang='lat' dir='ltr'>decemuiri</span> <span class='ocrx_word' id='word_1_131' title='bbox 698 1127 822 1165; x_wconf 83' lang='lat' dir='ltr'>libros</span> <span class='ocrx_word' id='word_1_132' title='bbox 850 1128 968 1165; x_wconf 84' lang='lat' dir='ltr'>adire</span> <span class='ocrx_word' id='word_1_133' title='bbox 994 1129 1095 1165; x_wconf 86' lang='lat' dir='ltr'>iussi</span> <span class='ocrx_word' id='word_1_134' title='bbox 1117 1133 1228 1175; x_wconf 71' lang='lat' dir='ltr'>sunt,</span> <span class='ocrx_word' id='word_1_135' title='bbox 1261 1133 1299 1165; x_wconf 89' lang='lat' dir='ltr'>et</span> <span class='ocrx_word' id='word_1_136' title='bbox 1331 1128 1373 1172; x_wconf 74' lang='lat' dir='ltr'>Q.</span> <span class='ocrx_word' id='word_1_137' title='bbox 1395 1128 1546 1166; x_wconf 83' lang='lat' dir='ltr'>Fabius</span> <span class='ocrx_word' id='word_1_138' title='bbox 1573 1128 1714 1166; x_wconf 85' lang='lat' dir='ltr'>Pictor</span> <span class='ocrx_word' id='word_1_139' title='bbox 1739 1128 1831 1166; x_wconf 85' lang='lat' dir='ltr'>Del-</span> 
     </span>
     <span class='ocr_line' id='line_1_15' title="bbox 295 1191 1831 1242; baseline 0.001 -13"><span class='ocrx_word' id='word_1_140' title='bbox 295 1191 398 1239; x_wconf 72' lang='lat' dir='ltr'>phos</span> <span class='ocrx_word' id='word_1_141' title='bbox 424 1192 481 1229; x_wconf 87' lang='lat' dir='ltr'>ad</span> <span class='ocrx_word' id='word_1_142' title='bbox 504 1194 714 1230; x_wconf 87' lang='lat' dir='ltr'>oraculum</span> <span class='ocrx_word' id='word_1_143' title='bbox 740 1195 884 1230; x_wconf 83' lang='lat' dir='ltr'>missus</span> <span class='ocrx_word' id='word_1_144' title='bbox 910 1198 968 1230; x_wconf 88' lang='lat' dir='ltr'>est</span> <span class='ocrx_word' id='word_1_145' title='bbox 993 1195 1260 1240; x_wconf 67' lang='lat' dir='ltr'>sciscitatum,</span> <span class='ocrx_word' id='word_1_146' title='bbox 1293 1194 1436 1241; x_wconf 84' lang='lat' dir='ltr'>quibus</span> <span class='ocrx_word' id='word_1_147' title='bbox 1460 1194 1653 1241; x_wconf 79' lang='lat' dir='ltr'>precibus</span> <span class='ocrx_word' id='word_1_148' title='bbox 1683 1195 1831 1242; x_wconf 83' lang='lat' dir='ltr'>suppli-</span> 
     </span>
     <span class='ocr_line' id='line_1_16' title="bbox 300 1257 1834 1306; baseline 0.002 -13"><span class='ocrx_word' id='word_1_149' title='bbox 300 1257 454 1303; x_wconf 82' lang='lat' dir='ltr'>ciisque</span> <span class='ocrx_word' id='word_1_150' title='bbox 475 1257 570 1294; x_wconf 85' lang='lat' dir='ltr'>deos</span> <span class='ocrx_word' id='word_1_151' title='bbox 580 1262 749 1305; x_wconf 76' lang='lat' dir='ltr'>possent</span> <span class='ocrx_word' id='word_1_152' title='bbox 759 1259 937 1306; x_wconf 83' lang='lat' dir='ltr'>placare</span> <span class='ocrx_word' id='word_1_153' title='bbox 957 1262 995 1295; x_wconf 91' lang='lat' dir='ltr'>et</span> <span class='ocrx_word' id='word_1_154' title='bbox 1010 1269 1209 1305; x_wconf 87' lang='lat' dir='ltr'>quaenam</span> <span class='ocrx_word' id='word_1_155' title='bbox 1225 1257 1371 1306; x_wconf 76' lang='lat' dir='ltr'>s&#39;utura</span> <span class='ocrx_word' id='word_1_156' title='bbox 1388 1259 1485 1304; x_wconf 78' lang='lat' dir='ltr'>finis</span> <span class='ocrx_word' id='word_1_157' title='bbox 1506 1260 1630 1296; x_wconf 85' lang='lat' dir='ltr'>tantis</span> <span class='ocrx_word' id='word_1_158' title='bbox 1648 1259 1834 1296; x_wconf 82' lang='lat' dir='ltr'>cladibus</span> 
     </span>
     <span class='ocr_line' id='line_1_17' title="bbox 295 1316 1833 1374; baseline 0.001 -15"><span class='ocrx_word' id='word_1_159' title='bbox 295 1316 460 1374; x_wconf 77' lang='lat' dir='ltr'>foret.¹)</span> <span class='ocrx_word' id='word_1_160' title='bbox 495 1344 549 1347; x_wconf 75' lang='lat'>—</span> <span class='ocrx_word' id='word_1_161' title='bbox 583 1322 687 1360; x_wconf 83' lang='lat' dir='ltr'>Dum</span> <span class='ocrx_word' id='word_1_162' title='bbox 722 1323 825 1360; x_wconf 79' lang='lat' dir='ltr'>haec</span> <span class='ocrx_word' id='word_1_163' title='bbox 862 1321 919 1371; x_wconf 91' lang='lat' dir='ltr'>[in</span> <span class='ocrx_word' id='word_1_164' title='bbox 956 1322 1184 1373; x_wconf 79' lang='lat' dir='ltr'>Campania,</span> <span class='ocrx_word' id='word_1_165' title='bbox 1219 1321 1287 1360; x_wconf 86' lang='lat' dir='ltr'>ubi</span> <span class='ocrx_word' id='word_1_166' title='bbox 1325 1322 1454 1373; x_wconf 83' lang='lat' dir='ltr'>Capua</span> <span class='ocrx_word' id='word_1_167' title='bbox 1491 1322 1536 1360; x_wconf 84' lang='lat' dir='ltr'>ad</span> <span class='ocrx_word' id='word_1_168' title='bbox 1574 1322 1833 1360; x_wconf 85' lang='lat' dir='ltr'>Hannibalem</span> 
     </span>
     <span class='ocr_line' id='line_1_18' title="bbox 301 1384 1833 1437; baseline 0.002 -14"><span class='ocrx_word' id='word_1_169' title='bbox 301 1384 514 1436; x_wconf 80' lang='lat' dir='ltr'>defecerat]</span> <span class='ocrx_word' id='word_1_170' title='bbox 545 1392 766 1437; x_wconf 69' lang='lat' dir='ltr'>(seruntur,</span> <span class='ocrx_word' id='word_1_171' title='bbox 805 1387 846 1433; x_wconf 75' lang='lat' dir='ltr'>Q.</span> <span class='ocrx_word' id='word_1_172' title='bbox 874 1388 1025 1426; x_wconf 82' lang='lat' dir='ltr'>Fabius</span> <span class='ocrx_word' id='word_1_173' title='bbox 1053 1388 1193 1426; x_wconf 80' lang='lat' dir='ltr'>Pictor</span> <span class='ocrx_word' id='word_1_174' title='bbox 1224 1389 1383 1436; x_wconf 79' lang='lat' dir='ltr'>leqatus</span> <span class='ocrx_word' id='word_1_175' title='bbox 1416 1400 1440 1426; x_wconf 89' lang='lat' dir='ltr'>a</span> <span class='ocrx_word' id='word_1_176' title='bbox 1472 1388 1638 1436; x_wconf 80' lang='lat' dir='ltr'>Delphis</span> <span class='ocrx_word' id='word_1_177' title='bbox 1664 1388 1833 1426; x_wconf 80' lang='lat' dir='ltr'>Romam</span> 
     </span>
     <span class='ocr_line' id='line_1_19' title="bbox 299 1452 1832 1502; baseline 0.002 -14"><span class='ocrx_word' id='word_1_178' title='bbox 299 1452 407 1489; x_wconf 79' lang='lat' dir='ltr'>redit</span> <span class='ocrx_word' id='word_1_179' title='bbox 427 1463 741 1500; x_wconf 74' lang='lat' dir='ltr'>responsumque</span> <span class='ocrx_word' id='word_1_180' title='bbox 761 1464 814 1491; x_wconf 71' lang='lat' dir='ltr'>esc</span> <span class='ocrx_word' id='word_1_181' title='bbox 832 1455 984 1502; x_wconf 82' lang='lat' dir='ltr'>scripto</span> <span class='ocrx_word' id='word_1_182' title='bbox 1005 1455 1209 1491; x_wconf 79' lang='lat' dir='ltr'>recitauit.</span> <span class='ocrx_word' id='word_1_183' title='bbox 1244 1454 1332 1491; x_wconf 85' lang='lat' dir='ltr'>diui</span> <span class='ocrx_word' id='word_1_184' title='bbox 1353 1454 1553 1501; x_wconf 84' lang='lat' dir='ltr'>diuaeque</span> <span class='ocrx_word' id='word_1_185' title='bbox 1573 1455 1615 1491; x_wconf 83' lang='lat' dir='ltr'>in</span> <span class='ocrx_word' id='word_1_186' title='bbox 1636 1464 1681 1492; x_wconf 90' lang='lat' dir='ltr'>eo</span> <span class='ocrx_word' id='word_1_187' title='bbox 1703 1458 1832 1501; x_wconf 87' lang='lat' dir='ltr'>erant,</span> 
     </span>
     <span class='ocr_line' id='line_1_20' title="bbox 300 1515 1833 1567; baseline 0.002 -14"><span class='ocrx_word' id='word_1_188' title='bbox 300 1517 443 1563; x_wconf 82' lang='lat' dir='ltr'>quibus</span> <span class='ocrx_word' id='word_1_189' title='bbox 475 1528 631 1565; x_wconf 90' lang='lat' dir='ltr'>quoque</span> <span class='ocrx_word' id='word_1_190' title='bbox 662 1519 778 1556; x_wconf 87' lang='lat' dir='ltr'>modo</span> <span class='ocrx_word' id='word_1_191' title='bbox 810 1519 1126 1567; x_wconf 74' lang='lat' dir='ltr'>supplicaretur.</span> <span class='ocrx_word' id='word_1_192' title='bbox 1171 1522 1252 1556; x_wconf 88' lang='lat' dir='ltr'>tum</span> <span class='ocrx_word' id='word_1_193' title='bbox 1280 1515 1330 1556; x_wconf 72' lang='lat' dir='ltr'>‘si</span> <span class='ocrx_word' id='word_1_194' title='bbox 1362 1520 1420 1556; x_wconf 88' lang='lat' dir='ltr'>ita</span> <span class='ocrx_word' id='word_1_195' title='bbox 1449 1517 1613 1567; x_wconf 75' lang='lat' dir='ltr'>faxitis,</span> <span class='ocrx_word' id='word_1_196' title='bbox 1649 1518 1833 1565; x_wconf 84' lang='lat' dir='ltr'>Romani,</span> 
     </span>
     <span class='ocr_line' id='line_1_21' title="bbox 299 1582 1835 1632; baseline 0.002 -14"><span class='ocrx_word' id='word_1_197' title='bbox 299 1586 462 1619; x_wconf 86' lang='lat' dir='ltr'>uestrae</span> <span class='ocrx_word' id='word_1_198' title='bbox 482 1594 548 1620; x_wconf 86' lang='lat' dir='ltr'>res</span> <span class='ocrx_word' id='word_1_199' title='bbox 567 1584 752 1621; x_wconf 83' lang='lat' dir='ltr'>meliores</span> <span class='ocrx_word' id='word_1_200' title='bbox 773 1582 1067 1632; x_wconf 74' lang='lat' dir='ltr'>facilioresque</span> <span class='ocrx_word' id='word_1_201' title='bbox 1090 1588 1221 1630; x_wconf 84' lang='lat' dir='ltr'>erunt,</span> <span class='ocrx_word' id='word_1_202' title='bbox 1247 1585 1455 1631; x_wconf 76' lang='lat' dir='ltr'>maqisque</span> <span class='ocrx_word' id='word_1_203' title='bbox 1476 1595 1528 1622; x_wconf 71' lang='lat' dir='ltr'>ex</span> <span class='ocrx_word' id='word_1_204' title='bbox 1547 1586 1748 1622; x_wconf 85' lang='lat' dir='ltr'>sententia</span> <span class='ocrx_word' id='word_1_205' title='bbox 1768 1595 1835 1621; x_wconf 84' lang='lat' dir='ltr'>res</span> 
     </span>
     <span class='ocr_line' id='line_1_22' title="bbox 290 1647 1836 1697; baseline 0.002 -14"><span class='ocrx_word' id='word_1_206' title='bbox 290 1647 463 1694; x_wconf 83' lang='lat' dir='ltr'>publica</span> <span class='ocrx_word' id='word_1_207' title='bbox 495 1652 634 1685; x_wconf 87' lang='lat' dir='ltr'>uestra</span> <span class='ocrx_word' id='word_1_208' title='bbox 666 1649 779 1686; x_wconf 82' lang='lat' dir='ltr'>uobis</span> <span class='ocrx_word' id='word_1_209' title='bbox 802 1649 1003 1697; x_wconf 77' lang='lat' dir='ltr'>procedet</span> <span class='ocrx_word' id='word_1_210' title='bbox 1035 1650 1293 1696; x_wconf 81' lang='lat' dir='ltr'>uictoriaque</span> <span class='ocrx_word' id='word_1_211' title='bbox 1332 1649 1456 1686; x_wconf 88' lang='lat' dir='ltr'>duelli</span> <span class='ocrx_word' id='word_1_212' title='bbox 1484 1650 1629 1697; x_wconf 88' lang='lat' dir='ltr'>populi</span> <span class='ocrx_word' id='word_1_213' title='bbox 1660 1648 1836 1687; x_wconf 83' lang='lat' dir='ltr'>Romani</span> 
     </span>
     <span class='ocr_line' id='line_1_23' title="bbox 300 1710 1835 1764; baseline 0.002 -16"><span class='ocrx_word' id='word_1_214' title='bbox 300 1713 389 1749; x_wconf 86' lang='lat' dir='ltr'>erit.</span> <span class='ocrx_word' id='word_1_215' title='bbox 425 1712 569 1761; x_wconf 75' lang='lat' dir='ltr'>Pythio</span> <span class='ocrx_word' id='word_1_216' title='bbox 590 1713 769 1761; x_wconf 73' lang='lat' dir='ltr'>Apollini</span> <span class='ocrx_word' id='word_1_217' title='bbox 788 1725 835 1751; x_wconf 85' lang='lat' dir='ltr'>re</span> <span class='ocrx_word' id='word_1_218' title='bbox 852 1714 1024 1762; x_wconf 83' lang='lat' dir='ltr'>publica</span> <span class='ocrx_word' id='word_1_219' title='bbox 1045 1717 1182 1752; x_wconf 87' lang='lat' dir='ltr'>uestra</span> <span class='ocrx_word' id='word_1_220' title='bbox 1203 1714 1302 1751; x_wconf 82' lang='lat' dir='ltr'>bene</span> <span class='ocrx_word' id='word_1_221' title='bbox 1325 1718 1442 1761; x_wconf 77' lang='lat' dir='ltr'>qesta</span> <span class='ocrx_word' id='word_1_222' title='bbox 1461 1718 1710 1762; x_wconf 88' lang='lat' dir='ltr'>seruataque</span> <span class='ocrx_word' id='word_1_223' title='bbox 1728 1710 1835 1764; x_wconf 86' lang='lat' dir='ltr'>&lt;de&gt;</span> 
     </span>
     <span class='ocr_line' id='line_1_24' title="bbox 300 1777 1837 1827; baseline 0.001 -13"><span class='ocrx_word' id='word_1_224' title='bbox 300 1777 428 1815; x_wconf 84' lang='lat' dir='ltr'>lucris</span> <span class='ocrx_word' id='word_1_225' title='bbox 459 1780 616 1815; x_wconf 87' lang='lat' dir='ltr'>meritis</span> <span class='ocrx_word' id='word_1_226' title='bbox 649 1779 795 1816; x_wconf 85' lang='lat' dir='ltr'>donum</span> <span class='ocrx_word' id='word_1_227' title='bbox 828 1781 1014 1817; x_wconf 81' lang='lat' dir='ltr'>mittitote</span> <span class='ocrx_word' id='word_1_228' title='bbox 1047 1780 1174 1826; x_wconf 81' lang='lat' dir='ltr'>deque</span> <span class='ocrx_word' id='word_1_229' title='bbox 1196 1779 1362 1827; x_wconf 85' lang='lat' dir='ltr'>praeda</span> <span class='ocrx_word' id='word_1_230' title='bbox 1393 1780 1596 1817; x_wconf 83' lang='lat' dir='ltr'>manubiis</span> <span class='ocrx_word' id='word_1_231' title='bbox 1619 1780 1837 1827; x_wconf 86' lang='lat' dir='ltr'>spoliisque</span> 
     </span>
     <span class='ocr_line' id='line_1_25' title="bbox 299 1839 1836 1897; baseline 0.002 -18"><span class='ocrx_word' id='word_1_232' title='bbox 299 1841 492 1880; x_wconf 79' lang='lat' dir='ltr'>honorem</span> <span class='ocrx_word' id='word_1_233' title='bbox 517 1843 720 1891; x_wconf 72' lang='lat' dir='ltr'>habetote,</span> <span class='ocrx_word' id='word_1_234' title='bbox 756 1845 971 1882; x_wconf 77' lang='lat' dir='ltr'>lasciuiam</span> <span class='ocrx_word' id='word_1_235' title='bbox 998 1856 1022 1881; x_wconf 85' lang='lat' dir='ltr'>a</span> <span class='ocrx_word' id='word_1_236' title='bbox 1049 1844 1162 1882; x_wconf 82' lang='lat' dir='ltr'>uobis</span> <span class='ocrx_word' id='word_1_237' title='bbox 1180 1839 1509 1897; x_wconf 74' lang='lat' dir='ltr'>proltibetote’.‘·’)</span> <span class='ocrx_word' id='word_1_238' title='bbox 1561 1844 1663 1882; x_wconf 79' lang='lat' dir='ltr'>liaec</span> <span class='ocrx_word' id='word_1_239' title='bbox 1689 1844 1759 1882; x_wconf 80' lang='lat' dir='ltr'>ubi</span> <span class='ocrx_word' id='word_1_240' title='bbox 1784 1855 1836 1882; x_wconf 71' lang='lat' dir='ltr'>ex</span> 
     </span>
    </p>
   </div>
   <div class='ocr_carea' id='block_1_3' title="bbox 294 1932 1840 2934">
    <p class='ocr_par' dir='ltr' id='par_1_3' title="bbox 294 1932 1838 2670">
     <span class='ocr_line' id='line_1_26' title="bbox 400 1932 1836 1977; baseline 0.001 -11"><span class='ocrx_word' id='word_1_241' title='bbox 400 1934 432 1976; x_wconf 80' lang='lat'>1)</span> <span class='ocrx_word' id='word_1_242' title='bbox 460 1933 565 1966; x_wconf 87' lang='lat' dir='ltr'>Iussu</span> <span class='ocrx_word' id='word_1_243' title='bbox 591 1932 771 1967; x_wconf 86' lang='lat' dir='ltr'>librorum</span> <span class='ocrx_word' id='word_1_244' title='bbox 799 1932 1066 1977; x_wconf 81' lang='lat' dir='ltr'>Sibyllinorum</span> <span class='ocrx_word' id='word_1_245' title='bbox 1092 1933 1249 1966; x_wconf 86' lang='lat' dir='ltr'>Fabium</span> <span class='ocrx_word' id='word_1_246' title='bbox 1274 1933 1313 1967; x_wconf 88' lang='lat' dir='ltr'>in</span> <span class='ocrx_word' id='word_1_247' title='bbox 1341 1932 1535 1967; x_wconf 78' lang='lat' dir='ltr'>Graeciam</span> <span class='ocrx_word' id='word_1_248' title='bbox 1566 1933 1721 1967; x_wconf 87' lang='lat' dir='ltr'>missum</span> <span class='ocrx_word' id='word_1_249' title='bbox 1756 1943 1836 1968; x_wconf 85' lang='lat' dir='ltr'>esse</span> 
     </span>
     <span class='ocr_line' id='line_1_27' title="bbox 301 1977 1836 2031; baseline 0.001 -12"><span class='ocrx_word' id='word_1_250' title='bbox 301 1985 456 2028; x_wconf 82' lang='lat' dir='ltr'>quidam</span> <span class='ocrx_word' id='word_1_251' title='bbox 493 1988 642 2030; x_wconf 86' lang='lat' dir='ltr'>propter</span> <span class='ocrx_word' id='word_1_252' title='bbox 678 1985 837 2020; x_wconf 85' lang='lat' dir='ltr'>similem</span> <span class='ocrx_word' id='word_1_253' title='bbox 873 1986 997 2020; x_wconf 88' lang='lat' dir='ltr'>locum</span> <span class='ocrx_word' id='word_1_254' title='bbox 1032 1977 1234 2020; x_wconf 78' lang='lat' dir='ltr'>Liuianum</span> <span class='ocrx_word' id='word_1_255' title='bbox 1269 1989 1314 2031; x_wconf 79' lang='lat'>(5,</span> <span class='ocrx_word' id='word_1_256' title='bbox 1349 1990 1402 2029; x_wconf 88' lang='lat'>13,</span> <span class='ocrx_word' id='word_1_257' title='bbox 1430 1990 1449 2020; x_wconf 88' lang='lat'><strong>3</strong></span> <span class='ocrx_word' id='word_1_258' title='bbox 1488 1986 1666 2030; x_wconf 77' lang='lat' dir='ltr'>quidnam</span> <span class='ocrx_word' id='word_1_259' title='bbox 1703 1997 1742 2021; x_wconf 89' lang='lat' dir='ltr'>eo</span> <span class='ocrx_word' id='word_1_260' title='bbox 1779 1985 1836 2021; x_wconf 86' lang='lat' dir='ltr'>die</span> 
     </span>
     <span class='ocr_line' id='line_1_28' title="bbox 294 2039 1835 2084; baseline 0 -11"><span class='ocrx_word' id='word_1_261' title='bbox 294 2039 551 2082; x_wconf 79' lang='lat' dir='ltr'>portenderent</span> <span class='ocrx_word' id='word_1_262' title='bbox 572 2040 744 2084; x_wconf 76' lang='lat' dir='ltr'>prodiqio</span> <span class='ocrx_word' id='word_1_263' title='bbox 770 2040 871 2074; x_wconf 76' lang='lat' dir='ltr'>missi</span> <span class='ocrx_word' id='word_1_264' title='bbox 895 2040 1119 2074; x_wconf 80' lang='lat' dir='ltr'>sciscitatum</span> <span class='ocrx_word' id='word_1_265' title='bbox 1142 2044 1301 2074; x_wconf 77' lang='lat' dir='ltr'>oratores</span> <span class='ocrx_word' id='word_1_266' title='bbox 1327 2040 1376 2074; x_wconf 85' lang='lat' dir='ltr'>ad</span> <span class='ocrx_word' id='word_1_267' title='bbox 1396 2041 1612 2084; x_wconf 80' lang='lat' dir='ltr'>Delphicum</span> <span class='ocrx_word' id='word_1_268' title='bbox 1633 2040 1835 2083; x_wconf 84' lang='lat' dir='ltr'>oraculum)</span> 
     </span>
     <span class='ocr_line' id='line_1_29' title="bbox 302 2092 1837 2137; baseline 0.001 -12"><span class='ocrx_word' id='word_1_269' title='bbox 302 2092 470 2126; x_wconf 87' lang='lat' dir='ltr'>arbitrati</span> <span class='ocrx_word' id='word_1_270' title='bbox 506 2094 600 2126; x_wconf 89' lang='lat' dir='ltr'>sunt.</span> <span class='ocrx_word' id='word_1_271' title='bbox 648 2094 687 2126; x_wconf 85' lang='lat' dir='ltr'>at</span> <span class='ocrx_word' id='word_1_272' title='bbox 712 2092 751 2126; x_wconf 89' lang='lat' dir='ltr'>in</span> <span class='ocrx_word' id='word_1_273' title='bbox 780 2093 802 2127; x_wconf 87' lang='lat' dir='ltr'>l.</span> <span class='ocrx_word' id='word_1_274' title='bbox 826 2093 926 2127; x_wconf 86' lang='lat' dir='ltr'>XXII</span> <span class='ocrx_word' id='word_1_275' title='bbox 957 2094 1130 2127; x_wconf 84' lang='lat' dir='ltr'>accurate</span> <span class='ocrx_word' id='word_1_276' title='bbox 1163 2092 1433 2127; x_wconf 84' lang='lat' dir='ltr'>sciscitationes</span> <span class='ocrx_word' id='word_1_277' title='bbox 1460 2092 1625 2137; x_wconf 79' lang='lat' dir='ltr'>Sibyllae</span> <span class='ocrx_word' id='word_1_278' title='bbox 1655 2094 1692 2127; x_wconf 85' lang='lat' dir='ltr'>et</span> <span class='ocrx_word' id='word_1_279' title='bbox 1723 2092 1837 2137; x_wconf 90' lang='lat' dir='ltr'>Apol-</span> 
     </span>
     <span class='ocr_line' id='line_1_30' title="bbox 301 2143 1836 2190; baseline 0.001 -12"><span class='ocrx_word' id='word_1_280' title='bbox 301 2143 387 2178; x_wconf 87' lang='lat' dir='ltr'>linis</span> <span class='ocrx_word' id='word_1_281' title='bbox 410 2145 700 2190; x_wconf 85' lang='lat' dir='ltr'>distinguuntur.</span> <span class='ocrx_word' id='word_1_282' title='bbox 746 2145 840 2180; x_wconf 90' lang='lat' dir='ltr'>illud</span> <span class='ocrx_word' id='word_1_283' title='bbox 860 2148 984 2180; x_wconf 87' lang='lat' dir='ltr'>tamen</span> <span class='ocrx_word' id='word_1_284' title='bbox 1008 2146 1086 2180; x_wconf 86' lang='lat' dir='ltr'>fieri</span> <span class='ocrx_word' id='word_1_285' title='bbox 1106 2146 1242 2190; x_wconf 85' lang='lat' dir='ltr'>potuit,</span> <span class='ocrx_word' id='word_1_286' title='bbox 1268 2148 1309 2180; x_wconf 84' lang='lat' dir='ltr'>ut</span> <span class='ocrx_word' id='word_1_287' title='bbox 1329 2146 1464 2180; x_wconf 80' lang='lat' dir='ltr'>Fabius</span> <span class='ocrx_word' id='word_1_288' title='bbox 1485 2146 1730 2190; x_wconf 84' lang='lat' dir='ltr'>potissimum,</span> <span class='ocrx_word' id='word_1_289' title='bbox 1753 2157 1836 2180; x_wconf 92' lang='lat' dir='ltr'>cum</span> 
     </span>
     <span class='ocr_line' id='line_1_31' title="bbox 302 2199 1837 2241; baseline 0.001 -10"><span class='ocrx_word' id='word_1_290' title='bbox 302 2210 396 2233; x_wconf 86' lang='lat' dir='ltr'>unus</span> <span class='ocrx_word' id='word_1_291' title='bbox 418 2210 461 2233; x_wconf 78' lang='lat' dir='ltr'>ex</span> <span class='ocrx_word' id='word_1_292' title='bbox 481 2199 702 2233; x_wconf 84' lang='lat' dir='ltr'>decemuiris</span> <span class='ocrx_word' id='word_1_293' title='bbox 729 2200 843 2234; x_wconf 85' lang='lat' dir='ltr'>sacris</span> <span class='ocrx_word' id='word_1_294' title='bbox 870 2200 1056 2233; x_wconf 87' lang='lat' dir='ltr'>faciundis</span> <span class='ocrx_word' id='word_1_295' title='bbox 1083 2201 1190 2241; x_wconf 84' lang='lat' dir='ltr'>esset,</span> <span class='ocrx_word' id='word_1_296' title='bbox 1217 2199 1264 2233; x_wconf 90' lang='lat' dir='ltr'>ad</span> <span class='ocrx_word' id='word_1_297' title='bbox 1285 2199 1475 2234; x_wconf 85' lang='lat' dir='ltr'>oraculum</span> <span class='ocrx_word' id='word_1_298' title='bbox 1497 2199 1718 2234; x_wconf 71' lang='lat' dir='ltr'>mitteretur.</span> <span class='ocrx_word' id='word_1_299' title='bbox 1754 2209 1837 2233; x_wconf 87' lang='lat' dir='ltr'>sua-</span> 
     </span>
     <span class='ocr_line' id='line_1_32' title="bbox 302 2251 1837 2297; baseline 0.001 -12"><span class='ocrx_word' id='word_1_300' title='bbox 302 2251 366 2285; x_wconf 89' lang='lat' dir='ltr'>det</span> <span class='ocrx_word' id='word_1_301' title='bbox 386 2252 456 2286; x_wconf 87' lang='lat' dir='ltr'>hoc</span> <span class='ocrx_word' id='word_1_302' title='bbox 476 2252 633 2286; x_wconf 84' lang='lat' dir='ltr'>scientia</span> <span class='ocrx_word' id='word_1_303' title='bbox 652 2252 806 2297; x_wconf 81' lang='lat' dir='ltr'>linguae</span> <span class='ocrx_word' id='word_1_304' title='bbox 827 2253 1000 2295; x_wconf 76' lang='lat' dir='ltr'>Graecae,</span> <span class='ocrx_word' id='word_1_305' title='bbox 1028 2264 1101 2296; x_wconf 85' lang='lat' dir='ltr'>qua</span> <span class='ocrx_word' id='word_1_306' title='bbox 1127 2252 1184 2286; x_wconf 89' lang='lat' dir='ltr'>illi</span> <span class='ocrx_word' id='word_1_307' title='bbox 1209 2255 1253 2287; x_wconf 89' lang='lat' dir='ltr'>ut</span> <span class='ocrx_word' id='word_1_308' title='bbox 1278 2252 1498 2297; x_wconf 74' lang='lat' dir='ltr'>interpretes</span> <span class='ocrx_word' id='word_1_309' title='bbox 1524 2252 1704 2287; x_wconf 88' lang='lat' dir='ltr'>librorum</span> <span class='ocrx_word' id='word_1_310' title='bbox 1725 2251 1837 2286; x_wconf 84' lang='lat' dir='ltr'>Grae-</span> 
     </span>
     <span class='ocr_line' id='line_1_33' title="bbox 303 2305 1836 2350; baseline 0.001 -11"><span class='ocrx_word' id='word_1_311' title='bbox 303 2316 439 2348; x_wconf 87' lang='lat' dir='ltr'>corum,</span> <span class='ocrx_word' id='word_1_312' title='bbox 467 2305 538 2339; x_wconf 87' lang='lat' dir='ltr'>etsi</span> <span class='ocrx_word' id='word_1_313' title='bbox 564 2305 662 2339; x_wconf 88' lang='lat' dir='ltr'>binis</span> <span class='ocrx_word' id='word_1_314' title='bbox 691 2306 806 2339; x_wconf 89' lang='lat' dir='ltr'>seruis</span> <span class='ocrx_word' id='word_1_315' title='bbox 833 2306 1123 2348; x_wconf 72' lang='lat' dir='ltr'>adiuuabantur‚</span> <span class='ocrx_word' id='word_1_316' title='bbox 1149 2317 1196 2340; x_wconf 89' lang='lat' dir='ltr'>ne</span> <span class='ocrx_word' id='word_1_317' title='bbox 1216 2305 1289 2350; x_wconf 87' lang='lat' dir='ltr'>ipsi</span> <span class='ocrx_word' id='word_1_318' title='bbox 1310 2306 1461 2349; x_wconf 88' lang='lat' dir='ltr'>quidem</span> <span class='ocrx_word' id='word_1_319' title='bbox 1482 2316 1606 2340; x_wconf 83' lang='lat' dir='ltr'>carere</span> <span class='ocrx_word' id='word_1_320' title='bbox 1625 2307 1836 2350; x_wconf 83' lang='lat' dir='ltr'>potuerunt,</span> 
     </span>
     <span class='ocr_line' id='line_1_34' title="bbox 302 2358 1836 2404; baseline 0 -12"><span class='ocrx_word' id='word_1_321' title='bbox 302 2360 340 2392; x_wconf 89' lang='lat' dir='ltr'>et</span> <span class='ocrx_word' id='word_1_322' title='bbox 367 2358 497 2392; x_wconf 87' lang='lat' dir='ltr'>Graeci</span> <span class='ocrx_word' id='word_1_323' title='bbox 522 2359 634 2401; x_wconf 80' lang='lat' dir='ltr'>ritus,</span> <span class='ocrx_word' id='word_1_324' title='bbox 662 2371 756 2403; x_wconf 85' lang='lat' dir='ltr'>quae</span> <span class='ocrx_word' id='word_1_325' title='bbox 782 2360 820 2393; x_wconf 88' lang='lat' dir='ltr'>in</span> <span class='ocrx_word' id='word_1_326' title='bbox 846 2370 1023 2404; x_wconf 89' lang='lat' dir='ltr'>responso</span> <span class='ocrx_word' id='word_1_327' title='bbox 1051 2359 1249 2393; x_wconf 86' lang='lat' dir='ltr'>deferendo</span> <span class='ocrx_word' id='word_1_328' title='bbox 1276 2359 1363 2393; x_wconf 86' lang='lat' dir='ltr'>satis</span> <span class='ocrx_word' id='word_1_329' title='bbox 1391 2361 1562 2403; x_wconf 85' lang='lat' dir='ltr'>apparet,</span> <span class='ocrx_word' id='word_1_330' title='bbox 1596 2359 1836 2403; x_wconf 86' lang='lat' dir='ltr'>studiumque</span> 
     </span>
     <span class='ocr_line' id='line_1_35' title="bbox 304 2411 1837 2456; baseline 0 -10"><span class='ocrx_word' id='word_1_331' title='bbox 304 2414 341 2446; x_wconf 87' lang='lat' dir='ltr'>et</span> <span class='ocrx_word' id='word_1_332' title='bbox 368 2412 530 2456; x_wconf 83' lang='lat' dir='ltr'>cognitio</span> <span class='ocrx_word' id='word_1_333' title='bbox 556 2423 678 2447; x_wconf 84' lang='lat' dir='ltr'>rerum</span> <span class='ocrx_word' id='word_1_334' title='bbox 703 2413 924 2456; x_wconf 83' lang='lat' dir='ltr'>diuinarum⁷</span> <span class='ocrx_word' id='word_1_335' title='bbox 952 2423 1048 2456; x_wconf 85' lang='lat' dir='ltr'>quae</span> <span class='ocrx_word' id='word_1_336' title='bbox 1068 2413 1108 2446; x_wconf 87' lang='lat' dir='ltr'>in</span> <span class='ocrx_word' id='word_1_337' title='bbox 1128 2412 1171 2447; x_wconf 82' lang='lat' dir='ltr'>fr.</span> <span class='ocrx_word' id='word_1_338' title='bbox 1195 2416 1249 2446; x_wconf 87' lang='grc'>16.</span> <span class='ocrx_word' id='word_1_339' title='bbox 1288 2412 1378 2456; x_wconf 89' lang='lat' dir='ltr'>quin</span> <span class='ocrx_word' id='word_1_340' title='bbox 1399 2413 1510 2447; x_wconf 84' lang='lat' dir='ltr'>etiam</span> <span class='ocrx_word' id='word_1_341' title='bbox 1531 2411 1632 2447; x_wconf 85' lang='lat' dir='ltr'>Diels</span> <span class='ocrx_word' id='word_1_342' title='bbox 1653 2412 1692 2445; x_wconf 90' lang='lat' dir='ltr'>in</span> <span class='ocrx_word' id='word_1_343' title='bbox 1712 2411 1837 2456; x_wconf 85' lang='lat' dir='ltr'>lepido</span> 
     </span>
     <span class='ocr_line' id='line_1_36' title="bbox 303 2464 1836 2511; baseline 0 -13"><span class='ocrx_word' id='word_1_344' title='bbox 303 2476 368 2499; x_wconf 86' lang='lat' dir='ltr'>suo</span> <span class='ocrx_word' id='word_1_345' title='bbox 394 2464 489 2499; x_wconf 87' lang='lat' dir='ltr'>libro</span> <span class='ocrx_word' id='word_1_346' title='bbox 518 2466 786 2511; x_wconf 79' lang='lat' dir='ltr'>(Sibyllinische</span> <span class='ocrx_word' id='word_1_347' title='bbox 813 2467 991 2509; x_wconf 81' lang='lat' dir='ltr'>Blaetter)</span> <span class='ocrx_word' id='word_1_348' title='bbox 1019 2478 1053 2510; x_wconf 90' lang='lat' dir='ltr'>p.</span> <span class='ocrx_word' id='word_1_349' title='bbox 1078 2470 1131 2500; x_wconf 90' lang='grc'>11.</span> <span class='ocrx_word' id='word_1_350' title='bbox 1156 2469 1221 2500; x_wconf 85' lang='grc'>104</span> <span class='ocrx_word' id='word_1_351' title='bbox 1237 2477 1315 2510; x_wconf 89' lang='lat' dir='ltr'>sqq.</span> <span class='ocrx_word' id='word_1_352' title='bbox 1343 2465 1400 2499; x_wconf 88' lang='lat' dir='ltr'>his</span> <span class='ocrx_word' id='word_1_353' title='bbox 1421 2465 1648 2510; x_wconf 82' lang='lat' dir='ltr'>argumentis</span> <span class='ocrx_word' id='word_1_354' title='bbox 1674 2477 1762 2499; x_wconf 90' lang='lat' dir='ltr'>usus</span> <span class='ocrx_word' id='word_1_355' title='bbox 1790 2465 1836 2499; x_wconf 86' lang='lat' dir='ltr'>ab</span> 
     </span>
     <span class='ocr_line' id='line_1_37' title="bbox 303 2518 1837 2563; baseline 0 -11"><span class='ocrx_word' id='word_1_356' title='bbox 303 2518 434 2552; x_wconf 89' lang='lat' dir='ltr'>eodem</span> <span class='ocrx_word' id='word_1_357' title='bbox 460 2519 576 2553; x_wconf 86' lang='lat' dir='ltr'>Fabio</span> <span class='ocrx_word' id='word_1_358' title='bbox 604 2519 675 2553; x_wconf 89' lang='lat' dir='ltr'>duo</span> <span class='ocrx_word' id='word_1_359' title='bbox 703 2519 863 2561; x_wconf 75' lang='lat' dir='ltr'>oracula,</span> <span class='ocrx_word' id='word_1_360' title='bbox 893 2530 988 2563; x_wconf 87' lang='lat' dir='ltr'>quae</span> <span class='ocrx_word' id='word_1_361' title='bbox 1014 2519 1079 2553; x_wconf 88' lang='lat' dir='ltr'>illo</span> <span class='ocrx_word' id='word_1_362' title='bbox 1106 2519 1181 2553; x_wconf 87' lang='lat' dir='ltr'>fere</span> <span class='ocrx_word' id='word_1_363' title='bbox 1208 2521 1374 2562; x_wconf 85' lang='lat' dir='ltr'>tempore</span> <span class='ocrx_word' id='word_1_364' title='bbox 1402 2518 1631 2552; x_wconf 84' lang='lat' dir='ltr'>decemuiros</span> <span class='ocrx_word' id='word_1_365' title='bbox 1663 2529 1706 2552; x_wconf 83' lang='lat' dir='ltr'>ex</span> <span class='ocrx_word' id='word_1_366' title='bbox 1731 2518 1837 2552; x_wconf 87' lang='lat' dir='ltr'>libris</span> 
     </span>
     <span class='ocr_line' id='line_1_38' title="bbox 304 2571 1838 2616; baseline 0 -11"><span class='ocrx_word' id='word_1_367' title='bbox 304 2572 496 2616; x_wconf 85' lang='lat' dir='ltr'>Sibyllinis</span> <span class='ocrx_word' id='word_1_368' title='bbox 518 2572 742 2616; x_wconf 86' lang='lat' dir='ltr'>prompsisse</span> <span class='ocrx_word' id='word_1_369' title='bbox 761 2572 929 2616; x_wconf 85' lang='lat' dir='ltr'>Phlegon</span> <span class='ocrx_word' id='word_1_370' title='bbox 949 2572 1080 2606; x_wconf 86' lang='lat' dir='ltr'>mirab.</span> <span class='ocrx_word' id='word_1_371' title='bbox 1097 2583 1125 2606; x_wconf 87' lang='lat' dir='ltr'>c.</span> <span class='ocrx_word' id='word_1_372' title='bbox 1143 2577 1185 2606; x_wconf 85' lang='lat'>10</span> <span class='ocrx_word' id='word_1_373' title='bbox 1206 2572 1362 2606; x_wconf 86' lang='lat' dir='ltr'>tradidit</span> <span class='ocrx_word' id='word_1_374' title='bbox 1382 2582 1551 2616; x_wconf 84' lang='lat' dir='ltr'>quaeque</span> <span class='ocrx_word' id='word_1_375' title='bbox 1571 2572 1650 2616; x_wconf 83' lang='lat' dir='ltr'>ipse</span> <span class='ocrx_word' id='word_1_376' title='bbox 1672 2571 1838 2614; x_wconf 86' lang='lat' dir='ltr'>inseruit,</span> 
     </span>
     <span class='ocr_line' id='line_1_39' title="bbox 304 2624 1836 2670; baseline -0.001 -10"><span class='ocrx_word' id='word_1_377' title='bbox 304 2625 512 2670; x_wconf 86' lang='lat' dir='ltr'>composita</span> <span class='ocrx_word' id='word_1_378' title='bbox 538 2637 615 2659; x_wconf 85' lang='lat' dir='ltr'>esse</span> <span class='ocrx_word' id='word_1_379' title='bbox 637 2625 847 2669; x_wconf 88' lang='lat' dir='ltr'>suspicatus</span> <span class='ocrx_word' id='word_1_380' title='bbox 875 2627 942 2660; x_wconf 88' lang='lat' dir='ltr'>est.</span> <span class='ocrx_word' id='word_1_381' title='bbox 981 2627 1108 2660; x_wconf 87' lang='lat' dir='ltr'>contra</span> <span class='ocrx_word' id='word_1_382' title='bbox 1129 2636 1213 2660; x_wconf 91' lang='lat' dir='ltr'>eum</span> <span class='ocrx_word' id='word_1_383' title='bbox 1233 2624 1426 2659; x_wconf 88' lang='lat' dir='ltr'>Wuellner</span> <span class='ocrx_word' id='word_1_384' title='bbox 1452 2625 1602 2670; x_wconf 78' lang='lat' dir='ltr'>Prodiy.</span> <span class='ocrx_word' id='word_1_385' title='bbox 1624 2637 1658 2669; x_wconf 90' lang='lat' dir='ltr'>p.</span> <span class='ocrx_word' id='word_1_386' title='bbox 1674 2628 1738 2659; x_wconf 90' lang='lat'>101</span> <span class='ocrx_word' id='word_1_387' title='bbox 1756 2636 1836 2668; x_wconf 88' lang='lat' dir='ltr'>sqq.</span> 
     </span>
    </p>

    <p class='ocr_par' dir='ltr' id='par_1_4' title="bbox 303 2678 1840 2934">
     <span class='ocr_line' id='line_1_40' title="bbox 400 2678 1840 2723; baseline -0.001 -10"><span class='ocrx_word' id='word_1_388' title='bbox 400 2683 433 2721; x_wconf 80' lang='lat'>2)</span> <span class='ocrx_word' id='word_1_389' title='bbox 460 2678 562 2713; x_wconf 88' lang='lat' dir='ltr'>Diels</span> <span class='ocrx_word' id='word_1_390' title='bbox 589 2691 623 2722; x_wconf 91' lang='lat' dir='ltr'>p.</span> <span class='ocrx_word' id='word_1_391' title='bbox 647 2683 689 2712; x_wconf 76' lang='lat'>12</span> <span class='ocrx_word' id='word_1_392' title='bbox 722 2689 941 2723; x_wconf 86' lang='lat' dir='ltr'>responsum</span> <span class='ocrx_word' id='word_1_393' title='bbox 968 2678 1152 2723; x_wconf 87' lang='lat' dir='ltr'>Apollinis</span> <span class='ocrx_word' id='word_1_394' title='bbox 1184 2678 1223 2712; x_wconf 90' lang='lat' dir='ltr'>in</span> <span class='ocrx_word' id='word_1_395' title='bbox 1255 2678 1321 2712; x_wconf 89' lang='lat' dir='ltr'>hos</span> <span class='ocrx_word' id='word_1_396' title='bbox 1353 2689 1482 2712; x_wconf 87' lang='lat' dir='ltr'>uersus</span> <span class='ocrx_word' id='word_1_397' title='bbox 1514 2678 1675 2723; x_wconf 82' lang='lat' dir='ltr'>redegit:</span> <span class='ocrx_word' id='word_1_398' title='bbox 1721 2678 1782 2713; x_wconf 80' lang='lat' dir='ltr'>Sic</span> <span class='ocrx_word' id='word_1_399' title='bbox 1806 2678 1840 2712; x_wconf 80' lang='lat' dir='ltr'>si</span> 
     </span>
     <span class='ocr_line' id='line_1_41' title="bbox 303 2731 1837 2777; baseline 0 -11"><span class='ocrx_word' id='word_1_400' title='bbox 303 2733 451 2776; x_wconf 65' lang='lat' dir='ltr'>farcitis,</span> <span class='ocrx_word' id='word_1_401' title='bbox 478 2732 651 2775; x_wconf 83' lang='lat' dir='ltr'>Romani,</span> <span class='ocrx_word' id='word_1_402' title='bbox 680 2743 735 2766; x_wconf 87' lang='lat' dir='ltr'>res</span> <span class='ocrx_word' id='word_1_403' title='bbox 760 2732 921 2766; x_wconf 81' lang='lat' dir='ltr'>meliores</span> <span class='ocrx_word' id='word_1_404' title='bbox 943 2732 948 2777; x_wconf 75' lang='grc' dir='ltr'>Ι</span> <span class='ocrx_word' id='word_1_405' title='bbox 970 2736 1112 2767; x_wconf 76' lang='lat' dir='ltr'>uestrae</span> <span class='ocrx_word' id='word_1_406' title='bbox 1137 2735 1271 2774; x_wconf 80' lang='lat' dir='ltr'>escunt,</span> <span class='ocrx_word' id='word_1_407' title='bbox 1296 2743 1397 2776; x_wconf 75' lang='lat' dir='ltr'>nzaye</span> <span class='ocrx_word' id='word_1_408' title='bbox 1421 2731 1584 2775; x_wconf 77' lang='lat' dir='ltr'>procedet</span> <span class='ocrx_word' id='word_1_409' title='bbox 1609 2742 1665 2766; x_wconf 87' lang='lat' dir='ltr'>res</span> <span class='ocrx_word' id='word_1_410' title='bbox 1685 2731 1837 2775; x_wconf 71' lang='lat' dir='ltr'>publica</span> 
     </span>
     <span class='ocr_line' id='line_1_42' title="bbox 303 2784 1837 2831; baseline -0.002 -11"><span class='ocrx_word' id='word_1_411' title='bbox 303 2786 408 2820; x_wconf 83' lang='lat' dir='ltr'>uobis</span> <span class='ocrx_word' id='word_1_412' title='bbox 423 2785 428 2831; x_wconf 78' lang='grc' dir='ltr'>Ι</span> <span class='ocrx_word' id='word_1_413' title='bbox 445 2796 488 2819; x_wconf 77' lang='lat' dir='ltr'>eoe</span> <span class='ocrx_word' id='word_1_414' title='bbox 506 2786 693 2825; x_wconf 80' lang='lat' dir='ltr'>sententia,</span> <span class='ocrx_word' id='word_1_415' title='bbox 712 2785 780 2819; x_wconf 80' lang='lat' dir='ltr'>erit</span> <span class='ocrx_word' id='word_1_416' title='bbox 793 2785 951 2819; x_wconf 85' lang='lat' dir='ltr'>uictoria</span> <span class='ocrx_word' id='word_1_417' title='bbox 971 2789 1091 2820; x_wconf 82' lang='lat' dir='ltr'>uestra</span> <span class='ocrx_word' id='word_1_418' title='bbox 1112 2785 1234 2819; x_wconf 82' lang='lat' dir='ltr'>duelli.</span> <span class='ocrx_word' id='word_1_419' title='bbox 1253 2784 1257 2831; x_wconf 74' lang='lat'>1</span> <span class='ocrx_word' id='word_1_420' title='bbox 1274 2789 1330 2819; x_wconf 85' lang='lat' dir='ltr'>ast</span> <span class='ocrx_word' id='word_1_421' title='bbox 1351 2785 1462 2819; x_wconf 82' lang='lat' dir='ltr'>lucris</span> <span class='ocrx_word' id='word_1_422' title='bbox 1481 2785 1618 2819; x_wconf 79' lang='lat' dir='ltr'>meritis</span> <span class='ocrx_word' id='word_1_423' title='bbox 1638 2785 1680 2819; x_wconf 88' lang='lat' dir='ltr'>de</span> <span class='ocrx_word' id='word_1_424' title='bbox 1694 2785 1837 2828; x_wconf 79' lang='lat' dir='ltr'>praeda</span> 
     </span>
     <span class='ocr_line' id='line_1_43' title="bbox 304 2836 1838 2882; baseline -0.002 -9"><span class='ocrx_word' id='word_1_425' title='bbox 304 2840 439 2873; x_wconf 82' lang='lat' dir='ltr'>donum</span> <span class='ocrx_word' id='word_1_426' title='bbox 471 2843 502 2872; x_wconf 83' lang='lat' dir='ltr'>et</span> <span class='ocrx_word' id='word_1_427' title='bbox 533 2839 699 2873; x_wconf 85' lang='lat' dir='ltr'>honorem</span> <span class='ocrx_word' id='word_1_428' title='bbox 722 2838 877 2881; x_wconf 77' lang='lat' dir='ltr'>{mittite</span> <span class='ocrx_word' id='word_1_429' title='bbox 905 2839 1049 2882; x_wconf 73' lang='lat' dir='ltr'>Pythio.</span> <span class='ocrx_word' id='word_1_430' title='bbox 1101 2849 1124 2872; x_wconf 86' lang='grc' dir='ltr'><em>α</em></span> <span class='ocrx_word' id='word_1_431' title='bbox 1149 2839 1252 2873; x_wconf 84' lang='lat' dir='ltr'>uobis</span> <span class='ocrx_word' id='word_1_432' title='bbox 1282 2837 1440 2872; x_wconf 80' lang='lat' dir='ltr'>lasciuia</span> <span class='ocrx_word' id='word_1_433' title='bbox 1474 2838 1603 2872; x_wconf 84' lang='lat' dir='ltr'>abesto.</span> <span class='ocrx_word' id='word_1_434' title='bbox 1654 2836 1838 2871; x_wconf 84' lang='lat' dir='ltr'>Dissensit</span> 
     </span>
     <span class='ocr_line' id='line_1_44' title="bbox 304 2891 1300 2934; baseline 0 -9"><span class='ocrx_word' id='word_1_435' title='bbox 304 2891 467 2926; x_wconf 83' lang='lat' dir='ltr'>Buresch</span> <span class='ocrx_word' id='word_1_436' title='bbox 494 2891 739 2926; x_wconf 78' lang='lat' dir='ltr'>Woeltenschr.</span> <span class='ocrx_word' id='word_1_437' title='bbox 759 2892 784 2934; x_wconf 84' lang='lat' dir='ltr'>f.</span> <span class='ocrx_word' id='word_1_438' title='bbox 806 2891 851 2925; x_wconf 78' lang='lat' dir='ltr'>kl.</span> <span class='ocrx_word' id='word_1_439' title='bbox 873 2892 1004 2926; x_wconf 81' lang='lat' dir='ltr'>Philol.</span> <span class='ocrx_word' id='word_1_440' title='bbox 1029 2894 1119 2925; x_wconf 87' lang='grc'>1890</span> <span class='ocrx_word' id='word_1_441' title='bbox 1146 2902 1175 2925; x_wconf 87' lang='lat' dir='ltr'>c.</span> <span class='ocrx_word' id='word_1_442' title='bbox 1199 2895 1300 2925; x_wconf 80' lang='lat'>1253.</span> 
     </span>
    </p>
   </div>
   <div class='ocr_carea' id='block_1_4' title="bbox 1955 2139 2002 3342">
    <p class='ocr_par' dir='ltr' id='par_1_5' title="bbox 1955 2139 2002 3342">
     <span class='ocr_line' id='line_1_45' title="bbox 1955 2139 2002 3342; baseline 0 0"><span class='ocrx_word' id='word_1_443' title='bbox 1955 2139 2002 3342; x_wconf 95' lang='lat' dir='ltr'> </span> 
     </span>
    </p>
   </div>
  </div>
 </body>
</html>
