2002 3342
333 837 789 887 CORNELIORVM
829 836 1173 884 SCIPIONVM
1210 836 1513 883 HISTORIA

240 946 397 986 Fabiam
425 952 581 996 gentem
609 947 647 983 in
675 945 837 983 historia
865 942 1073 982 scribenda
1094 944 1358 995 principatum
1381 945 1432 982 ita
1453 943 1684 996 obtinuisse,

150 1020 193 1052 ut
220 1019 256 1052 et
283 1025 374 1051 suae
403 1010 506 1050 laudi
533 1009 825 1061 exaggerandae
853 1021 968 1060 quam
995 1009 1163 1047 maxime
1190 1010 1435 1059 prospiceret
1459 1013 1497 1047 et
1517 1009 1681 1047 aemulis

148 1078 252 1117 baud
280 1090 366 1116 raro
394 1078 528 1127 inique
555 1075 806 1125 obtrectaret,
834 1086 951 1125 supra
973 1069 1190 1127 (p.XLV11])
1213 1073 1397 1112 uidimus.
1431 1085 1503 1112 nec
1525 1074 1678 1112 fortuna

149 1145 185 1183 ei
214 1143 348 1182 defuit.
393 1154 520 1193 neque
548 1142 653 1179 enim
681 1141 889 1191 quisquam
918 1139 963 1178 de
991 1144 1214 1177 ceterorum
1242 1140 1488 1190 optimatium
1515 1151 1680 1177 numero

150 1208 256 1247 Fabii
277 1208 441 1246 Pictoris
462 1207 734 1245 auctoritatem
756 1206 951 1256 aequauit.
985 1217 1222 1255 quamquam
1243 1217 1292 1243 ne
1314 1205 1385 1243 hae
1408 1204 1567 1255 quidem
1588 1217 1680 1255 gen-

149 1281 208 1312 tes
229 1274 353 1312 famae
374 1272 577 1310 hominum
599 1277 637 1309 et
658 1283 749 1309 suae
771 1272 910 1310 aetatis
932 1276 969 1309 et
990 1271 1232 1321 posteritatis
1259 1271 1481 1308 incuriosae
1509 1270 1682 1320 suerunt,

150 1341 268 1377 immo
294 1343 337 1376 ut
365 1350 440 1388 res,
467 1336 611 1388 quibus
638 1338 677 1374 in
699 1338 780 1374 uita
801 1335 956 1387 publica
977 1335 1202 1386 floruerant,
1229 1336 1268 1373 in
1290 1347 1513 1373 sermonem
1534 1347 1679 1373 memo-

151 1405 327 1454 riamque
349 1402 506 1441 illorum
527 1403 786 1453 peruenirent
807 1402 1163 1451 retinerenturque,
1185 1406 1267 1438 arte
1283 1400 1448 1451 quadam
1471 1406 1509 1438 et
1529 1401 1680 1438 ratione

148 1481 241 1508 usae
269 1473 371 1507 sunt.
411 1467 514 1518 quod
542 1467 699 1518 quidem
727 1479 804 1505 non
826 1466 1071 1517 singulorum
1092 1465 1337 1516 quorundam
1364 1465 1569 1516 gentilium
1591 1478 1680 1516 pro-

150 1536 279 1585 prium
309 1534 380 1571 fuit
407 1532 475 1571 sed
503 1533 623 1571 totius
650 1533 789 1582 gentis,
817 1544 890 1582 qua
918 1537 961 1570 ut
981 1544 1065 1570 mos
1091 1532 1175 1582 ipsa
1203 1536 1408 1569 stemmata
1436 1532 1474 1569 111
1503 1530 1573 1569 alis
1593 1532 1678 1582 pin-

147 1599 263 1650 gendi
296 1600 352 1637 sic
380 1600 497 1636 etiam
525 1610 588 1636 res
615 1602 743 1648 gestas
777 1596 919 1635 litteris
952 1598 1037 1635 siue
1071 1597 1237 1647 priuatis
1264 1597 1349 1635 siue
1374 1595 1545 1647 publicis
1572 1609 1679 1634 man-

148 1664 264 1703 dandi
290 1675 361 1715 per
387 1675 531 1713 genera
558 1667 794 1714 propagatus
822 1667 891 1700 est.
925 1663 1093 1711 uestigia
1120 1668 1251 1700 tamen
1278 1662 1362 1700 eius
1389 1674 1511 1712 pauca
1542 1674 1679 1712 super-

146 1736 248 1768 sunt.
281 1741 353 1768 nec
375 1728 413 1767 id
439 1729 595 1767 mirum.
638 1727 864 1778 adrogantia
886 1729 991 1766 enim
1012 1727 1075 1766 uel
1099 1727 1290 1766 modestia
1311 1727 1487 1777 aliorum,
1515 1726 1679 1765 aliorum

146 1795 368 1845 malignitas
382 1793 446 1833 uel
467 1792 641 1832 sollertia
661 1793 810 1844 ingenii
831 1794 1043 1831 memoriae
1065 1792 1218 1832 inuidit.
1251 1793 1383 1832 Pictor
1397 1792 1568 1844 quidem,
1590 1806 1677 1831 cum

146 1859 247 1899 bello
273 1858 529 1897 Hannibalico
556 1859 641 1897 eius
668 1870 763 1908 gens
785 1871 804 1896 a
826 1857 1019 1896 Corneliis
1040 1858 1291 1909 Scipionibus
1319 1871 1452 1897 rerum
1479 1864 1677 1909 gestarum

146 1924 354 1976 splendore
388 1923 631 1963 enitentibus
663 1923 869 1962 obscurari
902 1929 1039 1974 coepta
1073 1929 1193 1974 esset,
1228 1924 1390 1962 remotis
1423 1936 1512 1961 cum
1545 1923 1679 1962 multis

146 1997 227 2029 tum
244 1989 424 2028 Cornelia
445 2001 546 2027 noua
566 1990 631 2027 1113
652 1990 871 2039 scripturae
892 1988 1112 2040 publicatae
1133 1994 1315 2028 ueterum
1334 2001 1494 2027 suorum
1515 1988 1677 2039 gloriam

147 2054 430 2094 restituendam
451 2055 635 2105 suscepit.
676 2053 769 2105 quid
790 2059 921 2093 autem
943 2052 1145 2093 Cornelii?
1177 2055 1391 2093 Africani
1412 2055 1540 2093 uirtus
1561 2066 1677 2104 supra

146 2120 303 2159 modum
342 2120 597 2158 humanitatis
635 2121 675 2158 in
708 2132 775 2158 ore
808 2119 917 2170 uulgi
950 2119 1152 2158 miraculis
1188 2119 1458 2158 extollebatur.
1510 2131 1677 2170 quorum

147 2185 261 2224 tidem
291 2184 336 2223 ab
364 2186 448 2236 ipso
477 2190 628 2223 auctam
662 2197 749 2223 esse
778 2184 914 2223 Liuius
941 2184 1111 2223 credidit
1138 2182 1226 2238 (26,
1257 2182 1321 2235 19,
1344 2180 1408 2238 8>3
1448 2186 1486 2223 in
1514 2184 1676 2222 historia

144 2257 274 2290 tamen
296 2250 542 2289 Cunctatoris
564 2249 685 2301 gloria
712 2251 868 2301 mansit,
894 2251 1079 2301 quoniam
1108 2249 1172 2288 ille
1194 2251 1233 2288 in
1254 2249 1455 2301 publicum
1477 2254 1676 2287 certamen

145 2329 232 2355 cum
254 2315 384 2355 Fabiis
413 2315 653 2354 descendere
682 2315 912 2365 dedignatus
939 2316 1041 2353 intra
1066 2316 1244 2366 priuatos
1270 2316 1442 2366 parietes
1468 2315 1677 2353 ueritatem

144 2381 265 2420 latere
292 2380 440 2419 maluit.
492 2393 580 2419 nam
609 2393 672 2419 res
705 2382 744 2419 in
777 2380 963 2431 Hispania
995 2392 1183 2431 prospere
1217 2386 1363 2430 gestas,
1400 2381 1451 2418 ita
1484 2385 1527 2418 ut
1559 2381 1675 2417 etiam

145 2446 306 2485 consilia
334 2459 403 2485 sua
430 2447 611 2497 aperiret,
639 2451 819 2484 accurate
845 2451 1077 2496 persecutus
1104 2446 1176 2483 hoc
1201 2457 1324 2483 unum
1350 2445 1437 2483 aliis
1463 2444 1676 2495 gentilibus

145 2512 350 2562 concessit,
377 2516 420 2550 ut
441 2523 485 2550 ea
506 2512 546 2549 in
568 2510 757 2562 epistulae
780 2511 826 2549 ad
847 2511 1070 2562 Philippum
1091 2510 1346 2549 Macedonum
1374 2522 1506 2560 regem
1533 2511 1675 2548 missae

146 2577 307 2615 sormam
337 2575 551 2627 redigeret,
578 2576 748 2615 Graecae
777 2576 945 2626 scilicet,
972 2576 1072 2614 hanc
1099 2581 1228 2614 tamen
1256 2577 1295 2613 in
1323 2575 1514 2614 tabulario
1541 2574 1674 2625 gentili

146 2647 333 2692 seruaret,
360 2643 399 2679 in
427 2654 502 2692 quo
530 2654 614 2679 eam
639 2641 822 2692 Polybius
849 2643 1001 2680 inuenit
1022 2641 1263 2692 consiliaque
1286 2640 1505 2691 descripsit,
1533 2639 1675 2691 quibus

147 2707 228 2756 ipse
256 2707 462 2745 Africanus
489 2706 629 2745 ductus
657 2713 778 2756 esset,
817 2713 859 2745 111
891 2707 1104 2745 uanitatem
1139 2719 1274 2745 eorum
1303 2706 1574 2756 r·eda1guer,et
1608 2705 1672 2755 qui

145 2783 299 2809 omnem
328 2773 412 2810 eius
438 2772 626 2810 uirtutem
654 2771 700 2810 ad
729 2771 822 2810 deos
850 2772 1124 2822 fortunamque
1153 2772 1347 2810 referrent
1374 2767 1471 2824 (uid
1501 2771 1545 2809 t'1.
1571 2766 1625 2812 1).

235 2836 367 2874 Vtrum
401 2842 531 2875 tamen
565 2849 648 2875 eam
683 2837 889 2887 epistulam
924 2836 969 2874 ad
1005 2836 1227 2886 Philippum
1261 2848 1355 2874 uen
1389 2836 1592 2885 scripselit
1626 2847 1672 2871 311
