2002 3342
253 187 339 228 264
886 182 1144 225 RELIQVIAE

255 297 296 337 L.
324 297 466 335 Furius
494 296 687 346 Purpurio
715 294 943 344 consularis,
973 295 1040 344 qui
1066 294 1106 331 in
1135 293 1269 332 decem
1297 293 1433 343 legatis
1461 294 1501 331 in
1527 293 1616 331 Asia
1643 294 1783 344 tuerat,

255 362 371 401 latius
408 360 622 411 rogandum
659 359 861 410 censebat,
896 371 975 397 non
1011 371 1110 409 quae
1144 358 1190 396 ab
1222 358 1413 396 Antiocho
1444 357 1557 396 modo
1591 359 1779 409 pecuniae

254 432 388 478 captae
421 426 564 476 l'orcnt,
597 424 665 463 sed
693 436 791 475 quae
819 423 865 462 ab
893 423 978 462 aliis
1006 423 1164 473 regibus
1191 422 1468 473 gentibusque,
1501 423 1568 461 Cn.
1595 422 1779 461 Manlium

252 492 458 530 inimicum
486 492 700 529 incessens.
741 495 779 528 et
805 489 845 527 L.
871 489 1013 539 Scipio,
1040 501 1157 539 quem
1183 489 1307 538 magis
1333 500 1402 539 pro
1430 500 1471 526 se
1498 500 1614 539 quam
1641 486 1778 526 aduer-

251 569 318 596 sus
340 556 466 607 legem
489 555 684 594 dicturum
707 553 934 605 apparebat,
958 553 1157 592 dissuasor
1177 554 1381 604 processit.
1419 554 1453 591 is
1474 558 1599 591 morte
1620 552 1659 592 P.
1680 552 1779 590 Afri-

251 623 339 660 cani
368 621 510 670 fratris,
536 621 615 659 uiri
641 621 817 658 omnium
845 619 1051 657 fortissimi
1078 617 1377 669 clarissimique,
1407 630 1490 657 eam
1518 623 1691 656 exortam
1720 630 1779 655 ro-

250 688 448 738 gationem
470 691 530 724 est
550 690 801 736 conquestus.
841 696 979 735 parum
1000 684 1105 722 enim
1127 683 1249 721 fuisse
1269 695 1347 721 non
1373 682 1523 722 laudari
1548 695 1620 734 pro
1641 684 1780 721 rostris

250 752 289 790 P.
307 752 535 789 Africanum
556 755 644 801 post
663 756 843 800 mortem,
864 750 943 787 nisi
958 750 1075 787 etiam
1089 754 1352 787 accusaretur.
1387 753 1425 787 et
1439 748 1781 798 Carthaginienses

253 817 369 856 exilio
397 815 626 854 Hannibalis
653 820 857 853 contentos
885 826 983 864 esse,
1012 813 1199 864 populum
1225 813 1443 852 Romanum
1469 825 1518 851 ne
1545 818 1670 851 morte
1697 813 1780 863 qui-

252 882 338 921 dem
366 882 406 920 P.
429 881 625 932 Scipionis
653 881 854 930 exsatiari,
888 880 965 917 nisi
998 884 1037 917 et
1066 879 1191 929 ipsius
1225 879 1325 917 fama
1352 878 1497 929 sepulti
1522 878 1718 916 laceretur
1745 883 1781 916 et

251 948 370 986 frater
395 947 575 997 insuper,
608 946 782 984 accessio
809 944 1000 990 inuidiae,
1027 948 1232 982 mactetur.
1270 943 1318 982 M.
1346 943 1437 982 Cato
1465 944 1589 982 suasit
1614 944 1780 993 rogatio-

249 1025 339 1051 nem
368 1007 514 1065 (exstat
540 1012 663 1049 oratio
691 1011 775 1049 eius
804 1010 850 1048 de
880 1010 1047 1061 pecunia
1074 1010 1179 1059 regis
1199 1005 1399 1062 Antiochi)
1427 1014 1465 1047 et
1484 1008 1691 1047 Mummios
1712 1009 1781 1046 tri-

250 1078 376 1116 bunos
404 1078 635 1115 auctoritate
664 1075 868 1125 deterruit,
895 1087 944 1113 ne
972 1073 1279 1113 aduersarentur
1305 1075 1506 1125 rogationi.
1545 1074 1781 1112 remittenti-

251 1143 324 1182 bus
358 1154 450 1193 ergo
484 1142 545 1180 his
577 1141 905 1180 intercessionem
938 1152 1074 1178 omnes
1103 1139 1230 1178 trihus
1255 1140 1313 1177 uti
1339 1144 1543 1189 rogassent
1568 1139 1781 1177 iusserunt.

253 1206 305 1261 (c.
328 1205 415 1261 55.)
437 1208 519 1246 Ser.
542 1206 714 1257 Sulpicio
738 1205 879 1244 deinde
901 1206 1110 1255 referente,
1134 1217 1251 1255 quem
1272 1205 1471 1256 rogatione
1491 1203 1644 1242 Petillia
1665 1215 1782 1254 quae·

251 1286 340 1312 rere
375 1272 541 1323 uellent,
577 1271 619 1316 Q.
654 1271 883 1310 Terentium
917 1269 1144 1309 Culleonem
1178 1275 1309 1320 patres
1341 1271 1554 1308 iusserunt.
1599 1268 1646 1307 ad
1678 1268 1783 1307 hunc.

250 1343 489 1390 praetorem,
517 1336 640 1388 <adeo
669 1338 838 1375 amicum
867 1335 1071 1374 Corneliae
1104 1334 1290 1386 familiae,
1323 1339 1383 1385 ut,
1417 1335 1483 1385 qui
1510 1334 1653 1372 Romae
1681 1345 1783 1372 mor-

251 1410 362 1443 tuum
395 1403 617 1453 elatumque
643 1402 683 1440 P.
706 1402 932 1452 Scipionem
961 1397 1041 1453 (est
1072 1401 1176 1439 enim
1211 1412 1254 1438 ea
1281 1412 1436 1451 quoque
1463 1399 1580 1450 fama)
1613 1398 1784 1449 tradunt,

251 1469 450 1520 pileatum,
477 1468 580 1506 sicut
604 1468 645 1505 in
666 1466 866 1517 triumpho
894 1467 1005 1516 ierat,
1032 1467 1072 1504 in
1094 1465 1231 1504 funere
1254 1477 1407 1516 quoque
1428 1469 1516 1503 ante
1538 1464 1683 1503 lectum
1705 1465 1783 1502 isse

252 1534 464 1572 memoriae
497 1531 760 1583 prodiderint,
797 1536 835 1570 et
868 1530 914 1569 ad
946 1535 1100 1581 portam
1134 1530 1328 1581 Capenam
1360 1529 1531 1568 mulsum
1562 1529 1783 1580 prosecutis

253 1600 370 1638 sunus
399 1597 566 1648 dedisse,
593 1596 696 1648 quod
724 1596 770 1635 ab
798 1609 842 1635 eo
871 1597 975 1634 inter
1001 1595 1097 1634 alios
1122 1596 1297 1646 captiuos
1324 1596 1364 1633 in
1384 1594 1513 1633 Africa
1534 1607 1580 1633 ex
1606 1593 1784 1633 hostibus

252 1669 435 1715 receptus
463 1668 583 1714 esset,
618 1660 712 1713 aut>
746 1661 841 1700 adeo
875 1662 1079 1700 inimicum
1113 1660 1299 1710 eundem,
1330 1665 1373 1699 ut
1401 1665 1563 1711 propter
1588 1660 1784 1710 insignem

252 1729 491 1769 simultatem
518 1727 564 1766 ab
593 1740 637 1766 ea
664 1728 849 1777 factione,
878 1739 977 1777 quae
1005 1725 1169 1765 aduersa
1197 1724 1448 1776 Scipionibus
1475 1730 1575 1775 erat,
1609 1723 1784 1762 delectus

253 1796 304 1834 sit
329 1794 578 1845 potissimum
606 1791 653 1831 ad
675 1793 944 1843 quaestionem
967 1790 1245 1843 exercendam3
1272 1795 1448 1829 ceterum
1469 1789 1516 1828 ad
1541 1789 1646 1828 hunc
1666 1790 1784 1827 nimis

251 1858 449 1911 <aequum
480 1858 572 1908 aut>
605 1859 784 1909 iniquum
816 1862 1040 1908 praetorem
1067 1868 1158 1894 reus
1187 1855 1380 1906 extemplo
1414 1855 1539 1894 factus
1572 1854 1612 1892 L.
1641 1854 1783 1905 Scipio,
1806 1870 1841 1894 ε

253 1924 370 1964 simul
397 1929 436 1963 et
463 1923 587 1962 delata
614 1928 653 1962 et
679 1928 838 1973 recepta
864 1923 1022 1960 nomina
1050 1917 1267 1971 legatorum
1294 1921 1390 1971 eius,
1415 1920 1456 1958 A.
1482 1925 1520 1958 et
1540 1919 1580 1957 L.
1602 1918 1784 1958 Hostilio-

253 2003 341 2029 rum
369 1989 559 2028 Catonum
588 1993 627 2026 et
647 1987 686 2027 C.
708 1987 818 2026 Furii
839 1986 1050 2025 Aculeonis
1071 1986 1292 2037 quaestoris
1320 1990 1370 2037 et,
1395 1990 1438 2023 ut
1458 1986 1588 2023 omnia
1609 1989 1785 2022 contacta

349 2133 383 2165 q.
420 2121 520 2166 Quae
549 2120 696 2166 anyulis
722 2118 746 2166 <
777 2118 802 2166 >
829 2119 963 2154 inclusi
988 2129 1032 2154 em
1057 2118 1173 2152 altera
1198 2118 1301 2160 fama
1328 2117 1425 2159 (fort.
1456 2115 1622 2160 Claudii)
1649 2116 1787 2150 inserta

253 2173 349 2204 sunt.
377 2169 422 2211 cf.
444 2169 554 2203 uerba
582 2168 675 2202 adeo
703 2167 864 2202 amicum
887 2165 1079 2201 Corneliae
1099 2164 1276 2208 familiae,
1302 2166 1355 2207 ut,
1382 2163 1457 2208 qui
1484 2164 1648 2198 Romae
1673 2173 1787 2196 mor-

254 2218 377 2251 tuum
405 2215 619 2259 elatumque
645 2214 683 2249 P.
706 2214 917 2258 Scipionem
944 2214 1014 2257 (est
1040 2212 1136 2247 enim
1164 2223 1208 2246 ea
1234 2223 1380 2255 quoque
1400 2211 1514 2256 fama)
1540 2210 1731 2245 tradunt
1756 2213 1788 2244 et

254 2275 281 2299 c.
304 2267 401 2307 56,2
432 2263 608 2297 conuenit
632 2283 676 2288 —
704 2273 778 2296 non
811 2262 855 2296 de
889 2272 986 2295 anno
1018 2271 1090 2304 quo
1122 2261 1290 2294 mortuus
1322 2258 1388 2302 sit,
1420 2270 1492 2293 non
1524 2257 1589 2292 ubi
1621 2259 1787 2292 mortuus

256 2313 322 2346 aut
348 2311 466 2345 elatus
493 2310 557 2344 sit:
592 2309 658 2344 alii
685 2310 844 2351 Romae,
875 2308 941 2342 alii
968 2307 1109 2342 Literni
1137 2309 1174 2341 et,
1198 2308 1385 2342 mortuum
1412 2307 1449 2341 et
1474 2305 1671 2350 sepultum.
1710 2305 1787 2339 uid.

254 2370 369 2403 supra
389 2370 429 2404 p.
448 2368 623 2393 CCCXVIII.

349 2485 368 2520 1
399 2482 540 2519 Furius
568 2481 656 2519 add.
676 2481 783 2529 Moy.
811 2483 845 2518 et
869 2481 1016 2526 aliquot
1040 2479 1126 2517 libr.
1146 2490 1218 2516 ree.
1280 2477 1480 2526 Purpureo
1506 2476 1688 2524 Sigonius

258 2543 281 2580 5
309 2543 435 2579 morte
455 2542 545 2579 libri
565 2537 773 2590 (Maduiy)
792 2541 884 2589 post:
903 2540 1070 2576 mortem
1089 2537 1206 2585 uulgo
1281 2537 1303 2573 6
1333 2548 1419 2574 eam
1440 2547 1509 2574 om.
1530 2537 1560 2574 2
1574 2545 1598 2579 ς
1671 2536 1724 2573 10
1751 2536 1791 2572 et

257 2602 413 2639 accessit
438 2612 482 2638 ex
507 2602 613 2647 Moy.
702 2601 754 2637 12
784 2594 930 2649 exstat]
960 2610 1042 2635 esse
1069 2599 1108 2634 etz
1135 2600 1169 2634 et
1192 2597 1321 2633 exstat:
1347 2597 1386 2633 et
1417 2595 1506 2633 libri
1531 2606 1601 2633 rec.
1664 2593 1791 2631 Mum—

258 2656 377 2710 mios]
404 2660 494 2698 libri
518 2660 682 2697 uariant
699 2661 742 2696 ut
765 2669 889 2705 supra
907 2670 950 2705 p.
971 2658 1058 2695 263
1083 2668 1121 2694 u.
1145 2656 1199 2693 18
1288 2656 1341 2692 14
1367 2656 1427 2691 uti
1446 2656 1652 2704 rogassent
1669 2654 1788 2700 pleri-

258 2731 330 2767 que
355 2720 445 2756 libri
463 2730 534 2756 rec.
568 2718 628 2755 uti
653 2719 832 2767 rogasset
858 2717 913 2754 ecl.
935 2717 999 2754 alt.
1019 2716 1184 2754 Froben.
1212 2717 1246 2752 et
1270 2714 1359 2760 aliq.
1380 2714 1463 2750 libr.
1485 2725 1555 2751 rec.
1588 2714 1648 2750 uti
1672 2723 1790 2762 rogas

257 2779 440 2826 Siyonius
534 2779 586 2816 15
614 2776 777 2814 Petillia
804 2777 859 2813 ccl.
879 2776 1046 2814 Froben.
1078 2773 1212 2812 Petilii
1237 2773 1299 2810 uel
1323 2773 1579 2822 pecuniarum
1604 2772 1693 2809 libri
1719 2782 1791 2808 ree.

351 2838 403 2874 27
426 2837 537 2874 Furii
551 2836 761 2874 Aculeonis
785 2835 966 2874 Gelenius
991 2833 1086 2872 furii
1106 2833 1294 2872 Culleonis
1315 2833 1420 2879 Illoy.
1447 2831 1604 2869 furiacii
1623 2831 1745 2868 leonis
1767 2841 1792 2873 ς

1802 893 1839 918 10¹

1804 1217 1840 1243 15

1804 1543 1840 1568 20
