2002 3342
324 201 420 230 an
887 185 1289 221 PROLEGOMENON

325 310 461 336 corum
489 298 666 336 mutauit.
718 298 874 347 saepius
907 302 1037 335 tamen
1070 296 1322 335 ostentandae
1350 297 1583 336 eruditionis
1611 309 1704 336 suae
1737 310 1853 336 causa

324 368 454 401 cetera
487 375 744 414 quaecunque
787 363 944 400 nomina
983 374 1099 413 quam
1136 361 1391 400 celeberrima
1424 367 1593 413 poterat,
1632 363 1671 400 in
1708 364 1852 401 scrinia

324 440 392 466 sua
421 427 681 466 conuerrebat
707 432 745 466 et
770 427 937 466 notanda
959 432 1074 478 atque
1095 426 1390 478 interpretanda
1411 428 1495 465 sine
1518 427 1745 466 discrimine
1766 429 1850 466 siue

324 504 370 530 ex
398 493 556 543 scriptis
584 504 719 530 eorum
747 493 831 530 siue
859 504 904 530 ex
932 493 1215 543 grammaticis,
1252 494 1318 543 qui
1352 504 1396 530 eo
1428 504 1592 531 munere
1625 493 1701 531 iam
1728 492 1852 531 suncti

324 563 447 608 erant,
476 569 711 595 coaceruare
739 556 898 607 solebat,
925 556 1123 595 interdum
1151 558 1215 608 ita,
1241 562 1285 596 ut
1312 557 1357 595 de
1380 556 1613 608 quibusdam
1634 557 1730 596 locis
1754 559 1852 596 anti-

323 623 505 672 quiorum
534 623 771 672 scriptorum
799 622 901 673 apud
929 624 1170 661 recentiores
1198 624 1365 673 repertis
1393 622 1440 660 ad
1461 622 1547 660 illos
1569 622 1716 661 rediret
1736 628 1852 673 atque

321 698 416 725 uera
443 688 593 725 ratione
621 686 827 725 obscurata
855 687 1132 725 secundarium
1161 688 1271 738 quasi
1295 699 1441 725 nouum
1463 692 1662 725 auctorem
1683 700 1852 726 comme-

322 757 494 790 moraret
520 749 616 805 (uid.
638 751 747 790 llosii
768 752 887 802 praes.
910 752 956 790 ad
978 752 1072 790 Gell.
1093 752 1174 790 XVI
1191 748 1306 806 sqq).
1351 753 1404 790 ita
1426 752 1733 802 fragmentorum
1754 752 1851 791 fides

322 829 342 854 a
364 816 536 856 sontibus
558 817 672 855 Gellii
697 816 854 867 pendet,
882 829 998 868 quen]
1026 819 1154 868 ipsum
1180 818 1221 855 in
1243 816 1444 855 tradendis
1464 816 1598 855 uerbis
1627 816 1853 867 diligentem

322 881 444 920 fuisse
480 882 614 921 multis
651 881 857 933 exemplis,
896 883 1064 920 maxime
1100 884 1157 920 eis
1197 881 1505 932 demonstratur,
1545 894 1643 933 quae
1684 895 1728 920 ex
1768 884 1853 933 ipso

322 946 505 985 Sallustio
534 948 741 998 excerpsit,
769 946 849 985 solo
877 947 1063 985 historico
1085 947 1221 985 Latino
1249 959 1397 997 eorum,
1424 948 1491 997 qui
1513 948 1629 985 etiam
1656 959 1761 986 nunc
1789 960 1852 986 ex-

322 1017 436 1050 stant.
449 1008 480 1065 ¹)
531 1025 621 1050 nam
648 1025 694 1050 ex
720 1011 823 1050 bello
851 1011 1039 1050 Catilinae
1066 1017 1146 1050 tres
1173 1012 1406 1063 paragraphi
1433 1013 1536 1050 intra
1564 1025 1595 1050 c.
1617 1009 1774 1063 3-11,
1806 1025 1852 1051 ex

321 1076 507 1127 Iugurtha
536 1077 633 1115 duae
660 1074 779 1130 (intra
809 1090 839 1115 c.
863 1073 1055 1130 ’ΖΟ-86)
1079 1078 1256 1127 integrae
1278 1077 1380 1128 apud
1407 1090 1496 1115 eum
1518 1077 1713 1128 leguntur,
1740 1089 1853 1128 prae-

321 1146 428 1180 terea
457 1141 502 1180 de
530 1142 696 1192 singulis
722 1141 858 1180 uerbis
887 1141 1118 1193 disputauit,
1155 1142 1223 1181 ubi
1256 1141 1477 1193 periculum
1512 1142 1759 1193 corruptelae
1785 1143 1853 1181 uix

320 1207 540 1245 timendum
562 1212 656 1245 erat.
696 1208 735 1245 in
756 1208 988 1245 uniuersum
1010 1212 1139 1246 tamen
1161 1220 1232 1258 pro
1255 1206 1371 1245 dubia
1392 1208 1701 1246 intercessorum
1723 1212 1853 1246 aucto-

322 1273 436 1310 ritate
464 1271 649 1323 sponderi
676 1284 753 1310 non
779 1277 919 1322 potest.

411 1336 486 1375 Sed
524 1336 672 1375 Gellius
708 1336 881 1375 medium
921 1336 1050 1375 locum
1085 1338 1190 1375 inter
1224 1336 1288 1375 illa
1326 1336 1400 1375 duo
1436 1349 1579 1387 genera
1616 1338 1853 1388 scriptorum

321 1401 483 1440 obtinet.
522 1414 612 1440 nam
639 1407 796 1453 praeter
820 1401 943 1440 uerba
964 1403 1080 1440 etiam
1103 1414 1166 1440 res
1188 1404 1342 1441 curauit
1362 1415 1484 1453 eaque
1506 1402 1662 1453 oblique
1682 1404 1851 1442 iterauit.

321 1479 426 1505 nunc
452 1473 496 1505 ut
522 1467 569 1505 ad
590 1468 701 1518 prius
729 1468 1036 1517 fragmentorum
1059 1479 1182 1518 genus
1204 1480 1274 1506 nos
1299 1473 1587 1519 conuertamus‚
1614 1472 1703 1506 ante
1724 1469 1854 1507 omnia

321 1532 394 1570 hoc
421 1531 635 1571 tenendum
663 1538 722 1571 est
748 1533 950 1571 minimam
978 1545 1114 1571 eorum
1142 1533 1316 1583 ipsorum
1338 1538 1490 1584 partem
1512 1545 1558 1571 ex
1577 1532 1656 1572 illis
1683 1535 1853 1572 uetustis

321 1597 522 1636 historicis
550 1603 773 1648 excerptam
802 1609 901 1636 esse.
913 1593 946 1651 ²)
999 1603 1114 1648 atque
1144 1597 1353 1648 Pompeius
1381 1597 1539 1649 quidem
1566 1597 1707 1637 Festus
1727 1598 1855 1637 Verrii

321 1662 450 1701 Flacci
478 1662 746 1713 exemplorum
773 1663 931 1713 horrea,
971 1675 1069 1713 quae
1102 1663 1167 1701 hic
1198 1663 1279 1701 illic
1311 1663 1393 1701 suis
1427 1662 1702 1702 additamentis
1735 1665 1854 1714 auxit,

321 1728 526 1779 expilauit,
559 1727 629 1766 sed
661 1728 829 1779 plurima
862 1740 934 1778 per
967 1728 1063 1766 duas
1096 1733 1229 1766 tresue
1264 1740 1404 1766 manus
1436 1733 1645 1779 propagata
1676 1740 1762 1767 esse
1788 1728 1853 1767 uel

322 1798 473 1831 constat
498 1793 562 1831 uel
588 1793 792 1844 probabile
820 1799 895 1843 est,
931 1795 1161 1844 priusquam
1188 1793 1234 1831 ad
1267 1792 1354 1831 illos
1380 1793 1647 1843 peruenirent.
1699 1793 1852 1832 fistulae

322 1943 483 1985 simulat,
511 1954 572 1977 eos
598 1944 724 1977 tamen
751 1943 900 1977 omnino
927 1954 1000 1977 non
1023 1943 1137 1985 uidit3
1166 1954 1284 1986 neque
1306 1942 1404 1976 enim
1426 1942 1582 1976 dubium
1602 1944 1670 1985 est,
1696 1943 1787 1986 quin
1808 1953 1852 1977 ex

321 1996 432 2031 Plinii
452 1997 615 2030 naturali
634 1997 791 2031 historia
810 2007 936 2031 eorum
956 1996 1137 2030 miracula
1158 1996 1367 2040 sumpserit,
1395 2006 1508 2039 quam
1528 1995 1645 2030 nihilo
1666 1996 1787 2030 minus
1813 1996 1853 2030 in

321 2050 452 2084 eodem
479 2049 602 2094 capite
629 2050 743 2084 etiam
769 2050 884 2084 citare
911 2061 1022 2084 ausus
1049 2052 1115 2084 est.

419 2105 452 2147 1)
479 2104 520 2137 A.
543 2103 764 2137 Nitzschner
789 2103 848 2138 De
868 2104 955 2138 locis
975 2103 1225 2144 Sallusticmis,
1252 2103 1315 2146 qui
1335 2103 1436 2146 apud
1460 2103 1651 2146 scriptores
1676 2106 1709 2137 et
1731 2114 1851 2148 yram-

321 2158 470 2191 matz'cos
494 2161 628 2191 ueteres
659 2158 829 2202 Zeyuntur
855 2156 962 2201 (Diss.
985 2156 1152 2201 Gotting.
1175 2159 1289 2197 1884).

417 2212 451 2254 2)
477 2210 587 2244 Patet
612 2210 712 2244 idem
738 2210 851 2244 etiam
878 2210 923 2243 de
951 2210 1103 2244 alterius
1129 2209 1274 2254 generis
1294 2208 1463 2253 reliquiis
1484 2208 1558 2242 dici
1578 2220 1694 2253 posse.
1734 2208 1853 2243 multa

321 2263 420 2297 enim
446 2263 485 2296 in
512 2263 753 2297 adnotatione
778 2265 906 2298 nostra
929 2263 1099 2308 exempla
1119 2263 1325 2305 attulimus,
1353 2273 1396 2296 ex
1417 2261 1550 2306 quibus
1572 2265 1752 2306 appareat
1778 2273 1852 2296 non

322 2327 404 2351 raro
438 2316 635 2360 scriptores
667 2318 781 2351 testes
815 2317 861 2350 ab
896 2316 980 2351 aliis
1014 2316 1203 2351 adhibitos
1228 2318 1421 2360 tamquam
1447 2326 1469 2349 a
1496 2326 1533 2350 se
1559 2315 1746 2360 inspectos
1772 2314 1852 2349 lau-

323 2370 441 2405 dasse.
481 2381 708 2413 quamquam
736 2370 835 2414 quod
862 2382 973 2414 supra
1000 2370 1045 2404 de
1070 2370 1192 2414 priore
1218 2380 1352 2414 genere
1373 2369 1460 2411 dixi,
1487 2369 1547 2403 hic
1572 2380 1646 2403 non
1671 2370 1750 2402 tarn
1776 2367 1852 2403 late

321 2423 490 2468 pertinet.
542 2423 619 2457 noli
646 2425 771 2457 tamen
798 2434 841 2457 ex
867 2434 911 2457 ea
936 2435 992 2466 re,
1025 2423 1124 2466 quod
1155 2433 1229 2457 uno
1263 2422 1427 2457 alteroue
1453 2421 1534 2456 loco
1561 2421 1696 2465 aliquis
1723 2423 1853 2456 auctor

321 2476 400 2520 ipse
429 2476 619 2510 adhibitus
647 2487 725 2511 esse
751 2477 935 2519 uideatur,
962 2476 1062 2510 idem
1088 2476 1201 2510 etiam
1229 2476 1275 2510 de
1301 2476 1434 2510 ceteris
1461 2475 1664 2509 adfirmare.
1707 2477 1748 2508 ut
1766 2474 1851 2508 Plu-

321 2529 472 2564 tarchus
493 2541 575 2563 cum
595 2529 633 2563 in
654 2530 734 2564 uita
748 2530 960 2574 Poplicolae
979 2530 1102 2574 ipsum
1116 2529 1306 2564 Valerium
1326 2528 1557 2573 Poplicolam
1576 2529 1723 2562 secutus
1744 2530 1851 2571 esset,

320 2583 360 2617 in
379 2583 445 2617 uit.
468 2583 623 2617 Flamin.
646 2594 673 2617 c.
698 2587 740 2617 18
755 2583 896 2617 Valerii
917 2582 1171 2618 testimonium
1195 2594 1238 2616 ex
1258 2582 1364 2616 Liuio
1391 2584 1460 2627 (39,
1481 2586 1537 2624 43,
1560 2583 1592 2626 1)
1619 2581 1852 2625 deprompsit

320 2636 388 2680 (De
420 2635 587 2670 fontibus
614 2636 798 2670 Plutarch.
827 2648 861 2680 p.
884 2640 914 2670 4.
937 2639 1006 2681 82).
1060 2635 1239 2670 Similiter
1271 2635 1412 2670 Gellius
1443 2635 1482 2669 in
1514 2635 1682 2669 noctibus
1715 2634 1850 2669 Atticis

321 2689 422 2723 Ateii
444 2688 634 2732 Capitonis
664 2689 984 2724 coniectaneorum
1012 2689 1126 2723 libros
1156 2689 1251 2723 solos
1279 2688 1362 2722 VIII
1388 2690 1425 2722 et
1451 2688 1501 2722 IX
1526 2689 1612 2722 ante
1639 2698 1677 2722 se
1705 2687 1851 2730 habuit,

322 2754 404 2776 cum
432 2753 526 2786 quae
554 2753 598 2776 ex
625 2742 708 2776 aliis
734 2742 839 2776 libris
865 2742 1061 2786 insereret,
1088 2743 1154 2776 aut
1180 2742 1337 2776 aliorum
1364 2741 1580 2786 diligentiae
1607 2741 1760 2775 deberet
1786 2743 1851 2775 aut

322 2795 504 2840 excerptis
525 2796 599 2829 suis
621 2797 707 2830 ante
728 2796 914 2839 congestis
935 2796 1023 2840 (uid.
1040 2795 1181 2830 Hertzii
1196 2795 1367 2830 Gelliana
1380 2806 1415 2839 p.
1433 2799 1499 2829 204
1512 2796 1617 2839 sqq),
1638 2793 1849 2838 similiaque

321 2848 439 2883 multa
466 2849 566 2893 apud
592 2848 754 2883 Nonium
781 2848 979 2883 obseruata
1005 2851 1100 2883 sunt.
