2002 3342
275 204 479 234 CCvaln
605 190 669 225 DE
697 188 1001 225 SCRIPTORVM
1027 189 1151 224 VITIS
1177 189 1239 223 ET
1266 188 1474 224 SCRIPTIS

275 303 331 339 sic
367 302 496 339 omnia
533 301 749 351 fragmenta
785 313 873 339 cum
909 313 985 338 una
1022 301 1279 351 inscriptione
1318 299 1598 351 comprehendi
1637 301 1800 351 possint,

275 378 352 404 uon
379 365 582 417 partienda
611 370 701 403 sunt
726 366 831 403 inter
858 365 932 404 duo
959 378 1089 416 opera.

364 430 441 468 Sed
468 431 644 481 quaestio
672 435 775 469 mota
803 435 872 481 est,
900 443 994 469 num
1015 429 1119 468 idem
1141 430 1183 475 Q.
1205 430 1382 468 Lutatius
1404 430 1563 468 Catulus
1585 430 1803 469 consularis

274 501 313 534 et
348 495 394 534 de
431 495 549 534 rebus
586 508 605 533 a
642 507 683 534 se
720 496 841 545 gestis
878 501 916 533 et
953 495 999 534 de
1035 495 1302 545 grammaticis
1341 496 1550 546 scripsisse
1588 495 1802 534 uideretur.

274 566 423 599 emerat
449 561 554 599 enim
582 561 842 611 septingentis
868 560 1027 599 milibus
1055 572 1218 599 numum
1245 561 1543 610 grammaticum
1570 560 1804 611 Daphnin,

275 638 390 676 quem
417 625 531 664 breui
558 622 841 677 manumisiff),
869 627 981 664 cuius
1009 625 1185 664 doctrina
1211 627 1269 663 uti
1295 627 1425 676 magni
1459 627 1544 664 eius
1576 626 1803 664 interfuisse

274 703 320 728 ex
340 692 467 741 pretio
489 696 660 741 apparet.
694 692 826 741 itaque
848 703 1082 742 quamquam
1105 690 1147 729 Ο.
1163 690 1257 728 Iahn
1279 688 1447 743 (Proleg.
1465 689 1512 728 ad
1532 690 1638 728 Pers.
1655 689 1805 728 CXLIII

273 767 309 793 n.
331 751 390 808 2),
418 756 481 794 cui
506 756 591 806 ipse
618 757 657 793 in
684 756 713 794 F
716 768 837 806 ragm.
857 752 986 807 hist.2)
1014 755 1204 794 adsensus
1226 766 1345 805 eram,
1372 766 1601 793 communes
1621 755 1805 793 historias

273 834 294 859 a
320 820 463 859 liberto
490 820 644 859 Lutatio
670 821 824 872 Daphni
850 826 889 860 et
915 822 1151 872 compositas
1179 825 1218 858 et
1243 819 1366 858 editas
1388 832 1473 858 esse
1496 821 1674 870 coniecit,
1700 831 1805 858 nunc

273 885 371 924 nihil
398 885 554 924 obstare
582 891 702 936 ratus,
731 888 825 937 quin
854 899 925 924 suo
953 887 1111 924 nomine
1138 886 1200 923 uir
1227 884 1444 923 consularis
1469 891 1681 935 utrumque
1709 896 1806 935 opus

271 950 546 1002 publicauerit‚
572 951 752 1002 Daphnin
775 964 820 990 ex
841 951 981 989 horum
1004 952 1242 1001 scriptorum
1269 951 1370 988 serie
1399 949 1547 988 exclusi
1571 956 1609 988 et
1634 962 1683 987 ne
1710 949 1806 988 illud

274 1015 431 1067 quidem
465 1016 678 1056 Buettnero
713 1016 755 1069 (l.
778 1030 806 1055 s.
828 1029 863 1067 p.
884 1013 963 1055 191
988 1012 1090 1070 sqq.)
1125 1014 1296 1054 concedo
1330 1028 1348 1053 a
1381 1014 1424 1060 Q.
1446 1014 1599 1053 Lutatio
1633 1027 1805 1053 commu-

272 1082 429 1119 nionem
459 1093 612 1132 operae,
634 1083 673 1120 in
700 1094 775 1133 qua
802 1095 821 1120 a
848 1081 990 1120 liberto
1018 1081 1172 1119 adiutus
1200 1086 1315 1131 esset,
1342 1081 1599 1130 inscriptione
1626 1080 1806 1118 historia-

273 1159 360 1185 rum
401 1147 661 1197 significatam
702 1159 799 1186 esse.
861 1147 925 1185 Sic
964 1145 1143 1184 ordinem
1176 1157 1440 1196 numerosque
1477 1146 1521 1183 fr.
1550 1157 1596 1183 ex
1632 1144 1805 1183 editione

275 1213 408 1262 priore
436 1213 608 1251 retinere
637 1214 747 1263 potui
774 1213 947 1263 satisque
980 1210 1099 1249 habui
1126 1211 1170 1249 fr.
1195 1208 1249 1249 10
1277 1210 1460 1249 cancellis
1487 1206 1745 1263 inclusisse.3)

364 1276 463 1315 Vsus
497 1279 764 1316 communium
792 1277 1047 1315 historiarum
1075 1288 1116 1314 se
1149 1277 1252 1314 intra
1278 1275 1477 1326 Verrium,
1512 1276 1578 1326 qui
1610 1276 1726 1313 etiam
1759 1274 1805 1313 ad

273 1341 362 1379 idus
391 1341 542 1379 Ianuar.
570 1343 609 1379 in
638 1341 747 1379 fastis
774 1341 1042 1380 Praenestinis
1071 1336 1246 1394 (02312
1265 1336 1460 1391 Momms.)
1489 1340 1683 1378 Lutatium
1713 1341 1804 1378 cita-

273 1412 386 1445 uerat
420 1402 589 1459 (restant
620 1405 722 1445 solae
749 1406 903 1445 litterae
931 1402 1096 1460 LVTA),
1130 1412 1168 1444 et
1194 1402 1451 1459 Varronem4)
1480 1406 1721 1444 continuisse
1747 1406 1806 1443 ui-

374 1569 406 1611 1)
434 1568 533 1603 Suet.
556 1568 600 1602 de
627 1579 743 1613 gram.
766 1572 785 1602 3
812 1581 846 1612 p.
871 1571 936 1602 103
963 1567 1021 1601 Rf.
1048 1567 1192 1601 Plinius
1226 1570 1273 1611 (n.
1294 1567 1329 1601 h.
1353 1570 1384 1610 7,
1409 1567 1488 1606 128)
1519 1569 1642 1601 tamen
1675 1566 1806 1600 emisse

272 1632 355 1655 eum
390 1620 519 1655 eodem
551 1622 672 1665 pretio
706 1622 752 1656 ab
786 1622 899 1656 Accio
930 1621 1144 1655 Pisaurensi
1171 1620 1372 1655 Aemilium
1400 1620 1575 1654 Scaurum
1601 1619 1806 1664 principem

271 1675 421 1708 senatus
456 1675 637 1718 prodidit:
673 1675 744 1709 nisi
778 1674 904 1709 subest
936 1686 1046 1716 error,
1078 1676 1209 1719 postea
1241 1674 1303 1708 hic
1330 1684 1414 1707 eum
1447 1673 1619 1707 uendidit-
1645 1673 1804 1707 Lutatio.

271 1727 348 1761 uid.
376 1727 568 1761 Detlefsen
604 1728 641 1761 in
674 1740 767 1762 mus.
789 1728 858 1762 Rh.
886 1728 1003 1761 XVIII
1029 1739 1053 1772 p
1088 1731 1154 1761 236
1177 1739 1268 1771 sqq„
1305 1727 1369 1770 qui
1401 1729 1498 1761 recte
1533 1737 1555 1760 a¹
1580 1729 1687 1770 patre
1723 1737 1807 1760 eum

272 1783 436 1826 emptum
463 1791 542 1815 esse
568 1782 689 1816 uideri
717 1781 899 1826 exposuit.

369 1835 403 1878 2)
427 1847 460 1878 p.
485 1838 681 1868 125—127.
711 1835 755 1869 cf.
778 1834 957 1868 Fleckeis.
984 1845 1067 1868 ann.
1091 1833 1150 1868 CV
1177 1846 1210 1877 p.
1235 1836 1302 1866 750
1329 1844 1382 1876 sq.

369 1889 403 1931 3>
430 1887 499 1922 Pro
529 1889 671 1923 Catullo
698 1888 772 1922 iam
800 1887 967 1932 Scaliger
992 1886 1408 1927 Pacum‘umxrestituit3
1443 1886 1600 1919 eundem
1629 1885 1725 1918 enim
1752 1884 1806 1919 lo-

272 1952 356 1975 cum
382 1941 499 1975 Varro
527 1941 572 1976 de
598 1953 637 1976 re
662 1943 751 1976 rust.
776 1946 806 1983 1,
829 1946 860 1984 2,
882 1946 901 1974 ὁ
929 1940 1074 1983 citauit,
1100 1940 1164 1975 ubi
1191 1939 1258 1973 sub
1287 1940 1416 1984 pacali
1441 1938 1588 1973 nomine
1616 1939 1808 1973 Pacuuius

274 1995 368 2030 latet
390 1994 447 2039 (cf.
468 1994 512 2028 Η.
529 1994 612 2029 Keil
638 1995 676 2029 in
699 1996 894 2030 comment.
916 2007 951 2039 p.
976 1997 1017 2028 10
1045 1997 1083 2029 et
1109 1993 1277 2028 Ribbeck
1299 1993 1443 2036 Fragm.
1466 1991 1580 2036 trag.2
1606 2004 1640 2036 p.
1656 2004 1806 2025 xxxvm.

274 2049 343 2092 78).
372 2047 510 2082 frustra
537 2048 724 2082 Baehrens
751 2048 789 2081 in
817 2047 1037 2083 Catullianis
1064 2048 1079 2081 1
1104 2059 1139 2091 p.
1163 2050 1230 2081 114
1259 2044 1443 2080 Catullum
1473 2045 1651 2079 defendit.

367 2102 401 2143 4)
428 2101 545 2135 Varro
571 2101 635 2135 ubi
664 2101 708 2136 de
734 2101 819 2135 lacu
847 2100 972 2136 Curtio
1004 2111 1115 2146 agere
1148 2100 1284 2144 coepit,
1312 2103 1344 2142 5,
1367 2102 1444 2143 148,
1479 2099 1569 2132 haec
1595 2098 1805 2143 praemisit:

271 2155 319 2188 In¹
345 2154 424 2196 foro
451 2155 570 2189 lacum
599 2155 763 2190 Curtium
792 2167 815 2189 a
837 2155 963 2190 Curtio
990 2155 1127 2189 dictum
1146 2158 1297 2194 constat,
1318 2159 1349 2188 ct
1369 2154 1412 2188 (lc
1431 2164 1469 2187 co
1489 2153 1619 2196 triceps
1637 2152 1805 2187 historia:

271 2219 359 2241 nam
390 2212 422 2241 ct
454 2209 640 2243 Procilius
671 2219 745 2243 non
777 2209 871 2242 ide-m
895 2208 1061 2252 prodidit
1093 2207 1188 2251 quod
1214 2207 1319 2249 Piso,
1354 2218 1415 2241 nec
1440 2207 1535 2251 quod
1562 2207 1593 2240 is
1621 2205 1808 2240 Cornelius

273 2260 363 2295 Stilo
389 2266 540 2303 secutus,
567 2263 645 2295 tum
674 2261 839 2306 singulas
860 2261 1064 2296 sententias
1085 2259 1332 2305 persequitur,
1358 2259 1518 2304 primum
1539 2257 1700 2300 Procilii,
1727 2259 1807 2291 tum

276 2313 430 2357 Pisonis,
458 2315 618 2358 denique
646 2314 806 2349 Cornelii
834 2316 871 2348 et
896 2314 1047 2356 Lutatii,
1075 2314 1138 2358 qui
1159 2314 1310 2357 quidem
1330 2313 1426 2347 idem
1448 2311 1692 2357 prodiderint.
1720 2311 1807 2345 hinc

273 2368 428 2411 apparet
453 2367 491 2401 in
512 2379 602 2402 uoce
623 2367 691 2401 illa
711 2373 860 2409 secutus,
889 2379 1000 2411 quam
1021 2369 1232 2411 corruptam
1253 2377 1332 2400 esse
1351 2377 1458 2400 nemo
1479 2365 1643 2410 negabit,
1665 2363 1807 2398 Lutatii

271 2431 406 2454 nomen
433 2420 557 2455 latere.
587 2421 651 2455 sed
678 2422 793 2456 etiam
819 2422 998 2456 cornelius
1022 2422 1104 2456 stilo
1131 2420 1390 2454 emendatione
1417 2421 1513 2464 eget,
1544 2429 1610 2462 pro
1637 2429 1709 2461 quo
1736 2417 1806 2451 etsi

271 2473 346 2507 iam
375 2473 583 2517 antiquitus
610 2476 740 2510 Aelius
765 2475 988 2509 substitutus
1016 2476 1082 2516 est,
1108 2474 1146 2509 L.
1167 2473 1294 2508 Aelius
1320 2472 1384 2507 ille
1411 2471 1504 2506 Stilo
1531 2482 1552 2504 a
1578 2471 1741 2515 Varrone
1767 2471 1806 2504 in

273 2526 332 2560 his
364 2527 409 2561 de
435 2527 457 2561 1.
480 2527 544 2561 lat.
572 2527 677 2562 libris
703 2538 887 2571 nusquam
914 2528 1134 2573 cognomine
1161 2527 1289 2561 addito
1316 2526 1380 2560 sed
1413 2536 1557 2569 semper
1589 2524 1808 2569 simpliciter

272 2580 401 2614 Aelius
426 2581 639 2615 nominatus
667 2583 724 2615 est
750 2583 797 2625 (5,
819 2585 879 2623 183
908 2586 970 2624 213
997 2585 1059 2621 ‘253
1088 2584 1148 2622 663
1178 2584 1256 2614 101.
1285 2584 1317 2622 6,
1346 2583 1382 2621 7;
1410 2580 1479 2622 59).
1510 2578 1621 2621 unde,
1646 2578 1719 2612 nisi
1745 2577 1806 2611 hic

274 2632 376 2667 locus
403 2633 638 2678 grauioribus
665 2634 809 2668 mendis
837 2635 1062 2678 deprauatus
1090 2635 1157 2676 est,
1184 2635 1248 2667 aut
1275 2632 1327 2666 sic
1354 2643 1437 2666 eum
1464 2631 1701 2666 scribendum
1727 2641 1806 2665 esse

275 2686 435 2721 conicio:
468 2698 532 2721 nec
557 2688 653 2731 quod
678 2689 720 2731 is,
746 2688 905 2722 Aelius
930 2692 962 2723 et
986 2687 1222 2729 Lutatius,
1254 2688 1320 2720 aut
1345 2686 1413 2720 sic:
1441 2696 1504 2720 nec
1529 2685 1625 2730 quod
1650 2685 1693 2728 is,
1721 2684 1806 2719 Cor-

272 2740 391 2774 nelius
425 2744 457 2774 ct
491 2740 720 2775 Lutatius.
758 2740 870 2775 Goetz
906 2743 943 2775 et
978 2739 1125 2775 Schoell
1160 2751 1194 2784 p.
1224 2743 1291 2773 258
1327 2739 1404 2784 (ubi
1440 2738 1535 2773 aliae
1571 2738 1806 2772 coniecturae

274 2792 395 2826 minus
422 2792 635 2836 probabiles
663 2795 840 2830 collectae
867 2795 966 2838 sunt)
992 2793 1249 2838 praetulerunt
1283 2792 1471 2827 Cornelius
1497 2791 1728 2838 Stilo<nem>
1754 2802 1805 2825 sc·

273 2850 393 2888 cutus3
432 2846 511 2890 ipse
550 2849 674 2882 tamen
714 2848 748 2881 h.
777 2847 799 2881 1.
828 2847 1020 2882 Lutatium
1060 2857 1170 2891 aegre
1203 2845 1384 2888 desidero,
1422 2844 1486 2889 qui
1522 2844 1666 2878 duabus
1697 2853 1806 2887 para-

1978 3264 1981 3303 ἒ
