2002 3342
292 169 406 198 xvm
858 155 1257 191 PROLEGOMENON

292 265 450 303 indiciis
485 265 661 304 destituti
695 268 835 317 simus,
869 279 913 305 ex
942 266 1016 305 fide
1043 269 1256 306 memoriae
1284 269 1508 306 coniectura
1535 268 1722 319 capienda
1752 275 1824 307 est.

292 343 381 368 nam
409 332 679 369 auctoritatem
708 343 840 370 rerum
868 344 912 370 eo
940 333 1024 382 ipso
1051 337 1246 383 tempore,
1280 345 1355 383 quo
1382 346 1469 371 cum
1501 339 1735 383 gererentur
1761 333 1824 372 lit·

292 397 387 433 teris
414 397 753 447 consignarentur,
780 401 931 435 auctam
960 409 1046 435 esse
1073 402 1382 435 consentaneum
1410 404 1479 436 est.
1519 400 1626 449 atqui
1646 398 1825 437 Vestales

291 466 378 510 post
405 460 554 499 cladem
575 461 771 499 Aliensem
799 462 928 499 omnia
950 474 1018 500 sua
1039 474 1148 500 sacra
1170 462 1325 500 auferre
1352 464 1528 513 potuisse
1555 463 1740 502 traditum
1763 468 1824 502 est

292 522 394 578 (Liu.
416 524 538 576 5‚40‚
556 524 590 564 7.
618 525 717 564 l'lut.
739 525 841 565 Cam.
864 522 952 580 20),
979 528 1281 565 commentarios
1302 532 1431 566 autem
1458 527 1523 566 uel
1550 527 1670 566 libros
1694 528 1824 578 ponti-

290 591 408 628 ficum
442 590 609 629 flammis
637 591 861 629 combustos
895 604 980 629 esse
1008 591 1144 630 Liuius
1177 592 1290 642 plane
1317 589 1554 645 narrauit¹):
1588 606 1636 631 an
1669 592 1825 631 tabulas

290 655 386 706 illas,
415 657 448 693 si
475 657 551 694 iam
579 661 690 694 antea
720 657 941 707 propositae
965 662 1088 707 erant,
1116 669 1213 707 quae
1236 662 1274 695 et
1294 669 1435 707 graues
1456 669 1575 695 onere
1596 670 1669 696 nec
1690 662 1821 695 tantae

291 733 408 759 curae
436 727 569 759 essent
595 721 847 772 pontificibus
874 727 1041 772 quantae
1069 723 1341 760 commentarii
1373 721 1437 760 uel
1470 721 1578 772 libri,
1611 723 1651 760 in
1678 722 1824 773 quibus

290 798 426 825 omnes
453 787 713 825 caerimoniae
741 787 1049 837 continerentur,
1078 786 1124 825 ab
1152 788 1209 825 eis
1237 788 1349 825 anxie
1376 792 1554 825 seruatos
1575 799 1660 825 esse
1689 788 1822 825 existi-

289 850 444 889 mabis?
481 852 713 902 praesertim
741 864 830 890 cum
857 863 1021 890 munere
1049 864 1118 890 suo
1148 851 1287 890 diurno
1321 852 1475 890 functae
1503 857 1647 891 essent.
1685 853 1821 902 itaque

290 915 426 954 Liuius
460 918 534 954 etsi
560 922 648 967 post
679 916 819 955 urbem
853 922 1123 967 recuperatam
1157 929 1244 955 cum
1277 916 1562 967 aedificaretur,
1596 930 1616 955 a
1649 916 1824 955 tribunis

289 981 525 1020 militaribus
547 981 704 1020 foedera
725 994 769 1019 ac
784 981 889 1031 leges
911 982 1152 1032 conquisitas
1170 993 1255 1020 esse
1271 983 1595 1020 commemorauit
1609 977 1667 1035 (6,
1682 979 1718 1032 1,
1734 977 1824 1035 10),

289 1045 443 1085 illarum
465 1045 685 1085 tabularum
701 1059 895 1097 nusquam
916 1048 1156 1085 mentionem
1178 1047 1281 1097 fecit,
1304 1046 1417 1085 durat
1432 1052 1561 1085 autem
1577 1046 1693 1085 dubia
1709 1052 1747 1085 et
1763 1047 1822 1084 in-

289 1117 394 1150 certa
411 1123 543 1150 rerum
558 1111 821 1149 Romanarum
841 1112 1031 1150 memoria
1052 1112 1168 1150 etiam
1188 1124 1259 1162 per
1274 1113 1557 1162 quinquaginta
1579 1112 1660 1150 fere
1679 1123 1824 1163 annos,

289 1176 475 1214 inferiore
501 1178 624 1226 igitur
650 1175 807 1214 demum
835 1181 972 1227 aetate,
1003 1189 1092 1215 cum
1120 1176 1292 1215 studium
1320 1188 1383 1214 res
1409 1176 1604 1215 Romanas
1631 1175 1822 1215 noscendi

288 1246 499 1291 augeretur
524 1241 769 1292 multumque
797 1242 969 1280 ciuitatis
995 1242 1190 1279 interesse
1211 1242 1417 1292 coepisset,
1443 1247 1497 1291 ut,
1525 1247 1712 1292 quantum
1734 1242 1822 1280 fieri

287 1312 431 1357 posset,
459 1307 594 1345 eadem
617 1306 719 1357 apud
740 1318 876 1344 omnes
903 1306 1003 1344 fama
1022 1306 1184 1357 ualeret,
1211 1306 1285 1344 hoc
1304 1306 1557 1357 pontificibus
1579 1319 1665 1346 esse
1687 1306 1821 1345 datum

287 1373 489 1422 negotium
515 1371 685 1422 uidetur,
711 1376 754 1409 ut
775 1383 977 1409 rumorum
998 1372 1189 1410 uarietate
1211 1376 1358 1410 remota
1379 1384 1498 1410 unam
1519 1384 1652 1410 rerum
1673 1383 1821 1410 memo·

288 1438 385 1475 riam
417 1442 689 1488 propagarent.
728 1436 769 1474 hi
796 1438 901 1474 enim
927 1441 1084 1487 praeter
1110 1441 1263 1475 ceteros
1291 1436 1516 1475 sacerdotes
1543 1436 1591 1475 ad
1616 1435 1655 1474 id
1688 1435 1822 1474 idonei

288 1506 410 1552 erant,
437 1502 526 1552 quia
552 1513 763 1540 mensurae
784 1507 823 1540 et
847 1513 1104 1540 numerorum
1124 1503 1242 1552 periti
1264 1503 1380 1540 etiam
1406 1501 1669 1552 hemerologia
1690 1500 1819 1552 publi-

288 1566 437 1605 cabant.
470 1565 702 1604 illucescere
724 1571 853 1605 autem
875 1579 964 1605 cum
983 1566 1097 1604 bellis
1119 1566 1344 1605 Samniticis
1365 1568 1512 1605 certior
1532 1579 1666 1605 rerum
1688 1567 1823 1617 cogni—

287 1633 339 1670 tio
366 1631 526 1670 uidetur
552 1644 674 1682 eaque
700 1643 771 1682 per
803 1631 962 1683 longum
989 1632 1178 1682 temporis
1211 1632 1380 1682 spatium
1413 1632 1643 1683 pontificum
1676 1631 1823 1670 tabulis

286 1698 388 1747 nixa,
415 1709 511 1747 quas
539 1698 614 1734 iam
643 1696 790 1747 aliquot
816 1698 929 1735 annis
951 1702 1039 1735 ante
1066 1697 1267 1735 institutas
1289 1709 1376 1735 esse
1397 1696 1597 1747 probabile
1619 1702 1689 1735 est.
1727 1708 1818 1735 nam

287 1761 390 1813 quod
406 1774 469 1800 res
484 1773 534 1800 ne
549 1773 568 1799 a
585 1761 811 1800 consulibus
827 1761 985 1812 quidem
1007 1774 1037 1800 a.
1054 1759 1151 1800 298.
1166 1759 1253 1800 456
1269 1766 1402 1812 gestae
1416 1761 1573 1812 publica
1588 1762 1822 1800 auctoritate

287 1827 435 1866 diuisae
458 1831 561 1876 sunt,
583 1838 627 1864 eo
649 1826 794 1865 factum
816 1831 887 1877 est,
903 1826 1006 1877 quod
1027 1827 1067 1864 in
1083 1826 1225 1865 tabulis
1246 1828 1503 1877 praescriptis
1517 1828 1819 1877 magistratuum

285 1891 523 1942 nominibus,
551 1891 693 1942 quibus
714 1904 839 1930 annus
868 1892 1169 1942 significaretur,
1197 1891 1402 1930 consulum
1423 1893 1581 1930 nomina
1601 1903 1680 1930 non
1700 1893 1820 1930 itera-

286 1957 430 1996 bantur
456 1952 522 2010 (cf.
545 1956 702 1995 Catonis
729 1969 785 1995 or.
808 1957 853 1995 fr.
875 1953 964 2011 88),
992 1956 1060 1995 sed
1087 1968 1150 1995 res
1178 1962 1328 1995 tantum
1355 1957 1469 1995 modo
1495 1962 1627 2008 gestae
1654 1958 1693 1995 in
1721 1957 1821 1995 ciui-

286 2024 376 2061 tatis
404 2023 666 2073 cognitionem
693 2021 1011 2074 proferebantur,
1038 2027 1174 2073 postea
1200 2022 1320 2072 igitur
1346 2023 1386 2060 in
1413 2021 1620 2060 annalibus
1640 2021 1818 2060 eiusdem

287 2089 378 2126 anni
406 2088 561 2126 nomina
590 2086 702 2125 facile
729 2088 874 2125 mutari
900 2092 1133 2138 potuerunt,
1164 2092 1208 2125 ut
1234 2092 1338 2125 tanta
1371 2088 1645 2125 intercesserit
1670 2086 1820 2125 discre-

285 2154 418 2204 pantia
451 2151 497 2190 de
519 2151 638 2190 rebus
665 2151 842 2190 eiusdem
870 2153 961 2190 anni
982 2151 1199 2203 consulum,
1225 2151 1334 2190 uelut
1355 2153 1459 2190 inter
1479 2151 1519 2190 L.
1542 2151 1713 2191 Cornelii
1735 2151 1817 2190 Sci-

287 2219 414 2269 pionis
429 2217 587 2256 Barbati
608 2216 777 2268 elogium
796 2218 984 2255 marmori
1005 2218 1174 2255 incisum
1196 2222 1234 2255 et
1249 2217 1416 2267 Liuium,
1438 2218 1503 2268 qui
1523 2229 1626 2255 unus
1648 2217 1733 2256 eius
1756 2229 1821 2255 res

286 2284 462 2321 narrauit
489 2278 587 2335 (uid.
608 2282 709 2320 infra
736 2295 771 2333 p.
787 2291 884 2320 XLII
897 2278 986 2336 sq).
1031 2283 1148 2321 etiam
1174 2281 1369 2333 prodigia,
1396 2294 1564 2334 quorum
1592 2283 1820 2333 procuratio

286 2360 408 2400 penes
441 2348 646 2399 pontifices
680 2343 824 2401 erat2),
858 2349 1042 2398 quoniam
1076 2359 1119 2386 ea
1147 2353 1235 2386 ante
1262 2360 1293 2386 a.
1315 2345 1413 2386 249.
1434 2345 1520 2387 505
1552 2346 1709 2398 publice
1738 2359 1818 2386 non

384 2494 415 2536 1)
436 2492 537 2526 Haec
556 2491 817 2536 plerorumque
836 2503 870 2525 u.
893 2491 928 2525 d.
949 2491 1134 2526 sententia
1155 2492 1221 2533 est,
1242 2490 1438 2525 Niebuhrii
1457 2491 1502 2526 Η.
1523 2490 1565 2525 R.
1586 2491 1601 2524 I
1620 2502 1654 2535 p.
1670 2493 1737 2524 257
1751 2502 1819 2534 sq„

286 2545 441 2580 Beckeri
461 2545 586 2589 Antiq.
601 2545 618 2579 I
634 2550 664 2588 7,
692 2544 917 2590 Schwegleri
937 2544 981 2579 H.
998 2544 1040 2579 R.
1054 2545 1071 2579 I
1086 2556 1120 2589 p.
1137 2548 1181 2578 38
1197 2555 1276 2588 sqq.
1302 2544 1336 2578 Π
1354 2547 1385 2578 3.
1411 2543 1461 2578 ΙΠ
1473 2547 1541 2578 270
1556 2555 1634 2587 sqq.
1660 2544 1816 2577 Momm-

287 2610 350 2633 sen
376 2598 421 2633 Η.
443 2598 484 2632 R.
507 2598 522 2632 I
547 2610 582 2642 p.
600 2601 678 2632 462.
712 2597 798 2632 Pais
825 2597 869 2632 H.
891 2598 933 2633 R.
955 2598 970 2632 I
992 2602 1008 2632 1
1037 2610 1072 2641 p.
1090 2601 1145 2632 33.
1186 2599 1349 2632 ceterum
1376 2597 1490 2631 etiam
1515 2598 1646 2641 postea
1664 2596 1816 2640 pontifi-

287 2664 370 2687 cum
395 2651 548 2686 tabulae
574 2651 612 2685 in
633 2662 774 2686 summo
795 2651 961 2696 periculo
987 2650 1149 2686 fuerunt.
1175 2650 1382 2685 identidem
1402 2650 1502 2684 enim
1520 2649 1625 2694 regia
1642 2649 1818 2685 incendio

285 2705 468 2750 flagrauit.
507 2704 583 2739 uid.
606 2715 718 2749 supra
744 2716 778 2748 p.
794 2717 866 2738 x1v.

381 2761 415 2803 2)
441 2758 661 2802 Marquardt
679 2757 906 2793 staatsverw.
927 2756 994 2791 1112
1013 2769 1047 2801 p.
1065 2760 1132 2791 259
1147 2768 1226 2801 sqq.
1267 2756 1311 2791 cf.
1333 2756 1515 2791 Wissowa
1536 2756 1652 2801 Reziy.
1673 2756 1706 2790 d.
1722 2756 1817 2791 Roe-

286 2812 375 2847 mer²
400 2823 435 2856 p.
451 2815 518 2846 390
534 2822 612 2855 sqq.
