2002 3342
381 180 422 215 II.
452 179 513 214 DE
540 179 853 215 LITTERARVM
880 178 1210 214 MONVMENTIS
1237 180 1459 214 PRIVATIS
1609 195 1687 224 XLI

156 305 233 332 non
273 299 359 330 ante
400 291 545 330 Sullam
585 286 821 344 (Mommsen
861 291 909 328 R.
939 291 982 330 F.
1014 290 1026 328 Ι
1060 303 1095 341 p.
1116 288 1173 328 46
1196 286 1362 344 sqq.)¹),
1402 290 1447 329 ab
1489 291 1687 330 historicis

157 364 286 397 autem
310 362 468 408 praeter
488 357 714 394 notissimos
734 356 842 393 uiros
864 367 941 393 non
964 361 1052 394 ante
1074 355 1269 393 Licinium
1291 352 1521 408 Macrum&
1556 358 1686 407 itaque

157 423 339 474 quoniam
368 421 532 460 Romani
557 422 597 459 in
624 422 704 459 uita
732 419 888 471 publica
917 420 1242 471 documentisque
1269 420 1438 471 publicis
1461 420 1687 459 discrimina

157 488 337 538 stirpium
360 500 436 525 non
461 486 661 536 curabant,
683 485 872 524 curabant
893 491 1030 535 gentes
1052 487 1091 523 in
1114 487 1208 535 suis,
1235 485 1348 524 facile
1369 486 1471 523 intra
1494 485 1688 524 cancellos

156 552 333 603 publicos
369 565 389 590 a
424 551 635 602 gentilibus
672 552 903 601 cognomina
930 551 1073 589 mutari
1100 550 1163 589 uel
1191 552 1285 601 fingi
1314 547 1558 604 poterantss'),
1597 551 1689 588 hinc

156 623 285 656 autem
312 618 471 655 omnino
498 617 538 654 in
564 616 706 666 uulgus
739 617 943 654 nominum
975 616 1129 654 incuria
1162 627 1356 654 emanare.
1405 627 1504 666 quae
1530 615 1689 666 quidem

156 684 272 721 etiam
300 684 339 720 in
368 682 556 720 fastorum
584 681 831 732 publicorum
866 681 1154 719 confectionem
1187 681 1349 731 inuasit,
1389 694 1481 731 qua,
1521 682 1554 720 si
1587 681 1689 732 apud

156 754 337 786 auctores
365 747 522 798 quidam
550 746 732 785 consules
757 746 912 785 diuersa
940 747 1098 784 nomina
1125 744 1332 795 gerebant,
1359 751 1571 796 utrumque
1599 758 1690 783 con—

157 812 373 863 iungebant
407 809 632 865 (Cichorius
659 825 694 863 p.
717 808 835 866 232).
887 816 1022 850 contra
1062 816 1198 861 gentes
1237 809 1433 848 habebant
1468 823 1538 849 cur
1573 824 1690 862 quam

155 878 383 929 plenissime
411 890 502 916 suos
531 882 731 928 notarent,
771 882 809 915 et
841 878 880 915 in
914 876 1184 927 sarcophagis,
1222 881 1265 914 ut
1292 875 1332 914 L.
1355 876 1581 914 Cornelium
1609 876 1690 914 Sci-

155 945 313 994 pionem
335 942 544 981 Barbatum
572 942 774 981 consulem
802 954 833 980 a.
856 939 952 981 298.
974 939 1060 980 456
1087 940 1202 980 modo
1230 947 1430 980 mortuum
1454 942 1494 979 in
1515 943 1691 992 margine

157 1010 360 1059 superiore
387 1021 464 1047 11110
492 1009 736 1059 cognomine,
763 1008 803 1046 in
825 1008 952 1046 antica
973 1009 1090 1045 etiam
1112 1006 1264 1045 duobus
1285 1003 1344 1059 (in
1365 1008 1509 1045 ceteris
1537 1019 1691 1057 quoque

155 1073 220 1112 uel
246 1086 324 1112 uno
350 1073 415 1112 uel
437 1070 574 1126 binis),
603 1078 641 1112 et
667 1074 707 1111 in
734 1073 897 1111 historia
926 1085 1012 1124 sua3
1040 1084 1169 1122 neque
1197 1072 1301 1110 enim
1329 1084 1422 1110 casu
1450 1072 1593 1110 factum
1622 1077 1691 1123 est,

155 1144 200 1177 ut
226 1138 363 1178 Liuius
389 1134 472 1192 (uel
507 1140 591 1177 eius
625 1135 780 1191 auctor)
812 1137 881 1176 ubi
907 1138 1080 1189 primum
1107 1137 1150 1182 Q.
1173 1136 1335 1175 Fabium
1362 1136 1573 1175 Maximum
1600 1136 1691 1176 Rul-

156 1203 303 1242 lianum
331 1205 370 1243 in
398 1216 579 1242 scaenam
606 1203 786 1242 bellicam
812 1202 1016 1254 produxit,
1055 1203 1172 1241 etiam
1207 1201 1358 1240 duobus
1392 1202 1692 1252 cognominibus

157 1271 359 1308 ornauerit
386 1264 444 1322 (8,
465 1267 533 1320 29,
555 1266 619 1322 9):
652 1268 817 1307 Fabium
842 1267 1040 1307 Pictorem
1074 1272 1233 1306 secutus
1267 1272 1361 1305 erat.
1396 1266 1537 1318 quodsi
1569 1268 1692 1318 scrip-

157 1339 264 1373 tores
291 1334 458 1385 gentiles
486 1347 577 1373 suos
603 1335 656 1372 ita
683 1340 841 1385 praeter
867 1339 1020 1372 ceteros
1048 1332 1349 1383 cognominibus
1376 1333 1567 1382 insignire
1594 1333 1692 1371 sole-

156 1399 262 1450 bant,
289 1399 439 1439 eisdem
466 1399 670 1438 consulum
697 1399 902 1450 gentilium
931 1399 1048 1437 etiam
1074 1399 1232 1436 nomina
1258 1399 1299 1436 in
1327 1399 1552 1436 narratione
1573 1399 1694 1436 inter-

159 1477 304 1516 ponere
332 1478 497 1516 pronum
528 1470 621 1503 erat.

247 1536 423 1587 Denique
445 1536 540 1575 illud
560 1536 738 1574 breuiter
752 1547 904 1586 moneo,
925 1535 1132 1574 consulum
1153 1535 1312 1573 nomina
1333 1533 1591 1585 ordinemque
1612 1547 1693 1572 om-

157 1603 250 1640 nino
284 1607 372 1640 ante
406 1602 637 1652 pontificum
669 1600 891 1639 tabularum
925 1600 1202 1651 annaliumque
1237 1600 1347 1638 initia
1382 1599 1554 1637 nondum
1588 1600 1695 1638 omni

158 1679 204 1705 ex
231 1673 341 1718 parte
368 1667 490 1705 fuisse
517 1668 745 1717 constituta,
774 1671 818 1704 ut
844 1665 981 1704 Liuius
1009 1662 1067 1719 (2,
1088 1663 1157 1716 21,
1179 1662 1224 1718 2)
1253 1677 1321 1716 spe
1350 1666 1599 1716 superiorum
1628 1677 1693 1702 an-

157 1744 300 1770 norum
333 1744 397 1770 res
433 1731 642 1770 ordinandi
674 1731 825 1770 abiecta
859 1731 905 1769 de
933 1743 1034 1769 anno
1067 1742 1219 1781 pugnae
1246 1729 1484 1780 Regillensis
1518 1730 1693 1768 incertus

159 1796 365 1836 exclamet:
403 1798 491 1836 Hoc
524 1799 679 1836 demam
707 1808 814 1836 anno
842 1799 898 1835 ad
928 1797 1130 1845 Reyillum
1162 1798 1296 1835 lacum
1319 1800 1552 1845 puqnatum
1584 1797 1697 1845 apud

159 1865 352 1911 quosdam
379 1866 562 1902 inuenio:
594 1865 640 1901 A.
662 1863 925 1910 Postumium,
952 1864 1050 1910 quia
1076 1863 1233 1910 colleqa
1260 1862 1409 1900 dubiae
1430 1862 1531 1908 fidei
1551 1860 1694 1910 fuerit,

157 1940 201 1967 se
228 1931 439 1967 consulatu
467 1930 692 1976 abdicasse,
720 1929 960 1966 dictatorem
988 1928 1082 1965 inde
1104 1926 1272 1976 facium.
1315 1928 1420 1965 tanti
1439 1937 1604 1964 errores
1623 1928 1693 1964 im-

151 1995 313 2043 plicant
340 1998 559 2043 temporum
587 1995 708 2032 aliter
734 1994 847 2042 apud
867 1995 968 2031 alios
988 1994 1191 2031 ordinatis
1210 1993 1531 2040 mayiscralibus,
1558 1996 1601 2029 ut
1621 2002 1696 2029 nec

159 2061 230 2107 qui
256 2061 438 2098 consules
463 2060 683 2098 secunaum
710 2069 903 2107 quosnam
930 2069 1006 2096 nec
1032 2059 1132 2106 quid
1162 2068 1318 2106 quoque
1345 2068 1451 2095 anno
1473 2061 1607 2095 actum
1632 2058 1694 2103 sit,

258 2246 290 2288 1)
319 2243 420 2286 Quae
446 2244 547 2278 ultra
573 2254 657 2278 eum
689 2243 776 2277 hinc
802 2242 955 2277 Nitzsch
982 2255 1017 2287 p.
1040 2246 1082 2276 26
1100 2254 1177 2286 sqq.
1206 2241 1371 2276 effecisse
1399 2241 1471 2275 sibi
1499 2240 1601 2275 uisus
1629 2242 1695 2283 est,

161 2297 201 2333 E.
222 2297 481 2342 Heydenreich
507 2298 651 2332 Fabius
676 2298 802 2332 Pictor
827 2309 863 2331 u.
886 2297 1018 2331 Livius
1045 2297 1165 2340 (1878)
1191 2308 1226 2340 p.
1250 2300 1291 2330 13
1308 2307 1386 2339 sqq.
1413 2294 1617 2339 redarguit.

257 2360 291 2401 2)
320 2356 509 2392 Cichorius
531 2357 588 2392 De
607 2358 716 2400 fastis
735 2357 869 2391 consul.
892 2357 1055 2400 antiquis
1074 2355 1112 2388 in
1134 2356 1257 2399 Leipz.
1280 2354 1383 2389 Stud.
1403 2353 1452 2387 IX
1478 2365 1514 2397 p.
1538 2356 1603 2386 183
1616 2363 1694 2395 sqq.

258 2418 291 2458 3)
318 2416 378 2450 Sic
411 2418 508 2461 (eum
534 2416 743 2451 Luebberto
776 2415 833 2450 De
858 2419 950 2461 flent.
980 2415 1124 2460 Quina.
1145 2418 1327 2449 comment.
1350 2413 1550 2448 domesticis
1582 2423 1616 2455 p.
1639 2414 1694 2444 20.

161 2470 219 2504 De
243 2481 276 2515 9.
297 2471 440 2505 Furiae
460 2481 486 2505 c.
509 2471 600 2505 dom.
627 2481 661 2514 p.
685 2472 719 2513 9)
747 2468 937 2503 Ciohorius
957 2480 992 2512 p.
1016 2471 1082 2502 259
1111 2478 1263 2502 causam
1288 2467 1445 2501 iteratae
1472 2463 1696 2499 narrationis

162 2523 277 2567 (apud
303 2523 449 2557 Liuium
476 2525 513 2557 et
539 2523 774 2567 Dionysium)
802 2523 847 2556 de
880 2522 1027 2556 seruato
1055 2521 1204 2556 consule
1230 2521 1409 2561 Romano,
1439 2521 1477 2553 et
1503 2519 1562 2562 Sp.
1585 2517 1694 2552 Furio

163 2588 196 2611 a.
223 2580 302 2611 464.
331 2580 398 2610 290
431 2588 452 2610 a
484 2576 523 2611 T.
552 2576 724 2618 Quinctio
757 2575 967 2619 Capitolino
1002 2577 1038 2609 et
1070 2574 1109 2609 L.
1136 2573 1301 2608 Minucio
1335 2584 1366 2607 a.
1394 2576 1473 2606 455.
1502 2575 1569 2605 296
1603 2582 1624 2604 a
1656 2570 1694 2603 L.

164 2629 335 2671 Quinctio
357 2630 589 2672 Cincinnato,
610 2629 812 2674 expediuit.
845 2640 931 2663 nam
953 2640 1035 2663 curn
1058 2627 1263 2662 ‘consulem
1284 2627 1330 2661 ab
1350 2626 1520 2660 hostibus
1541 2624 1695 2659 circum—

162 2684 317 2717 uentum
353 2683 564 2718 obsessione
600 2683 801 2717 liberatum
836 2693 915 2716 esse
952 2693 973 2715 a
1006 2680 1194 2723 Quinctio’
1229 2682 1267 2715 in
1303 2680 1466 2724 antiquis
1499 2677 1695 2713 annalibus

163 2737 405 2778 inuenissent,
431 2736 544 2780 idque
571 2737 729 2771 diuersis
756 2735 874 2778 annis,
903 2746 949 2769 ne
975 2737 1126 2779 gentem
1153 2734 1366 2776 Quinetiam
1392 2732 1512 2777 gloria
1538 2742 1605 2765 sua
1632 2741 1695 2763 ayn-

164 2801 324 2833 numque
350 2790 460 2825 rebus
486 2790 601 2835 gestis
628 2789 843 2834 spoliarent,
870 2788 989 2832 aliqui
1015 2788 1212 2833 scriptores
1240 2798 1283 2821 ex
1303 2798 1376 2821 uno
1397 2786 1489 2820 duos
1505 2783 1695 2826 Quinctios

165 2843 376 2878 effecerunt.
