2002 3342
185 370 252 399 305

184 417 253 459 ΞΕ

187 759 257 811 Q

186 818 255 849 450

287 185 364 224 13?
916 177 1172 218 RELIQVIAE

874 308 941 345 EX
971 305 1127 345 LIBRO
1157 306 1214 343 ΙΙΙ

346 392 473 450 29:³².
515 400 600 437 Le'n.
630 400 673 446 5),
696 398 768 445 14,
793 399 827 434 2.
880 396 1008 434 (ΤΛ-(11111
1041 394 1222 433 consules
1257 394 1295 432 L.
1323 394 1563 443 Postumius,
1597 393 1653 430 Ti.
1683 393 1804 431 Minu-

281 467 374 503 cius.
437 465 506 502 hos
543 462 725 501 consules
761 462 849 500 Piso
885 461 928 506 Q.
963 460 1078 499 Fabio
1118 465 1156 498 et.
1190 459 1229 497 P.
1262 459 1379 497 Decio
1418 460 1609 509 suggerit,
1647 458 1805 496 biennio

280 536 477 581 exempto,
512 543 587 579 quo
622 527 826 566 Claudium
854 526 1181 576 Volumniumque
1215 530 1253 563 et
1285 523 1509 562 Cornelium
1543 536 1629 562 cum
1662 523 1806 561 Marcio

280 595 461 634 consules
495 596 615 633 factos
649 592 893 632 tradidimus.
933 592 1173 629 memoriane
1213 590 1357 641 sugerit
1393 590 1434 627 in
1470 588 1675 627 annalibus
1714 587 1806 626 diri-

280 661 418 712 gendis
445 673 491 699 an
521 659 696 699 consulto
723 658 837 697 binos
865 656 1046 696 consules
1068 655 1184 694 salsos
1206 660 1312 693 ratus
1333 653 1656 704 transscenderit,
1679 655 1806 692 incer-

283 734 363 766 tum
392 732 461 765 est.

359 788 452 845 27,
488 793 582 830 Gell.
612 791 649 841 7,
669 790 707 828 9.
741 789 852 834 Quod
879 800 942 826 res
968 786 1177 826 uidebatur
1205 790 1423 824 memoratu
1451 785 1583 836 digna,
1612 797 1727 836 quam
1756 786 1809 823 se-

283 859 383 896 visse
412 845 478 895 Cn.
507 856 703 906 Flauium,
730 855 831 893 Anni
858 853 1001 904 filium,
1029 852 1193 890 aedilem
1221 850 1414 901 curulem,
1451 850 1491 889 L.
1512 850 1600 889 Piso
1627 852 1667 888 in
1694 851 1809 889 tertio

281 923 409 962 annali
444 923 620 973 scripsit,
653 933 775 971 eaque
812 932 875 958 res
907 930 1096 969 perquam
1129 930 1226 968 pure
1261 922 1298 955 et
1322 921 1490 955 uenuste
1515 921 1670 954 narrata
1701 928 1720 953 a
1747 915 1808 953 Pi-

281 1001 393 1039 sone,
420 988 548 1026 locum
574 988 693 1025 istum
721 991 845 1024 totum
871 985 948 1023 huc
975 996 1021 1022 ex
1043 983 1196 1021 Pisonis
1223 982 1354 1021 annali
1373 982 1705 1033 transposuimus:
1730 982 1809 1028 Cn„

282 1055 419 1105 inquit,
447 1053 616 1103 Flauius,
644 1057 754 1103 patre
780 1050 964 1089 libertino
992 1054 1118 1099 natus,
1146 1050 1337 1098 scripturn
1364 1047 1531 1086 faciebat
1558 1048 1670 1098 isque
1699 1048 1737 1085 in
1765 1059 1809 1084 eo

282 1126 458 1170 tempore
490 1117 606 1156 aedili
634 1116 761 1156 curuli
788 1114 1016 1167 apparebat,
1049 1127 1124 1165 quo
1153 1119 1328 1164 tempore
1362 1112 1507 1151 aediles
1534 1112 1808 1164 subrogantur,

281 1246 410 1291 patulo
437 1244 557 1290 posito
585 1246 691 1277 notos
718 1242 940 1288 ignotosque
966 1240 1105 1285 passim
1133 1240 1296 1274 aduenas
1323 1238 1362 1272 in
1382 1238 1586 1283 hospitium
1607 1239 1736 1273 ductos
1759 1239 1811 1273 fe-

281 1295 368 1328 runt
399 1296 436 1328 et
474 1304 556 1326 cum
595 1290 757 1325 inimicis
790 1300 938 1334 quoque
976 1287 1138 1333 benigne
1170 1299 1212 1321 ac
1245 1286 1400 1321 comiter
1431 1297 1615 1321 sermones
1650 1286 1811 1329 habitos,

281 1342 412 1386 iurgiis
439 1351 481 1375 ac
507 1339 637 1374 litibus
663 1338 930 1382 temperatum,
956 1335 1093 1370 uinctis
1120 1347 1266 1379 quoque
1293 1334 1446 1378 dempta
1471 1333 1510 1367 111
1536 1345 1597 1369 eos
1625 1334 1703 1368 dies
1729 1334 1810 1368 uin-

283 1389 382 1433 cula3
409 1387 583 1432 religioni
610 1386 744 1420 deinde
771 1385 895 1426 fuisse,
922 1383 1056 1428 quibus
1084 1394 1165 1417 eam
1192 1394 1300 1427 opem
1327 1382 1387 1416 dei
1408 1381 1592 1425 tulissent,
1619 1381 1763 1416 uinciri.

379 1437 442 1471 26.
472 1436 526 1478 Cf.
556 1437 753 1470 Mommsen
778 1431 955 1468 chronol.2
974 1443 1012 1476 p.
1035 1433 1105 1465 124
1130 1435 1202 1465 not.
1224 1432 1307 1465 222.

377 1484 442 1519 27.
477 1484 538 1519 Vel
569 1484 610 1517 in
643 1482 764 1517 uerbis
798 1480 1016 1524 quibusdam
1047 1479 1234 1523 conspirat
1264 1489 1345 1512 cnm
1379 1476 1496 1512 Gellio
1529 1477 1665 1512 Liuius
1697 1479 1736 1519 9,
1756 1480 1814 1519 46,

285 1536 412 1575 1-10,
439 1543 462 1566 α
488 1542 557 1575 qno
589 1531 697 1565 etiam
728 1533 841 1564 totum
867 1531 977 1572 caput
1001 1527 1281 1571 transscriptum
1309 1536 1380 1560 esse
1405 1536 1448 1559 eoe
1474 1525 1607 1559 Pisone
1633 1525 1815 1560 euincitnr

284 1581 405 1615 Plinii
429 1589 622 1619 consensu,
654 1588 757 1621 quem
788 1577 828 1610 in
860 1576 982 1610 eadem
1007 1586 1044 1608 re
1070 1573 1283 1617 exponenda
1309 1573 1442 1608 szsone
1473 1584 1579 1607 usum
1605 1583 1676 1607 esse
1700 1583 1816 1616 snpra

277 1641 317 1673 p.
334 1636 539 1662 CLXXXVIII
556 1625 894 1660 demonstrauimus.
927 1623 1013 1657 haec
1032 1622 1146 1667 igitur
1161 1622 1299 1656 Liuius
1319 1623 1379 1663 (eoe
1397 1631 1466 1664 quo
1485 1631 1554 1655 sua
1573 1621 1727 1664 sumpsit
1744 1620 1814 1654 Va-

283 1677 394 1711 lerius
410 1675 602 1709 Blaaeimns
621 1675 656 1711 2,
672 1675 704 1715 5,
717 1674 778 1715 2).·
804 1671 943 1705 Eodem
965 1680 1061 1704 anno
1083 1668 1144 1704 Cn⁴
1162 1668 1312 1702 Flauius
1333 1667 1394 1701 Cn.
1412 1667 1510 1701 filius
1532 1667 1664 1710 scriba,
1684 1669 1815 1711 patre

283 1722 508 1757 libertino
543 1719 677 1754 humili
713 1720 862 1754 fortuna
894 1719 1037 1758 ortus,
1074 1718 1237 1750 ceterum
1272 1714 1430 1749 callidus
1463 1715 1520 1748 uir
1551 1716 1588 1749 et
1622 1715 1814 1757 facundus,

284 1770 417 1805 aedilis
444 1768 582 1804 curulis
608 1767 691 1801 fuit.
730 1766 880 1801 inuenio
906 1765 944 1799 in
968 1764 1193 1808 quibusdam
1214 1762 1421 1805 annalibus,
1449 1773 1544 1796 curn
1570 1764 1814 1806 appareret

286 1817 517 1852 aedilibus
544 1815 697 1859 fierique
718 1825 755 1848 se
775 1824 840 1858 pro
861 1812 962 1847 tribu
983 1811 1144 1846 aedilem
1165 1810 1311 1845 uideret
1336 1821 1455 1853 neque
1479 1810 1626 1854 accipi
1646 1820 1814 1852 nomen,

285 1865 392 1910 quia
418 1865 639 1908 scriptum
660 1862 850 1903 faceret,
871 1859 1074 1894 tabulam
1104 1858 1312 1903 posuisse
1345 1859 1381 1891 et
1399 1858 1574 1892 iurasse
1601 1869 1644 1892 se
1671 1857 1814 1902 scrip-

285 1916 376 1948 tum
408 1923 494 1946 non
527 1911 762 1945 facturum.
809 1909 947 1954 <quem
980 1907 1173 1951 aliquanto
1206 1907 1293 1940 ante
1320 1905 1460 1940 desisse
1486 1905 1664 1949 scriptum
1692 1905 1815 1940 facere

287 1960 410 2005 arguit
434 1960 558 1994 Macer
584 1957 747 1992 Licinius
777 1957 838 2001 (fr.
862 1958 923 1999 159
956 1954 1150 1988 tribunatu
1183 1954 1270 1987 ante
1299 1955 1404 1997 gesto
1431 1952 1814 1996 triumuiratibusque‚

285 2010 466 2043 nocturno
493 2006 629 2048 altero,
657 2005 770 2039 altero
798 2002 965 2038 coloniae
992 2000 1270 2047 deducendae.)
1311 2002 1492 2044 ceterum,
1521 2000 1560 2034 id
1587 2000 1687 2044 quod
1714 2001 1815 2034 haud

288 2056 486 2100 discrepat,
513 2053 748 2089 contumacia
775 2051 952 2086 aduersus
979 2051 1255 2084 contemnentes
1274 2047 1528 2082 humilitatem
1548 2060 1653 2082 suam
1671 2048 1815 2083 nobiles

287 2103 463 2145 certauit3
490 2101 601 2136 ciuile
627 2101 683 2135 ius
710 2099 913 2143 repositum
945 2098 983 2132 in
1009 2096 1264 2142 penetralibus
1299 2095 1517 2140 pontificum
1544 2095 1738 2141 euulgauit
1762 2095 1816 2130 fa-

288 2153 437 2195 stosque
469 2150 568 2184 circa
594 2149 715 2183 forum
741 2148 780 2181 in
806 2146 890 2181 albo
917 2145 1126 2190 proposuit,
1155 2146 1198 2178 ut
1224 2144 1373 2188 quando
1399 2143 1483 2188 lege
1509 2143 1570 2188 agi
1595 2145 1721 2187 posset
1747 2143 1816 2178 sci-

287 2201 388 2234 retur
427 2199 488 2242 (cf.
518 2197 588 2232 Cic.
610 2208 680 2242 pro
707 2196 810 2230 Mur.
838 2197 902 2236 11,
920 2196 1004 2237 25);
1040 2192 1170 2227 aedem
1203 2191 1429 2226 Concordiae
1461 2191 1500 2224 in
1539 2201 1626 2225 area
1657 2190 1817 2225 Vulcani

289 2258 432 2281 summa
463 2244 609 2280 inuidia
640 2243 825 2278 nobilium
856 2240 1063 2283 dedicauit3
1104 2240 1326 2283 coactusque
1359 2249 1538 2273 consensu
1570 2238 1699 2283 populi
1733 2238 1817 2274 Cor-

380 2366 457 2421 26,
488 2374 508 2408 1
548 2371 575 2408 t.
602 2368 793 2405 minutius
830 2361 910 2417 (nel
945 2367 984 2403 et
1019 2359 1130 2415 min.)
1167 2364 1256 2402 libre?
1291 2375 1385 2401 corr.
1418 2362 1600 2411 Sicyonius
1631 2375 1699 2400 sec.
1726 2363 1816 2410 fast.

294 2431 416 2479 Capit.
444 2433 475 2467 et
502 2428 662 2466 Diodor.
689 2428 758 2471 20,
779 2427 848 2470 81,
871 2429 893 2462 1
1018 2427 1041 2461 4
1075 2425 1313 2461 memoriane
1345 2425 1416 2462 uei.
1439 2423 1523 2460 edz‘t.
1556 2423 1817 2460 memoriaene

290 2486 436 2542 (-riene
455 2484 566 2541 Par.)
593 2488 699 2525 Med.
714 2486 823 2523 Lcicl.
840 2485 954 2522 Harl.
983 2484 1262 2521 inemoriamne
1282 2481 1500 2529 Alschefski
1520 2494 1537 2519 c
1557 2482 1634 2519 cod.
1659 2481 1816 2520 Gacrtn.

291 2549 530 2587 memoriane
556 2548 727 2585 defuerit
752 2546 796 2583 ci.
816 2544 998 2591 Madnz'y,
1026 2543 1231 2580 euanuerit
1255 2542 1418 2590 Seyffert

381 2604 457 2646 27.
484 2608 569 2645 Hoc
589 2608 704 2654 capnt
724 2617 767 2643 eac
781 2604 933 2642 Hermi
952 2603 1061 2640 libris
1073 2603 1178 2640 solus
1192 2600 1443 2649 V(atieanns)
1463 2601 1583 2638 habet.
1647 2602 1670 2638 8
1692 2596 1817 2651 Anni]

291 2669 345 2706 sic
369 2679 516 2714 semper
543 2667 580 2704 V
608 2666 740 2703 Ancus
759 2666 875 2712 pater
900 2663 1125 2700 nominatur
1151 2663 1265 2699 etiam
1291 2673 1315 2698 a
1334 2660 1463 2698 Plinio
1490 2663 1523 2698 et
1545 2660 1723 2698 Cicerone
1748 2659 1820 2706 (ad

292 2727 371 2765 Art.
386 2729 422 2771 6,
439 2730 475 2771 1,
489 2724 559 2773 8);
579 2725 686 2773 apud
703 2724 867 2761 Liuium
886 2722 1081 2769 scriptum
1102 2716 1246 2772 (Gnaei
1259 2715 1305 2772 f.)
1326 2720 1446 2757 dubia
1466 2723 1528 2758 est.
1554 2720 1634 2757 md.
1648 2719 1818 2757 Momm-

290 2799 357 2825 sen
384 2786 428 2823 R.
449 2786 490 2824 F.
517 2786 546 2822 I
561 2798 602 2832 μ
625 2787 681 2821 47
694 2796 747 2831 sq.
873 2783 927 2819 10
959 2781 1062 2818 hunc
1091 2780 1127 2817 V
1246 2782 1295 2818 11
1332 2778 1461 2817 flauus
1489 2779 1525 2816 V
1551 2781 1639 2817 ante
1663 2790 1759 2817 corr.

292 2841 423 2896 patre]
450 2841 524 2894 pai
552 2844 588 2881 V
708 2843 759 2880 12
788 2841 903 2879 curili
931 2840 966 2878 V

1838 983 1870 1008 10
